{
  "symbol": "MNST",
  "statement": "ic",
  "frequency": "annual",
  "timestamp": "2025-09-19T14:04:16.988752",
  "data": {
    "financials": [
      {
        "costOfGoodsSold": 3443.831,
        "depreciationAmortization": 1.874,
        "dilutedAverageSharesOutstanding": 1013.107,
        "dilutedEPS": 1.4895,
        "ebit": 2057.394,
        "grossIncome": 4048.878,
        "interestExpense": 27.9,
        "interestIncomeExpense": 59.165,
        "netIncome": 1509.048,
        "netIncomeAfterTaxes": 1509.048,
        "nonRecurringItems": -127.1,
        "otherOperatingExpensesTotal": 909.788,
        "period": "2024-12-31",
        "pretaxIncome": 1989.459,
        "provisionforIncomeTaxes": 480.411,
        "revenue": 7492.709,
        "sgaExpense": 1079.822,
        "totalOperatingExpense": 1991.484,
        "year": 2024
      },
      {
        "costOfGoodsSold": 3345.821,
        "depreciationAmortization": 1.259,
        "dilutedAverageSharesOutstanding": 1057.981,
        "dilutedEPS": 1.5416,
        "ebit": 1992.055,
        "grossIncome": 3794.206,
        "interestExpense": 0.255,
        "interestIncomeExpense": 69.727,
        "netIncome": 1630.988,
        "netIncomeAfterTaxes": 1630.988,
        "nonRecurringItems": 6.7,
        "otherOperatingExpensesTotal": 813.412,
        "period": "2023-12-31",
        "pretaxIncome": 2068.482,
        "provisionforIncomeTaxes": 437.494,
        "revenue": 7140.027,
        "sgaExpense": 987.48,
        "totalOperatingExpense": 1802.151,
        "year": 2023
      },
      {
        "costOfGoodsSold": 3136.5,
        "depreciationAmortization": 0.5,
        "dilutedAverageSharesOutstanding": 1066.4,
        "dilutedEPS": 1.12,
        "ebit": 1586.9,
        "grossIncome": 3174.6,
        "interestExpense": 0.024,
        "interestIncomeExpense": -12.8,
        "netIncome": 1191.6,
        "netIncomeAfterTaxes": 1191.6,
        "nonRecurringItems": -2.2,
        "otherOperatingExpensesTotal": 736.4,
        "period": "2022-12-31",
        "pretaxIncome": 1572,
        "provisionforIncomeTaxes": 380.3,
        "revenue": 6311.1,
        "sgaExpense": 850.7,
        "totalOperatingExpense": 1587.6,
        "year": 2022
      },
      {
        "costOfGoodsSold": 2432.8,
        "depreciationAmortization": 0.5,
        "dilutedAverageSharesOutstanding": 535.6,
        "dilutedEPS": 2.57,
        "ebit": 1802.8,
        "grossIncome": 3108.5,
        "interestExpense": 0.019,
        "interestIncomeExpense": 4,
        "netIncome": 1377.5,
        "netIncomeAfterTaxes": 1377.5,
        "nonRecurringItems": -5.3,
        "otherOperatingExpensesTotal": 530.7,
        "period": "2021-12-31",
        "pretaxIncome": 1801.4,
        "provisionforIncomeTaxes": 423.9,
        "revenue": 5541.4,
        "sgaExpense": 774.5,
        "totalOperatingExpense": 1305.8,
        "year": 2021
      },
      {
        "costOfGoodsSold": 1944.7,
        "depreciationAmortization": 0.6,
        "dilutedAverageSharesOutstanding": 534.8,
        "dilutedEPS": 2.64,
        "ebit": 1642.1,
        "grossIncome": 2654,
        "interestExpense": 0.039,
        "interestIncomeExpense": -7,
        "netIncome": 1409.6,
        "netIncomeAfterTaxes": 1409.6,
        "nonRecurringItems": -8.9,
        "otherOperatingExpensesTotal": 421.7,
        "period": "2020-12-31",
        "pretaxIncome": 1626.2,
        "provisionforIncomeTaxes": 216.6,
        "revenue": 4598.6,
        "sgaExpense": 589.6,
        "totalOperatingExpense": 1011.9,
        "year": 2020
      },
      {
        "costOfGoodsSold": 1745.6,
        "depreciationAmortization": 0.4,
        "dilutedAverageSharesOutstanding": 546.6,
        "dilutedEPS": 2.03,
        "ebit": 1414.2,
        "grossIncome": 2455.2,
        "interestExpense": 0.056,
        "interestIncomeExpense": 13,
        "netIncome": 1107.8,
        "netIncomeAfterTaxes": 1107.8,
        "nonRecurringItems": -11.3,
        "otherOperatingExpensesTotal": 415.5,
        "period": "2019-12-31",
        "pretaxIncome": 1416,
        "provisionforIncomeTaxes": 308.1,
        "revenue": 4200.8,
        "sgaExpense": 625,
        "totalOperatingExpense": 1041,
        "year": 2019
      },
      {
        "costOfGoodsSold": 1568.9,
        "dilutedAverageSharesOutstanding": 1128.5,
        "dilutedEPS": 0.88,
        "ebit": 1310.2,
        "grossIncome": 2238.3,
        "interestIncomeExpense": 9.7,
        "netIncome": 993,
        "netIncomeAfterTaxes": 994.8,
        "nonRecurringItems": -26.6,
        "otherOperatingExpensesTotal": 396.8,
        "period": "2018-12-31",
        "pretaxIncome": 1293.3,
        "provisionforIncomeTaxes": 298.5,
        "revenue": 3807.2,
        "sgaExpense": 531.3,
        "totalOperatingExpense": 928.1,
        "year": 2018
      },
      {
        "costOfGoodsSold": 1283.7,
        "dilutedAverageSharesOutstanding": 1154.3,
        "dilutedEPS": 0.71,
        "ebit": 1234.2,
        "grossIncome": 2085.4,
        "interestIncomeExpense": 2.8,
        "netIncome": 820.7,
        "netIncomeAfterTaxes": 862.6,
        "nonRecurringItems": -35.4,
        "otherOperatingExpensesTotal": 365.4,
        "period": "2017-12-31",
        "pretaxIncome": 1201.6,
        "provisionforIncomeTaxes": 339,
        "revenue": 3369,
        "sgaExpense": 485.8,
        "totalOperatingExpense": 851.2,
        "year": 2017
      },
      {
        "costOfGoodsSold": 1153.2,
        "dilutedAverageSharesOutstanding": 1199.6,
        "dilutedEPS": 0.59,
        "ebit": 1165.1,
        "grossIncome": 1896.2,
        "interestIncomeExpense": -5.7,
        "netIncome": 712.7,
        "netIncomeAfterTaxes": 712.7,
        "nonRecurringItems": -79.8,
        "otherOperatingExpensesTotal": 306,
        "period": "2016-12-31",
        "pretaxIncome": 1079.7,
        "provisionforIncomeTaxes": 367,
        "revenue": 3049.4,
        "sgaExpense": 425.1,
        "totalOperatingExpense": 731.1,
        "year": 2016
      },
      {
        "costOfGoodsSold": 1123,
        "dilutedAverageSharesOutstanding": 1155.5,
        "dilutedEPS": 0.47,
        "ebit": 956.2,
        "grossIncome": 1599.6,
        "interestIncomeExpense": -2.1,
        "netIncome": 546.7,
        "netIncomeAfterTaxes": 546.7,
        "nonRecurringItems": -62.5,
        "otherOperatingExpensesTotal": 288.8,
        "period": "2015-12-31",
        "pretaxIncome": 891.5,
        "provisionforIncomeTaxes": 344.8,
        "revenue": 2722.6,
        "sgaExpense": 354.6,
        "totalOperatingExpense": 643.4,
        "year": 2015
      }
    ],
    "symbol": "MNST"
  }
}