{
  "symbol": "ZBRA",
  "statement": "ic",
  "frequency": "quarterly",
  "timestamp": "2025-09-19T14:09:07.685619",
  "data": {
    "financials": [
      {
        "costOfGoodsSold": 677,
        "depreciationAmortization": 25,
        "dilutedAverageSharesOutstanding": 51.2823,
        "dilutedEPS": 2.184,
        "ebit": 187,
        "grossIncome": 616,
        "interestIncomeExpense": -36,
        "netIncome": 112,
        "netIncomeAfterTaxes": 112,
        "nonRecurringItems": -4,
        "period": "2025-06-28",
        "pretaxIncome": 138,
        "provisionforIncomeTaxes": 26,
        "researchDevelopment": 144,
        "revenue": 1293,
        "sgaExpense": 260,
        "totalOperatingExpense": 429,
        "totalOtherIncomeExpenseNet": -9
      },
      {
        "costOfGoodsSold": 663,
        "depreciationAmortization": 24,
        "dilutedAverageSharesOutstanding": 51.8066,
        "dilutedEPS": 2.6252,
        "ebit": 198,
        "grossIncome": 645,
        "interestIncomeExpense": -28,
        "netIncome": 136,
        "netIncomeAfterTaxes": 136,
        "nonRecurringItems": -3,
        "period": "2025-03-29",
        "pretaxIncome": 165,
        "provisionforIncomeTaxes": 29,
        "researchDevelopment": 151,
        "revenue": 1308,
        "sgaExpense": 272,
        "totalOperatingExpense": 447,
        "totalOtherIncomeExpenseNet": -2
      },
      {
        "costOfGoodsSold": 686,
        "depreciationAmortization": 24,
        "dilutedAverageSharesOutstanding": 51.9821,
        "dilutedEPS": 3.1357,
        "ebit": 228,
        "grossIncome": 648,
        "interestIncomeExpense": -16,
        "netIncome": 163,
        "netIncomeAfterTaxes": 163,
        "nonRecurringItems": -3,
        "period": "2024-12-31",
        "pretaxIncome": 208,
        "provisionforIncomeTaxes": 45,
        "researchDevelopment": 138,
        "revenue": 1334,
        "sgaExpense": 258,
        "totalOperatingExpense": 420,
        "totalOtherIncomeExpenseNet": -1
      },
      {
        "costOfGoodsSold": 642,
        "depreciationAmortization": 29,
        "dilutedAverageSharesOutstanding": 51.9181,
        "dilutedEPS": 2.6388,
        "ebit": 196,
        "grossIncome": 613,
        "interestIncomeExpense": -40,
        "netIncome": 137,
        "netIncomeAfterTaxes": 137,
        "nonRecurringItems": -5,
        "period": "2024-09-28",
        "pretaxIncome": 149,
        "provisionforIncomeTaxes": 12,
        "researchDevelopment": 141,
        "revenue": 1255,
        "sgaExpense": 247,
        "totalOperatingExpense": 417,
        "totalOtherIncomeExpenseNet": -2
      },
      {
        "costOfGoodsSold": 628,
        "depreciationAmortization": 25,
        "dilutedAverageSharesOutstanding": 51.8303,
        "dilutedEPS": 2.1802,
        "ebit": 171,
        "grossIncome": 589,
        "interestIncomeExpense": -23,
        "netIncome": 113,
        "netIncomeAfterTaxes": 113,
        "nonRecurringItems": -4,
        "period": "2024-06-29",
        "pretaxIncome": 136,
        "provisionforIncomeTaxes": 23,
        "researchDevelopment": 146,
        "revenue": 1217,
        "sgaExpense": 247,
        "totalOperatingExpense": 418,
        "totalOtherIncomeExpenseNet": -8
      },
      {
        "costOfGoodsSold": 612,
        "depreciationAmortization": 26,
        "dilutedAverageSharesOutstanding": 51.7905,
        "dilutedEPS": 2.2205,
        "ebit": 170,
        "grossIncome": 563,
        "interestIncomeExpense": -14,
        "netIncome": 115,
        "netIncomeAfterTaxes": 115,
        "nonRecurringItems": -11,
        "period": "2024-03-30",
        "pretaxIncome": 142,
        "provisionforIncomeTaxes": 27,
        "researchDevelopment": 138,
        "revenue": 1175,
        "sgaExpense": 229,
        "totalOperatingExpense": 393,
        "totalOtherIncomeExpenseNet": -3
      },
      {
        "costOfGoodsSold": 561,
        "depreciationAmortization": 26,
        "dilutedAverageSharesOutstanding": 51.6907,
        "dilutedEPS": 0.3289,
        "ebit": 92,
        "grossIncome": 448,
        "interestIncomeExpense": -68,
        "netIncome": 17,
        "netIncomeAfterTaxes": 17,
        "nonRecurringItems": -18,
        "period": "2023-12-31",
        "pretaxIncome": 2,
        "provisionforIncomeTaxes": -15,
        "researchDevelopment": 116,
        "revenue": 1009,
        "sgaExpense": 214,
        "totalOperatingExpense": 356,
        "totalOtherIncomeExpenseNet": -4
      },
      {
        "costOfGoodsSold": 529,
        "depreciationAmortization": 26,
        "dilutedAverageSharesOutstanding": 51.3,
        "dilutedEPS": -0.29,
        "ebit": 48,
        "grossIncome": 427,
        "interestIncomeExpense": -10,
        "netIncome": -15,
        "netIncomeAfterTaxes": -15,
        "nonRecurringItems": -60,
        "period": "2023-09-30",
        "pretaxIncome": -24,
        "provisionforIncomeTaxes": -9,
        "researchDevelopment": 127,
        "revenue": 956,
        "sgaExpense": 226,
        "totalOperatingExpense": 379,
        "totalOtherIncomeExpenseNet": -2
      },
      {
        "costOfGoodsSold": 633,
        "depreciationAmortization": 26,
        "dilutedAverageSharesOutstanding": 51.7,
        "dilutedEPS": 2.78,
        "ebit": 210,
        "grossIncome": 581,
        "interestIncomeExpense": -21,
        "netIncome": 144,
        "netIncomeAfterTaxes": 144,
        "nonRecurringItems": -16,
        "period": "2023-07-01",
        "pretaxIncome": 171,
        "provisionforIncomeTaxes": 27,
        "researchDevelopment": 130,
        "revenue": 1214,
        "sgaExpense": 215,
        "totalOperatingExpense": 371,
        "totalOtherIncomeExpenseNet": -2
      },
      {
        "costOfGoodsSold": 738,
        "depreciationAmortization": 26,
        "dilutedAverageSharesOutstanding": 51.7,
        "dilutedEPS": 2.9,
        "ebit": 235,
        "grossIncome": 667,
        "interestIncomeExpense": -36,
        "netIncome": 150,
        "netIncomeAfterTaxes": 150,
        "nonRecurringItems": -10,
        "period": "2023-04-01",
        "pretaxIncome": 185,
        "provisionforIncomeTaxes": 35,
        "researchDevelopment": 146,
        "revenue": 1405,
        "sgaExpense": 260,
        "totalOperatingExpense": 432,
        "totalOtherIncomeExpenseNet": -4
      },
      {
        "costOfGoodsSold": 818,
        "depreciationAmortization": 29,
        "dilutedAverageSharesOutstanding": 52,
        "dilutedEPS": 3.58,
        "ebit": 272,
        "grossIncome": 685,
        "interestIncomeExpense": -33,
        "netIncome": 186,
        "netIncomeAfterTaxes": 186,
        "nonRecurringItems": -12,
        "period": "2022-12-31",
        "pretaxIncome": 225,
        "provisionforIncomeTaxes": 39,
        "researchDevelopment": 142,
        "revenue": 1503,
        "sgaExpense": 242,
        "totalOperatingExpense": 413,
        "totalOtherIncomeExpenseNet": -2
      },
      {
        "costOfGoodsSold": 750,
        "depreciationAmortization": 39,
        "dilutedAverageSharesOutstanding": 52.2,
        "dilutedEPS": 3.26,
        "ebit": 205,
        "grossIncome": 628,
        "interestIncomeExpense": 21,
        "netIncome": 170,
        "netIncomeAfterTaxes": 170,
        "nonRecurringItems": -3,
        "period": "2022-10-01",
        "pretaxIncome": 222,
        "provisionforIncomeTaxes": 52,
        "researchDevelopment": 143,
        "revenue": 1378,
        "sgaExpense": 241,
        "totalOperatingExpense": 423,
        "totalOtherIncomeExpenseNet": -1
      },
      {
        "costOfGoodsSold": 794,
        "depreciationAmortization": 35,
        "dilutedAverageSharesOutstanding": 52.1,
        "dilutedEPS": -1.88,
        "ebit": 243,
        "grossIncome": 674,
        "interestIncomeExpense": -6,
        "netIncome": -98,
        "netIncomeAfterTaxes": -98,
        "nonRecurringItems": -388,
        "period": "2022-07-02",
        "pretaxIncome": -153,
        "provisionforIncomeTaxes": -55,
        "researchDevelopment": 148,
        "revenue": 1468,
        "sgaExpense": 248,
        "totalOperatingExpense": 431,
        "totalOtherIncomeExpenseNet": -2
      },
      {
        "costOfGoodsSold": 795,
        "depreciationAmortization": 33,
        "dilutedAverageSharesOutstanding": 53.4,
        "dilutedEPS": 3.84,
        "ebit": 216,
        "grossIncome": 637,
        "interestIncomeExpense": 38,
        "netIncome": 205,
        "netIncomeAfterTaxes": 205,
        "nonRecurringItems": -4,
        "period": "2022-04-02",
        "pretaxIncome": 250,
        "provisionforIncomeTaxes": 45,
        "researchDevelopment": 137,
        "revenue": 1432,
        "sgaExpense": 251,
        "totalOperatingExpense": 421
      },
      {
        "costOfGoodsSold": 798,
        "depreciationAmortization": 34,
        "dilutedAverageSharesOutstanding": 53.9,
        "dilutedEPS": 3.55,
        "ebit": 244,
        "grossIncome": 669,
        "interestIncomeExpense": 3,
        "netIncome": 191,
        "netIncomeAfterTaxes": 191,
        "nonRecurringItems": -21,
        "period": "2021-12-31",
        "pretaxIncome": 226,
        "provisionforIncomeTaxes": 35,
        "researchDevelopment": 145,
        "revenue": 1467,
        "sgaExpense": 246,
        "totalOperatingExpense": 425,
        "totalOtherIncomeExpenseNet": 0
      },
      {
        "costOfGoodsSold": 790,
        "depreciationAmortization": 29,
        "dilutedAverageSharesOutstanding": 53.9,
        "dilutedEPS": 3.69,
        "ebit": 243,
        "grossIncome": 646,
        "interestIncomeExpense": -9,
        "netIncome": 199,
        "netIncomeAfterTaxes": 199,
        "nonRecurringItems": -6,
        "period": "2021-10-02",
        "pretaxIncome": 228,
        "provisionforIncomeTaxes": 29,
        "researchDevelopment": 141,
        "revenue": 1436,
        "sgaExpense": 233,
        "totalOperatingExpense": 403,
        "totalOtherIncomeExpenseNet": 0
      },
      {
        "costOfGoodsSold": 719,
        "depreciationAmortization": 26,
        "dilutedAverageSharesOutstanding": 53.9,
        "dilutedEPS": 4.06,
        "ebit": 251,
        "grossIncome": 658,
        "interestIncomeExpense": -8,
        "netIncome": 219,
        "netIncomeAfterTaxes": 219,
        "nonRecurringItems": -4,
        "period": "2021-07-03",
        "pretaxIncome": 238,
        "provisionforIncomeTaxes": 19,
        "researchDevelopment": 141,
        "revenue": 1377,
        "sgaExpense": 240,
        "totalOperatingExpense": 407,
        "totalOtherIncomeExpenseNet": -1
      },
      {
        "costOfGoodsSold": 692,
        "depreciationAmortization": 26,
        "dilutedAverageSharesOutstanding": 54,
        "dilutedEPS": 4.23,
        "ebit": 273,
        "grossIncome": 655,
        "interestIncomeExpense": 4,
        "netIncome": 228,
        "netIncomeAfterTaxes": 228,
        "nonRecurringItems": -1,
        "period": "2021-04-03",
        "pretaxIncome": 276,
        "provisionforIncomeTaxes": 48,
        "researchDevelopment": 140,
        "revenue": 1347,
        "sgaExpense": 216,
        "totalOperatingExpense": 382
      },
      {
        "costOfGoodsSold": 690,
        "depreciationAmortization": 26,
        "dilutedAverageSharesOutstanding": 53.8,
        "dilutedEPS": 3.7,
        "ebit": 237,
        "grossIncome": 618,
        "interestExpense": 7,
        "interestIncomeExpense": -10,
        "netIncome": 199,
        "netIncomeAfterTaxes": 199,
        "nonRecurringItems": -6,
        "period": "2020-12-31",
        "pretaxIncome": 216,
        "provisionforIncomeTaxes": 17,
        "researchDevelopment": 137,
        "revenue": 1308,
        "sgaExpense": 218,
        "totalOperatingExpense": 381,
        "totalOtherIncomeExpenseNet": -5
      },
      {
        "costOfGoodsSold": 639,
        "depreciationAmortization": 20,
        "dilutedAverageSharesOutstanding": 53.7,
        "dilutedEPS": 2.16,
        "ebit": 170,
        "grossIncome": 493,
        "interestExpense": 6,
        "interestIncomeExpense": -13,
        "netIncome": 116,
        "netIncomeAfterTaxes": 116,
        "nonRecurringItems": -20,
        "period": "2020-09-26",
        "pretaxIncome": 138,
        "provisionforIncomeTaxes": 22,
        "researchDevelopment": 113,
        "revenue": 1132,
        "sgaExpense": 190,
        "totalOperatingExpense": 323,
        "totalOtherIncomeExpenseNet": 1
      },
      {
        "costOfGoodsSold": 537,
        "depreciationAmortization": 16,
        "dilutedAverageSharesOutstanding": 53.7,
        "dilutedEPS": 1.86,
        "ebit": 122,
        "grossIncome": 419,
        "interestExpense": 7,
        "interestIncomeExpense": -16,
        "netIncome": 100,
        "netIncomeAfterTaxes": 100,
        "nonRecurringItems": -3,
        "period": "2020-06-27",
        "pretaxIncome": 103,
        "provisionforIncomeTaxes": 3,
        "researchDevelopment": 98,
        "revenue": 956,
        "sgaExpense": 183,
        "totalOperatingExpense": 297
      },
      {
        "costOfGoodsSold": 579,
        "depreciationAmortization": 16,
        "dilutedAverageSharesOutstanding": 54.3,
        "dilutedEPS": 1.64,
        "ebit": 156,
        "grossIncome": 473,
        "interestExpense": 10,
        "interestIncomeExpense": -48,
        "netIncome": 89,
        "netIncomeAfterTaxes": 89,
        "nonRecurringItems": -5,
        "period": "2020-03-28",
        "pretaxIncome": 103,
        "provisionforIncomeTaxes": 14,
        "researchDevelopment": 105,
        "revenue": 1052,
        "sgaExpense": 196,
        "totalOperatingExpense": 317,
        "totalOtherIncomeExpenseNet": 0
      },
      {
        "costOfGoodsSold": 648,
        "depreciationAmortization": 19,
        "dilutedAverageSharesOutstanding": 54,
        "dilutedEPS": 3.13,
        "ebit": 198,
        "grossIncome": 544,
        "interestExpense": 12,
        "interestIncomeExpense": -8,
        "netIncome": 169,
        "netIncomeAfterTaxes": 169,
        "nonRecurringItems": -10,
        "period": "2019-12-31",
        "pretaxIncome": 179,
        "provisionforIncomeTaxes": 10,
        "researchDevelopment": 118,
        "revenue": 1192,
        "sgaExpense": 209,
        "totalOperatingExpense": 346,
        "totalOtherIncomeExpenseNet": -1
      },
      {
        "costOfGoodsSold": 595,
        "depreciationAmortization": 26,
        "dilutedAverageSharesOutstanding": 54.6,
        "dilutedEPS": 2.49,
        "ebit": 197,
        "grossIncome": 535,
        "interestExpense": 24,
        "interestIncomeExpense": -26,
        "netIncome": 136,
        "netIncomeAfterTaxes": 136,
        "nonRecurringItems": -12,
        "period": "2019-09-28",
        "pretaxIncome": 159,
        "provisionforIncomeTaxes": 23,
        "researchDevelopment": 110,
        "revenue": 1130,
        "sgaExpense": 202,
        "totalOperatingExpense": 338,
        "totalOtherIncomeExpenseNet": 0
      },
      {
        "costOfGoodsSold": 577,
        "depreciationAmortization": 30,
        "dilutedAverageSharesOutstanding": 54,
        "dilutedEPS": 2.3,
        "ebit": 165,
        "grossIncome": 520,
        "interestExpense": 18,
        "interestIncomeExpense": -34,
        "netIncome": 124,
        "netIncomeAfterTaxes": 124,
        "nonRecurringItems": -5,
        "period": "2019-06-29",
        "pretaxIncome": 129,
        "provisionforIncomeTaxes": 5,
        "researchDevelopment": 108,
        "revenue": 1097,
        "sgaExpense": 217,
        "totalOperatingExpense": 355,
        "totalOtherIncomeExpenseNet": 3
      },
      {
        "costOfGoodsSold": 565,
        "depreciationAmortization": 28,
        "dilutedAverageSharesOutstanding": 53.9,
        "dilutedEPS": 2.13,
        "ebit": 164,
        "grossIncome": 501,
        "interestExpense": 16,
        "interestIncomeExpense": -27,
        "netIncome": 115,
        "netIncomeAfterTaxes": 115,
        "nonRecurringItems": -5,
        "period": "2019-03-30",
        "pretaxIncome": 131,
        "provisionforIncomeTaxes": 16,
        "researchDevelopment": 111,
        "revenue": 1066,
        "sgaExpense": 198,
        "totalOperatingExpense": 337,
        "totalOtherIncomeExpenseNet": -1
      },
      {
        "costOfGoodsSold": 598,
        "depreciationAmortization": 26,
        "dilutedAverageSharesOutstanding": 54.5,
        "dilutedEPS": 2.11,
        "ebit": 181,
        "grossIncome": 539,
        "interestExpense": 23,
        "interestIncomeExpense": -39,
        "netIncome": 115,
        "netIncomeAfterTaxes": 115,
        "nonRecurringItems": -2,
        "period": "2018-12-31",
        "pretaxIncome": 148,
        "provisionforIncomeTaxes": 33,
        "researchDevelopment": 121,
        "revenue": 1137,
        "sgaExpense": 211,
        "totalOperatingExpense": 358,
        "totalOtherIncomeExpenseNet": 8
      },
      {
        "costOfGoodsSold": 587,
        "depreciationAmortization": 25,
        "dilutedAverageSharesOutstanding": 54.4,
        "dilutedEPS": 2.33,
        "ebit": 172,
        "grossIncome": 505,
        "interestExpense": 24,
        "interestIncomeExpense": -19,
        "netIncome": 127,
        "netIncomeAfterTaxes": 117,
        "nonRecurringItems": -10,
        "period": "2018-09-29",
        "pretaxIncome": 143,
        "provisionforIncomeTaxes": 26,
        "researchDevelopment": 113,
        "revenue": 1092,
        "sgaExpense": 195,
        "totalOperatingExpense": 333,
        "totalOtherIncomeExpenseNet": 0
      },
      {
        "costOfGoodsSold": 540,
        "depreciationAmortization": 23,
        "dilutedAverageSharesOutstanding": 54.3,
        "dilutedEPS": 1.28,
        "ebit": 126,
        "grossIncome": 472,
        "interestExpense": 28,
        "interestIncomeExpense": -27,
        "netIncome": 70,
        "netIncomeAfterTaxes": 78,
        "nonRecurringItems": -1,
        "period": "2018-06-30",
        "pretaxIncome": 100,
        "provisionforIncomeTaxes": 22,
        "researchDevelopment": 109,
        "revenue": 1012,
        "sgaExpense": 214,
        "totalOperatingExpense": 346,
        "totalOtherIncomeExpenseNet": 2
      },
      {
        "costOfGoodsSold": 512,
        "depreciationAmortization": 23,
        "dilutedAverageSharesOutstanding": 54,
        "dilutedEPS": 2.02,
        "ebit": 150,
        "grossIncome": 465,
        "interestExpense": 24,
        "interestIncomeExpense": -11,
        "netIncome": 109,
        "netIncomeAfterTaxes": 109,
        "nonRecurringItems": -6,
        "period": "2018-03-31",
        "pretaxIncome": 133,
        "provisionforIncomeTaxes": 24,
        "researchDevelopment": 101,
        "revenue": 977,
        "sgaExpense": 191,
        "totalOperatingExpense": 315
      },
      {
        "costOfGoodsSold": 557,
        "depreciationAmortization": 33,
        "dilutedAverageSharesOutstanding": 53.9,
        "dilutedEPS": 0.07,
        "ebit": 139,
        "grossIncome": 469,
        "interestExpense": 51,
        "interestIncomeExpense": -54,
        "netIncome": 4,
        "netIncomeAfterTaxes": 76,
        "nonRecurringItems": -6,
        "period": "2017-12-31",
        "pretaxIncome": 78,
        "provisionforIncomeTaxes": 2,
        "researchDevelopment": 98,
        "revenue": 1026,
        "sgaExpense": 199,
        "totalOperatingExpense": 330,
        "totalOtherIncomeExpenseNet": -1
      },
      {
        "costOfGoodsSold": 506,
        "depreciationAmortization": 49,
        "dilutedAverageSharesOutstanding": 52.2,
        "dilutedEPS": -0.23,
        "ebit": 100,
        "grossIncome": 429,
        "interestExpense": 95,
        "interestIncomeExpense": -94,
        "netIncome": -12,
        "netIncomeAfterTaxes": -12,
        "nonRecurringItems": -9,
        "period": "2017-09-30",
        "pretaxIncome": -7,
        "provisionforIncomeTaxes": 5,
        "researchDevelopment": 96,
        "revenue": 935,
        "sgaExpense": 184,
        "totalOperatingExpense": 329,
        "totalOtherIncomeExpenseNet": -4
      },
      {
        "costOfGoodsSold": 485,
        "depreciationAmortization": 52,
        "dilutedAverageSharesOutstanding": 53.1,
        "dilutedEPS": 0.32,
        "ebit": 78,
        "grossIncome": 411,
        "interestExpense": 40,
        "interestIncomeExpense": -38,
        "netIncome": 17,
        "netIncomeAfterTaxes": 17,
        "nonRecurringItems": -20,
        "period": "2017-07-01",
        "pretaxIncome": 19,
        "provisionforIncomeTaxes": 2,
        "researchDevelopment": 99,
        "revenue": 896,
        "sgaExpense": 182,
        "totalOperatingExpense": 333,
        "totalOtherIncomeExpenseNet": -1
      },
      {
        "costOfGoodsSold": 464,
        "depreciationAmortization": 50,
        "dilutedAverageSharesOutstanding": 52.9,
        "dilutedEPS": 0.15,
        "ebit": 71,
        "grossIncome": 401,
        "interestExpense": 41,
        "interestIncomeExpense": -42,
        "netIncome": 8,
        "netIncomeAfterTaxes": 8,
        "nonRecurringItems": -31,
        "period": "2017-04-01",
        "pretaxIncome": -2,
        "provisionforIncomeTaxes": -10,
        "researchDevelopment": 96,
        "revenue": 865,
        "sgaExpense": 184,
        "totalOperatingExpense": 330,
        "totalOtherIncomeExpenseNet": 0
      },
      {
        "costOfGoodsSold": 510,
        "depreciationAmortization": 51,
        "dilutedAverageSharesOutstanding": 51.8,
        "dilutedEPS": 0.33,
        "ebit": 100,
        "grossIncome": 432,
        "interestExpense": 48,
        "interestIncomeExpense": -49,
        "netIncome": 17,
        "netIncomeAfterTaxes": 17,
        "nonRecurringItems": -29,
        "period": "2016-12-31",
        "pretaxIncome": 20,
        "provisionforIncomeTaxes": 3,
        "researchDevelopment": 92,
        "revenue": 942,
        "sgaExpense": 189,
        "totalOperatingExpense": 332,
        "totalOtherIncomeExpenseNet": -2
      },
      {
        "costOfGoodsSold": 490,
        "depreciationAmortization": 59,
        "dilutedAverageSharesOutstanding": 51.7,
        "dilutedEPS": -1.61,
        "ebit": 73,
        "grossIncome": 414,
        "interestExpense": 46,
        "interestIncomeExpense": -47,
        "netIncome": -83,
        "netIncomeAfterTaxes": -83,
        "nonRecurringItems": -97,
        "period": "2016-10-01",
        "pretaxIncome": -77,
        "provisionforIncomeTaxes": 6,
        "researchDevelopment": 96,
        "revenue": 904,
        "sgaExpense": 186,
        "totalOperatingExpense": 341,
        "totalOtherIncomeExpenseNet": -6
      },
      {
        "costOfGoodsSold": 473,
        "depreciationAmortization": 60,
        "dilutedAverageSharesOutstanding": 52.5,
        "dilutedEPS": -0.87,
        "ebit": 62,
        "grossIncome": 406,
        "interestExpense": 48,
        "interestIncomeExpense": -53,
        "netIncome": -45,
        "netIncomeAfterTaxes": -45,
        "nonRecurringItems": -39,
        "period": "2016-07-02",
        "pretaxIncome": -33,
        "provisionforIncomeTaxes": 12,
        "researchDevelopment": 95,
        "revenue": 879,
        "sgaExpense": 189,
        "totalOperatingExpense": 344,
        "totalOtherIncomeExpenseNet": -3
      },
      {
        "costOfGoodsSold": 459,
        "depreciationAmortization": 59,
        "dilutedAverageSharesOutstanding": 51.3,
        "dilutedEPS": -0.51,
        "ebit": 51,
        "grossIncome": 390,
        "interestExpense": 51,
        "interestIncomeExpense": -49,
        "netIncome": -26,
        "netIncomeAfterTaxes": -26,
        "nonRecurringItems": -41,
        "period": "2016-04-02",
        "pretaxIncome": -39,
        "provisionforIncomeTaxes": -13,
        "researchDevelopment": 93,
        "revenue": 849,
        "sgaExpense": 187,
        "totalOperatingExpense": 339
      },
      {
        "costOfGoodsSold": 523.2,
        "depreciationAmortization": 61.2,
        "dilutedAverageSharesOutstanding": 51.2,
        "dilutedEPS": -0.54,
        "ebit": 61.6,
        "grossIncome": 427.5,
        "interestExpense": 47.738,
        "interestIncomeExpense": -49.5,
        "netIncome": -27.5,
        "netIncomeAfterTaxes": -27.5,
        "nonRecurringItems": -55.6,
        "period": "2015-12-31",
        "pretaxIncome": -43.6,
        "provisionforIncomeTaxes": -16.1,
        "researchDevelopment": 98.2,
        "revenue": 950.8,
        "sgaExpense": 206.5,
        "totalOperatingExpense": 366,
        "totalOtherIncomeExpenseNet": -0.1
      },
      {
        "costOfGoodsSold": 502.2,
        "depreciationAmortization": 58.5,
        "dilutedAverageSharesOutstanding": 51.2,
        "dilutedEPS": -0.57,
        "ebit": 67.7,
        "grossIncome": 414.1,
        "interestExpense": 45.002,
        "interestIncomeExpense": -50.3,
        "netIncome": -29,
        "netIncomeAfterTaxes": -29,
        "nonRecurringItems": -42.7,
        "period": "2015-10-03",
        "pretaxIncome": -25.5,
        "provisionforIncomeTaxes": 3.4,
        "researchDevelopment": 100.3,
        "revenue": 916.3,
        "sgaExpense": 187.5,
        "totalOperatingExpense": 346.4,
        "totalOtherIncomeExpenseNet": -0.3
      }
    ],
    "symbol": "ZBRA"
  }
}