{
  "symbol": "KEYS",
  "statement": "ic",
  "frequency": "annual",
  "timestamp": "2025-09-19T14:02:44.650092",
  "data": {
    "financials": [
      {
        "costOfGoodsSold": 1846,
        "dilutedAverageSharesOutstanding": 175,
        "dilutedEPS": 3.5086,
        "ebit": 833,
        "grossIncome": 3133,
        "interestExpense": 84,
        "interestIncomeExpense": 16,
        "netIncome": 614,
        "netIncomeAfterTaxes": 614,
        "otherOperatingExpensesTotal": -14,
        "period": "2024-10-31",
        "pretaxIncome": 865,
        "provisionforIncomeTaxes": 251,
        "researchDevelopment": 919,
        "revenue": 4979,
        "sgaExpense": 1395,
        "totalOperatingExpense": 2300,
        "totalOtherIncomeExpenseNet": 16,
        "year": 2024
      },
      {
        "costOfGoodsSold": 1932,
        "dilutedAverageSharesOutstanding": 179,
        "dilutedEPS": 5.905,
        "ebit": 1358,
        "grossIncome": 3532,
        "interestExpense": 78,
        "interestIncomeExpense": -25,
        "netIncome": 1057,
        "netIncomeAfterTaxes": 1057,
        "otherOperatingExpensesTotal": -15,
        "period": "2023-10-31",
        "pretaxIncome": 1357,
        "provisionforIncomeTaxes": 300,
        "researchDevelopment": 882,
        "revenue": 5464,
        "sgaExpense": 1307,
        "totalOperatingExpense": 2174,
        "totalOtherIncomeExpenseNet": 24,
        "year": 2023
      },
      {
        "costOfGoodsSold": 1970,
        "dilutedAverageSharesOutstanding": 182,
        "dilutedEPS": 6.18,
        "ebit": 1334,
        "grossIncome": 3450,
        "interestExpense": 79,
        "interestIncomeExpense": -64,
        "netIncome": 1124,
        "netIncomeAfterTaxes": 1124,
        "otherOperatingExpensesTotal": -8,
        "period": "2022-10-31",
        "pretaxIncome": 1285,
        "provisionforIncomeTaxes": 161,
        "researchDevelopment": 841,
        "revenue": 5420,
        "sgaExpense": 1283,
        "totalOperatingExpense": 2116,
        "totalOtherIncomeExpenseNet": 15,
        "year": 2022
      },
      {
        "costOfGoodsSold": 1872,
        "dilutedAverageSharesOutstanding": 187,
        "dilutedEPS": 4.78,
        "ebit": 1080,
        "grossIncome": 3069,
        "interestExpense": 79,
        "interestIncomeExpense": -73,
        "netIncome": 894,
        "netIncomeAfterTaxes": 894,
        "otherOperatingExpensesTotal": -17,
        "period": "2021-10-31",
        "pretaxIncome": 1010,
        "provisionforIncomeTaxes": 116,
        "researchDevelopment": 811,
        "revenue": 4941,
        "sgaExpense": 1195,
        "totalOperatingExpense": 1989,
        "totalOtherIncomeExpenseNet": 3,
        "year": 2021
      },
      {
        "costOfGoodsSold": 1688,
        "dilutedAverageSharesOutstanding": 189,
        "dilutedEPS": 3.32,
        "ebit": 733,
        "grossIncome": 2533,
        "interestExpense": 78,
        "interestIncomeExpense": -67,
        "netIncome": 627,
        "netIncomeAfterTaxes": 627,
        "nonRecurringItems": 32,
        "otherOperatingExpensesTotal": -12,
        "period": "2020-10-31",
        "pretaxIncome": 761,
        "provisionforIncomeTaxes": 134,
        "researchDevelopment": 715,
        "revenue": 4221,
        "sgaExpense": 1097,
        "totalOperatingExpense": 1800,
        "totalOtherIncomeExpenseNet": 63,
        "year": 2020
      },
      {
        "costOfGoodsSold": 1769,
        "dilutedAverageSharesOutstanding": 191,
        "dilutedEPS": 3.25,
        "ebit": 711,
        "grossIncome": 2534,
        "interestExpense": 80,
        "interestIncomeExpense": -62,
        "netIncome": 621,
        "netIncomeAfterTaxes": 621,
        "nonRecurringItems": 0,
        "otherOperatingExpensesTotal": -20,
        "period": "2019-10-31",
        "pretaxIncome": 715,
        "provisionforIncomeTaxes": 94,
        "researchDevelopment": 688,
        "revenue": 4303,
        "sgaExpense": 1155,
        "totalOperatingExpense": 1823,
        "totalOtherIncomeExpenseNet": 66,
        "year": 2019
      },
      {
        "costOfGoodsSold": 1767,
        "dilutedAverageSharesOutstanding": 191,
        "dilutedEPS": 0.86,
        "ebit": 315,
        "grossIncome": 2111,
        "interestExpense": 83,
        "interestIncomeExpense": -67,
        "netIncome": 165,
        "netIncomeAfterTaxes": 165,
        "nonRecurringItems": -709,
        "otherOperatingExpensesTotal": -33,
        "period": "2018-10-31",
        "pretaxIncome": -411,
        "provisionforIncomeTaxes": -576,
        "researchDevelopment": 624,
        "revenue": 3878,
        "sgaExpense": 1205,
        "totalOperatingExpense": 1796,
        "totalOtherIncomeExpenseNet": 50,
        "year": 2018
      },
      {
        "costOfGoodsSold": 1492,
        "dilutedAverageSharesOutstanding": 182,
        "dilutedEPS": 0.56,
        "ebit": 148,
        "grossIncome": 1697,
        "interestExpense": 80,
        "interestIncomeExpense": -67,
        "netIncome": 102,
        "netIncomeAfterTaxes": 102,
        "nonRecurringItems": 0,
        "otherOperatingExpensesTotal": -16,
        "period": "2017-10-31",
        "pretaxIncome": 179,
        "provisionforIncomeTaxes": 77,
        "researchDevelopment": 507,
        "revenue": 3189,
        "sgaExpense": 1058,
        "totalOperatingExpense": 1549,
        "totalOtherIncomeExpenseNet": 98,
        "year": 2017
      },
      {
        "costOfGoodsSold": 1294,
        "dilutedAverageSharesOutstanding": 172,
        "dilutedEPS": 1.95,
        "ebit": 406,
        "grossIncome": 1624,
        "interestExpense": 47,
        "interestIncomeExpense": -44,
        "netIncome": 335,
        "netIncomeAfterTaxes": 335,
        "nonRecurringItems": 0,
        "otherOperatingExpensesTotal": -25,
        "period": "2016-10-31",
        "pretaxIncome": 366,
        "provisionforIncomeTaxes": 31,
        "researchDevelopment": 425,
        "revenue": 2918,
        "sgaExpense": 818,
        "totalOperatingExpense": 1218,
        "totalOtherIncomeExpenseNet": 4,
        "year": 2016
      },
      {
        "costOfGoodsSold": 1269,
        "dilutedAverageSharesOutstanding": 171,
        "dilutedEPS": 3,
        "ebit": 431,
        "grossIncome": 1587,
        "interestExpense": 46,
        "interestIncomeExpense": -45,
        "netIncome": 513,
        "netIncomeAfterTaxes": 513,
        "nonRecurringItems": 0,
        "otherOperatingExpensesTotal": -18,
        "period": "2015-10-31",
        "pretaxIncome": 388,
        "provisionforIncomeTaxes": -125,
        "researchDevelopment": 387,
        "revenue": 2856,
        "sgaExpense": 787,
        "totalOperatingExpense": 1156,
        "totalOtherIncomeExpenseNet": 2,
        "year": 2015
      }
    ],
    "symbol": "KEYS"
  }
}