{
  "symbol": "ROL",
  "statement": "ic",
  "frequency": "quarterly",
  "timestamp": "2025-09-19T14:06:20.003414",
  "data": {
    "financials": [
      {
        "costOfGoodsSold": 461.861,
        "depreciationAmortization": 31.737,
        "dilutedAverageSharesOutstanding": 484.674,
        "dilutedEPS": 0.2919,
        "ebit": 198.333,
        "grossIncome": 537.666,
        "interestIncomeExpense": -7.38,
        "netIncome": 141.489,
        "netIncomeAfterTaxes": 141.489,
        "period": "2025-06-30",
        "pretaxIncome": 191.245,
        "provisionforIncomeTaxes": 49.756,
        "revenue": 999.527,
        "sgaExpense": 307.596,
        "totalOperatingExpense": 339.333,
        "totalOtherIncomeExpenseNet": 0.292
      },
      {
        "costOfGoodsSold": 400.134,
        "depreciationAmortization": 29.209,
        "dilutedAverageSharesOutstanding": 484.434,
        "dilutedEPS": 0.2173,
        "ebit": 142.648,
        "grossIncome": 422.37,
        "interestIncomeExpense": -5.796,
        "netIncome": 105.248,
        "netIncomeAfterTaxes": 105.248,
        "period": "2025-03-31",
        "pretaxIncome": 137.544,
        "provisionforIncomeTaxes": 32.296,
        "revenue": 822.504,
        "sgaExpense": 250.513,
        "totalOperatingExpense": 279.722,
        "totalOtherIncomeExpenseNet": 0.692
      },
      {
        "costOfGoodsSold": 405.462,
        "depreciationAmortization": 30.535,
        "dilutedAverageSharesOutstanding": 484.37,
        "dilutedEPS": 0.2182,
        "ebit": 150.627,
        "grossIncome": 426.707,
        "interestIncomeExpense": -5.027,
        "netIncome": 105.675,
        "netIncomeAfterTaxes": 105.675,
        "nonRecurringItems": 0,
        "period": "2024-12-31",
        "pretaxIncome": 145.35,
        "provisionforIncomeTaxes": 39.675,
        "revenue": 832.169,
        "sgaExpense": 245.545,
        "totalOperatingExpense": 276.08,
        "totalOtherIncomeExpenseNet": -0.25
      },
      {
        "costOfGoodsSold": 421.892,
        "depreciationAmortization": 27.664,
        "dilutedAverageSharesOutstanding": 484.359,
        "dilutedEPS": 0.2827,
        "ebit": 191.796,
        "grossIncome": 494.378,
        "interestIncomeExpense": -7.15,
        "netIncome": 136.913,
        "netIncomeAfterTaxes": 136.913,
        "nonRecurringItems": 0,
        "period": "2024-09-30",
        "pretaxIncome": 185.228,
        "provisionforIncomeTaxes": 48.315,
        "revenue": 916.27,
        "sgaExpense": 274.918,
        "totalOperatingExpense": 302.582,
        "totalOtherIncomeExpenseNet": 0.582
      },
      {
        "costOfGoodsSold": 410.285,
        "depreciationAmortization": 27.711,
        "dilutedAverageSharesOutstanding": 484.419,
        "dilutedEPS": 0.2671,
        "ebit": 182.377,
        "grossIncome": 481.635,
        "interestIncomeExpense": -7.775,
        "netIncome": 129.397,
        "netIncomeAfterTaxes": 129.397,
        "period": "2024-06-30",
        "pretaxIncome": 175.014,
        "provisionforIncomeTaxes": 45.617,
        "revenue": 891.92,
        "sgaExpense": 271.547,
        "totalOperatingExpense": 299.258,
        "totalOtherIncomeExpenseNet": 0.412
      },
      {
        "costOfGoodsSold": 365.558,
        "depreciationAmortization": 27.31,
        "dilutedAverageSharesOutstanding": 484.318,
        "dilutedEPS": 0.1949,
        "ebit": 132.424,
        "grossIncome": 382.791,
        "interestIncomeExpense": -7.725,
        "netIncome": 94.394,
        "netIncomeAfterTaxes": 94.394,
        "period": "2024-03-31",
        "pretaxIncome": 124.638,
        "provisionforIncomeTaxes": 30.244,
        "revenue": 748.349,
        "sgaExpense": 223.057,
        "totalOperatingExpense": 250.367,
        "totalOtherIncomeExpenseNet": -0.061
      },
      {
        "costOfGoodsSold": 370.305,
        "depreciationAmortization": 26.143,
        "dilutedAverageSharesOutstanding": 484.046,
        "dilutedEPS": 0.2248,
        "ebit": 139.073,
        "grossIncome": 383.781,
        "interestIncomeExpense": -8.258,
        "netIncome": 108.803,
        "netIncomeAfterTaxes": 108.803,
        "nonRecurringItems": 0,
        "period": "2023-12-31",
        "pretaxIncome": 146.675,
        "provisionforIncomeTaxes": 37.872,
        "revenue": 754.086,
        "sgaExpense": 218.565,
        "totalOperatingExpense": 244.708,
        "totalOtherIncomeExpenseNet": 15.86
      },
      {
        "costOfGoodsSold": 388.533,
        "depreciationAmortization": 24.668,
        "dilutedAverageSharesOutstanding": 490.965,
        "dilutedEPS": 0.2603,
        "ebit": 182.32,
        "grossIncome": 451.894,
        "interestIncomeExpense": -5.547,
        "netIncome": 127.777,
        "netIncomeAfterTaxes": 127.777,
        "nonRecurringItems": -5.196,
        "period": "2023-09-30",
        "pretaxIncome": 172.07,
        "provisionforIncomeTaxes": 44.293,
        "revenue": 840.427,
        "sgaExpense": 244.906,
        "totalOperatingExpense": 269.574,
        "totalOtherIncomeExpenseNet": 0.493
      },
      {
        "costOfGoodsSold": 384.191,
        "depreciationAmortization": 26.439,
        "dilutedAverageSharesOutstanding": 492.891,
        "dilutedEPS": 0.2235,
        "ebit": 154.789,
        "grossIncome": 436.559,
        "interestIncomeExpense": -4.785,
        "netIncome": 110.143,
        "netIncomeAfterTaxes": 110.143,
        "period": "2023-06-30",
        "pretaxIncome": 151.023,
        "provisionforIncomeTaxes": 40.88,
        "revenue": 820.75,
        "sgaExpense": 255.331,
        "totalOperatingExpense": 281.77,
        "totalOtherIncomeExpenseNet": 1.019
      },
      {
        "costOfGoodsSold": 326.842,
        "depreciationAmortization": 22.502,
        "dilutedAverageSharesOutstanding": 492.701,
        "dilutedEPS": 0.1791,
        "ebit": 112.24,
        "grossIncome": 331.173,
        "interestIncomeExpense": -0.465,
        "netIncome": 88.234,
        "netIncomeAfterTaxes": 88.234,
        "period": "2023-03-31",
        "pretaxIncome": 116.489,
        "provisionforIncomeTaxes": 28.255,
        "revenue": 658.015,
        "sgaExpense": 196.431,
        "totalOperatingExpense": 218.933,
        "totalOtherIncomeExpenseNet": 4.714
      },
      {
        "costOfGoodsSold": 328.083,
        "depreciationAmortization": 17.872,
        "dilutedAverageSharesOutstanding": 492.458,
        "dilutedEPS": 0.1792,
        "ebit": 125.078,
        "grossIncome": 333.307,
        "interestIncomeExpense": -0.344,
        "netIncome": 88.233,
        "netIncomeAfterTaxes": 88.233,
        "period": "2022-12-31",
        "pretaxIncome": 127.731,
        "provisionforIncomeTaxes": 39.498,
        "revenue": 661.39,
        "sgaExpense": 190.357,
        "totalOperatingExpense": 208.229,
        "totalOtherIncomeExpenseNet": 2.997
      },
      {
        "costOfGoodsSold": 348.158,
        "depreciationAmortization": 24.282,
        "dilutedAverageSharesOutstanding": 492.43,
        "dilutedEPS": 0.2186,
        "ebit": 143.683,
        "grossIncome": 381.546,
        "interestIncomeExpense": -0.846,
        "netIncome": 107.622,
        "netIncomeAfterTaxes": 107.622,
        "period": "2022-09-30",
        "pretaxIncome": 144.817,
        "provisionforIncomeTaxes": 37.195,
        "revenue": 729.704,
        "sgaExpense": 213.581,
        "totalOperatingExpense": 237.863,
        "totalOtherIncomeExpenseNet": 1.98
      },
      {
        "costOfGoodsSold": 336.78,
        "depreciationAmortization": 24.325,
        "dilutedAverageSharesOutstanding": 492.44,
        "dilutedEPS": 0.2037,
        "ebit": 132.957,
        "grossIncome": 377.269,
        "interestIncomeExpense": -0.88,
        "netIncome": 100.299,
        "netIncomeAfterTaxes": 100.299,
        "period": "2022-06-30",
        "pretaxIncome": 133.988,
        "provisionforIncomeTaxes": 33.689,
        "revenue": 714.049,
        "sgaExpense": 219.987,
        "totalOperatingExpense": 244.312,
        "totalOtherIncomeExpenseNet": 1.911
      },
      {
        "costOfGoodsSold": 295.378,
        "depreciationAmortization": 24.847,
        "dilutedAverageSharesOutstanding": 492.325,
        "dilutedEPS": 0.1472,
        "ebit": 91.67,
        "grossIncome": 295.302,
        "interestIncomeExpense": -0.568,
        "netIncome": 72.445,
        "netIncomeAfterTaxes": 72.445,
        "period": "2022-03-31",
        "pretaxIncome": 92.381,
        "provisionforIncomeTaxes": 19.936,
        "revenue": 590.68,
        "sgaExpense": 178.785,
        "totalOperatingExpense": 203.632,
        "totalOtherIncomeExpenseNet": 1.279
      },
      {
        "costOfGoodsSold": 297.729,
        "depreciationAmortization": 16.039,
        "dilutedAverageSharesOutstanding": 492.042,
        "dilutedEPS": 0.1447,
        "ebit": 103.216,
        "gainLossOnDispositionOfAssets": -2.098,
        "grossIncome": 302.614,
        "interestIncomeExpense": 0.504,
        "netIncome": 71.215,
        "netIncomeAfterTaxes": 71.215,
        "otherOperatingExpensesTotal": -4.179,
        "period": "2021-12-31",
        "pretaxIncome": 101.622,
        "provisionforIncomeTaxes": 30.407,
        "revenue": 600.343,
        "sgaExpense": 187.538,
        "totalOperatingExpense": 199.398
      },
      {
        "costOfGoodsSold": 305.474,
        "depreciationAmortization": 23.617,
        "dilutedAverageSharesOutstanding": 492.069,
        "dilutedEPS": 0.1907,
        "ebit": 126.847,
        "gainLossOnDispositionOfAssets": 0.447,
        "grossIncome": 344.725,
        "interestIncomeExpense": -0.222,
        "netIncome": 93.853,
        "netIncomeAfterTaxes": 93.853,
        "period": "2021-09-30",
        "pretaxIncome": 127.072,
        "provisionforIncomeTaxes": 33.219,
        "revenue": 650.199,
        "sgaExpense": 194.261,
        "totalOperatingExpense": 217.878
      },
      {
        "costOfGoodsSold": 297.862,
        "depreciationAmortization": 23.306,
        "dilutedAverageSharesOutstanding": 491.999,
        "dilutedEPS": 0.2009,
        "ebit": 133.554,
        "gainLossOnDispositionOfAssets": 0.891,
        "grossIncome": 340.342,
        "interestIncomeExpense": -0.506,
        "netIncome": 98.854,
        "netIncomeAfterTaxes": 98.854,
        "period": "2021-06-30",
        "pretaxIncome": 133.939,
        "provisionforIncomeTaxes": 35.085,
        "revenue": 638.204,
        "sgaExpense": 183.482,
        "totalOperatingExpense": 206.788
      },
      {
        "costOfGoodsSold": 261.6,
        "depreciationAmortization": 23.6,
        "dilutedAverageSharesOutstanding": 492,
        "dilutedEPS": 0.19,
        "ebit": 88.2,
        "gainLossOnDispositionOfAssets": 32.3,
        "grossIncome": 274,
        "interestIncomeExpense": -0.6,
        "netIncome": 92.6,
        "netIncomeAfterTaxes": 92.6,
        "period": "2021-03-31",
        "pretaxIncome": 119.9,
        "provisionforIncomeTaxes": 27.2,
        "revenue": 535.6,
        "sgaExpense": 162.2,
        "totalOperatingExpense": 185.8
      },
      {
        "costOfGoodsSold": 266.3,
        "depreciationAmortization": 22.4,
        "dilutedAverageSharesOutstanding": 491.6,
        "dilutedEPS": 0.13,
        "ebit": 88.5,
        "gainLossOnDispositionOfAssets": -1,
        "grossIncome": 269.9,
        "interestIncomeExpense": -0.6,
        "netIncome": 62.6,
        "netIncomeAfterTaxes": 62.6,
        "nonRecurringItems": 0,
        "period": "2020-12-31",
        "pretaxIncome": 86.9,
        "provisionforIncomeTaxes": 24.3,
        "revenue": 536.3,
        "sgaExpense": 159.1,
        "totalOperatingExpense": 181.5
      },
      {
        "costOfGoodsSold": 275.5,
        "depreciationAmortization": 22.4,
        "dilutedAverageSharesOutstanding": 491.6,
        "dilutedEPS": 0.16,
        "ebit": 111.1,
        "gainLossOnDispositionOfAssets": -1.4,
        "grossIncome": 308.2,
        "interestIncomeExpense": -0.9,
        "netIncome": 79.6,
        "netIncomeAfterTaxes": 79.6,
        "period": "2020-09-30",
        "pretaxIncome": 108.9,
        "provisionforIncomeTaxes": 29.3,
        "revenue": 583.7,
        "sgaExpense": 174.7,
        "totalOperatingExpense": 197.1
      },
      {
        "costOfGoodsSold": 255.6,
        "depreciationAmortization": 21.9,
        "dilutedAverageSharesOutstanding": 491.6,
        "dilutedEPS": 0.15,
        "ebit": 104.5,
        "gainLossOnDispositionOfAssets": 0.5,
        "grossIncome": 297.7,
        "interestIncomeExpense": -1.5,
        "netIncome": 75.4,
        "netIncomeAfterTaxes": 75.4,
        "period": "2020-06-30",
        "pretaxIncome": 103.5,
        "provisionforIncomeTaxes": 28.2,
        "revenue": 553.3,
        "sgaExpense": 171.3,
        "totalOperatingExpense": 193.2
      },
      {
        "costOfGoodsSold": 251.2,
        "depreciationAmortization": 21.6,
        "dilutedAverageSharesOutstanding": 491.5,
        "dilutedEPS": 0.09,
        "ebit": 57.3,
        "gainLossOnDispositionOfAssets": 0.3,
        "grossIncome": 236.7,
        "interestIncomeExpense": -2.2,
        "netIncome": 43.3,
        "netIncomeAfterTaxes": 43.3,
        "period": "2020-03-31",
        "pretaxIncome": 55.4,
        "provisionforIncomeTaxes": 12.1,
        "revenue": 487.9,
        "sgaExpense": 157.9,
        "totalOperatingExpense": 179.4
      },
      {
        "costOfGoodsSold": 254.3,
        "depreciationAmortization": 22.6,
        "dilutedAverageSharesOutstanding": 491.2,
        "dilutedEPS": 0.1,
        "ebit": 74.3,
        "gainLossOnDispositionOfAssets": 0.2,
        "grossIncome": 251.7,
        "interestIncomeExpense": -2.5,
        "netIncome": 50.8,
        "netIncomeAfterTaxes": 49.9,
        "nonRecurringItems": 0,
        "period": "2019-12-31",
        "pretaxIncome": 72,
        "provisionforIncomeTaxes": 22.1,
        "revenue": 506,
        "sgaExpense": 154.8,
        "totalOperatingExpense": 177.4
      },
      {
        "costOfGoodsSold": 268.7,
        "depreciationAmortization": 21.7,
        "dilutedAverageSharesOutstanding": 491.2,
        "dilutedEPS": 0.09,
        "ebit": 98.9,
        "gainLossOnDispositionOfAssets": 0,
        "grossIncome": 287.7,
        "interestIncomeExpense": -2.8,
        "netIncome": 44.1,
        "netIncomeAfterTaxes": 44.1,
        "nonRecurringItems": -49.9,
        "period": "2019-09-30",
        "pretaxIncome": 46.1,
        "provisionforIncomeTaxes": 2.1,
        "revenue": 556.5,
        "sgaExpense": 167.2,
        "totalOperatingExpense": 188.9
      },
      {
        "costOfGoodsSold": 253.3,
        "depreciationAmortization": 20.1,
        "dilutedAverageSharesOutstanding": 491.3,
        "dilutedEPS": 0.13,
        "ebit": 88.6,
        "gainLossOnDispositionOfAssets": 0.3,
        "grossIncome": 270.6,
        "interestIncomeExpense": -1.9,
        "netIncome": 64.3,
        "netIncomeAfterTaxes": 64.3,
        "period": "2019-06-30",
        "pretaxIncome": 87,
        "provisionforIncomeTaxes": 22.7,
        "revenue": 524,
        "sgaExpense": 161.9,
        "totalOperatingExpense": 182.1
      },
      {
        "costOfGoodsSold": 217.3,
        "depreciationAmortization": 16.7,
        "dilutedAverageSharesOutstanding": 491.3,
        "dilutedEPS": 0.09,
        "ebit": 55.6,
        "gainLossOnDispositionOfAssets": 0.2,
        "grossIncome": 211.8,
        "interestIncomeExpense": 0.3,
        "netIncome": 44.2,
        "netIncomeAfterTaxes": 44.2,
        "period": "2019-03-31",
        "pretaxIncome": 56.1,
        "provisionforIncomeTaxes": 11.8,
        "revenue": 429.1,
        "sgaExpense": 139.5,
        "totalOperatingExpense": 156.2
      },
      {
        "costOfGoodsSold": 221.2,
        "depreciationAmortization": 16.6,
        "dilutedAverageSharesOutstanding": 491,
        "dilutedEPS": 0.11,
        "ebit": 71,
        "gainLossOnDispositionOfAssets": 0.2,
        "grossIncome": 223.4,
        "interestIncomeExpense": 0.3,
        "netIncome": 51,
        "netIncomeAfterTaxes": 52.2,
        "period": "2018-12-31",
        "pretaxIncome": 71.5,
        "provisionforIncomeTaxes": 19.3,
        "revenue": 444.6,
        "sgaExpense": 135.8,
        "totalOperatingExpense": 152.4
      },
      {
        "costOfGoodsSold": 236.3,
        "depreciationAmortization": 16.9,
        "dilutedAverageSharesOutstanding": 491,
        "dilutedEPS": 0.14,
        "ebit": 89.5,
        "gainLossOnDispositionOfAssets": 0.3,
        "grossIncome": 251.5,
        "interestIncomeExpense": 0.1,
        "netIncome": 66.6,
        "netIncomeAfterTaxes": 66.6,
        "period": "2018-09-30",
        "pretaxIncome": 89.9,
        "provisionforIncomeTaxes": 23.3,
        "revenue": 487.7,
        "sgaExpense": 145.1,
        "totalOperatingExpense": 161.9
      },
      {
        "costOfGoodsSold": 230.8,
        "depreciationAmortization": 16.4,
        "dilutedAverageSharesOutstanding": 490.9,
        "dilutedEPS": 0.13,
        "ebit": 89.9,
        "gainLossOnDispositionOfAssets": 0.3,
        "grossIncome": 249.7,
        "interestIncomeExpense": -0.1,
        "netIncome": 65.5,
        "netIncomeAfterTaxes": 65.5,
        "period": "2018-06-30",
        "pretaxIncome": 90.2,
        "provisionforIncomeTaxes": 24.6,
        "revenue": 480.5,
        "sgaExpense": 143.4,
        "totalOperatingExpense": 159.7
      },
      {
        "costOfGoodsSold": 206.1,
        "depreciationAmortization": 16.9,
        "dilutedAverageSharesOutstanding": 490.9,
        "dilutedEPS": 0.1,
        "ebit": 59.2,
        "gainLossOnDispositionOfAssets": 0.1,
        "grossIncome": 202.6,
        "interestIncomeExpense": -0.1,
        "netIncome": 48.5,
        "netIncomeAfterTaxes": 48.5,
        "period": "2018-03-31",
        "pretaxIncome": 59.2,
        "provisionforIncomeTaxes": 10.7,
        "revenue": 408.7,
        "sgaExpense": 126.5,
        "totalOperatingExpense": 143.4
      },
      {
        "costOfGoodsSold": 207.5,
        "depreciationAmortization": 15,
        "dilutedAverageSharesOutstanding": 490.5,
        "dilutedEPS": 0.06,
        "ebit": 68.6,
        "gainLossOnDispositionOfAssets": 0.1,
        "grossIncome": 207.2,
        "interestIncomeExpense": -0.1,
        "netIncome": 33.7,
        "netIncomeAfterTaxes": 44.6,
        "period": "2017-12-31",
        "pretaxIncome": 68.5,
        "provisionforIncomeTaxes": 23.9,
        "revenue": 414.7,
        "sgaExpense": 123.7,
        "totalOperatingExpense": 138.6
      },
      {
        "costOfGoodsSold": 218.8,
        "depreciationAmortization": 14.3,
        "dilutedAverageSharesOutstanding": 490.5,
        "dilutedEPS": 0.1,
        "ebit": 82.4,
        "gainLossOnDispositionOfAssets": 0.1,
        "grossIncome": 231.7,
        "interestIncomeExpense": 0.1,
        "netIncome": 51.4,
        "netIncomeAfterTaxes": 51.4,
        "period": "2017-09-30",
        "pretaxIncome": 82.6,
        "provisionforIncomeTaxes": 31.1,
        "revenue": 450.4,
        "sgaExpense": 134.9,
        "totalOperatingExpense": 149.2
      },
      {
        "costOfGoodsSold": 204.5,
        "depreciationAmortization": 13.5,
        "dilutedAverageSharesOutstanding": 490.5,
        "dilutedEPS": 0.11,
        "ebit": 85.9,
        "gainLossOnDispositionOfAssets": 0.1,
        "grossIncome": 229.1,
        "interestIncomeExpense": 0.2,
        "netIncome": 53.7,
        "netIncomeAfterTaxes": 53.7,
        "period": "2017-06-30",
        "pretaxIncome": 86.1,
        "provisionforIncomeTaxes": 32.5,
        "revenue": 433.6,
        "sgaExpense": 129.7,
        "totalOperatingExpense": 143.2
      },
      {
        "costOfGoodsSold": 189.2,
        "depreciationAmortization": 13.8,
        "dilutedAverageSharesOutstanding": 490.4,
        "dilutedEPS": 0.08,
        "ebit": 57.2,
        "gainLossOnDispositionOfAssets": 0,
        "grossIncome": 186.1,
        "interestIncomeExpense": 0.1,
        "netIncome": 40.3,
        "netIncomeAfterTaxes": 40.3,
        "period": "2017-03-31",
        "pretaxIncome": 57.3,
        "provisionforIncomeTaxes": 17,
        "revenue": 375.2,
        "sgaExpense": 115.2,
        "totalOperatingExpense": 128.9
      },
      {
        "costOfGoodsSold": 193,
        "depreciationAmortization": 13.8,
        "dilutedAverageSharesOutstanding": 490.1,
        "dilutedEPS": 0.08,
        "ebit": 52.5,
        "gainLossOnDispositionOfAssets": 0.1,
        "grossIncome": 192.6,
        "interestIncomeExpense": 0,
        "netIncome": 38,
        "netIncomeAfterTaxes": 38,
        "period": "2016-12-31",
        "pretaxIncome": 52.5,
        "provisionforIncomeTaxes": 14.5,
        "revenue": 385.6,
        "sgaExpense": 126.3,
        "totalOperatingExpense": 140.1
      },
      {
        "costOfGoodsSold": 205.6,
        "depreciationAmortization": 13.1,
        "dilutedAverageSharesOutstanding": 490.6,
        "dilutedEPS": 0.1,
        "ebit": 79.9,
        "gainLossOnDispositionOfAssets": 0.1,
        "grossIncome": 218.4,
        "interestIncomeExpense": 0,
        "netIncome": 49.7,
        "netIncomeAfterTaxes": 49.7,
        "period": "2016-09-30",
        "pretaxIncome": 80,
        "provisionforIncomeTaxes": 30.3,
        "revenue": 424,
        "sgaExpense": 125.4,
        "totalOperatingExpense": 138.5
      },
      {
        "costOfGoodsSold": 195.9,
        "depreciationAmortization": 12.4,
        "dilutedAverageSharesOutstanding": 491.5,
        "dilutedEPS": 0.1,
        "ebit": 76.3,
        "gainLossOnDispositionOfAssets": 0.6,
        "grossIncome": 215.2,
        "interestIncomeExpense": 0.1,
        "netIncome": 47.8,
        "netIncomeAfterTaxes": 47.8,
        "period": "2016-06-30",
        "pretaxIncome": 77,
        "provisionforIncomeTaxes": 29.2,
        "revenue": 411.1,
        "sgaExpense": 126.5,
        "totalOperatingExpense": 138.9
      },
      {
        "costOfGoodsSold": 177.8,
        "depreciationAmortization": 11.6,
        "dilutedAverageSharesOutstanding": 492,
        "dilutedEPS": 0.06,
        "ebit": 51,
        "gainLossOnDispositionOfAssets": 0.1,
        "grossIncome": 174.9,
        "interestIncomeExpense": 0.1,
        "netIncome": 31.9,
        "netIncomeAfterTaxes": 31.9,
        "period": "2016-03-31",
        "pretaxIncome": 51.2,
        "provisionforIncomeTaxes": 19.3,
        "revenue": 352.7,
        "sgaExpense": 112.3,
        "totalOperatingExpense": 123.9
      },
      {
        "costOfGoodsSold": 182.2,
        "depreciationAmortization": 11.3,
        "dilutedAverageSharesOutstanding": 491.8,
        "dilutedEPS": 0.06,
        "ebit": 51.3,
        "gainLossOnDispositionOfAssets": 0.4,
        "grossIncome": 180.3,
        "interestIncomeExpense": 0,
        "netIncome": 31.7,
        "netIncomeAfterTaxes": 31.7,
        "period": "2015-12-31",
        "pretaxIncome": 51.8,
        "provisionforIncomeTaxes": 20.1,
        "revenue": 362.5,
        "sgaExpense": 117.6,
        "totalOperatingExpense": 129
      },
      {
        "costOfGoodsSold": 195.5,
        "depreciationAmortization": 11.2,
        "dilutedAverageSharesOutstanding": 491.8,
        "dilutedEPS": 0.09,
        "ebit": 71.2,
        "gainLossOnDispositionOfAssets": 1.3,
        "grossIncome": 204.3,
        "interestIncomeExpense": 0,
        "netIncome": 45,
        "netIncomeAfterTaxes": 45,
        "period": "2015-09-30",
        "pretaxIncome": 72.4,
        "provisionforIncomeTaxes": 27.4,
        "revenue": 399.7,
        "sgaExpense": 121.9,
        "totalOperatingExpense": 133.1
      }
    ],
    "symbol": "ROL"
  }
}