{
  "symbol": "MNST",
  "statement": "ic",
  "frequency": "quarterly",
  "timestamp": "2025-09-19T14:04:17.233792",
  "data": {
    "financials": [
      {
        "costOfGoodsSold": 935.18,
        "dilutedAverageSharesOutstanding": 983.997,
        "dilutedEPS": 0.4967,
        "ebit": 631.622,
        "grossIncome": 1176.413,
        "interestExpense": 1.8,
        "interestIncomeExpense": 15.065,
        "netIncome": 488.794,
        "netIncomeAfterTaxes": 488.794,
        "otherOperatingExpensesTotal": 404.291,
        "period": "2025-06-30",
        "pretaxIncome": 646.687,
        "provisionforIncomeTaxes": 157.893,
        "revenue": 2111.593,
        "sgaExpense": 140.5,
        "totalOperatingExpense": 544.791
      },
      {
        "costOfGoodsSold": 806.596,
        "depreciationAmortization": 0.555,
        "dilutedAverageSharesOutstanding": 981.282,
        "dilutedEPS": 0.4514,
        "ebit": 569.745,
        "grossIncome": 1047.962,
        "interestExpense": 0.077,
        "interestIncomeExpense": 8.272,
        "netIncome": 442.993,
        "netIncomeAfterTaxes": 442.993,
        "otherOperatingExpensesTotal": 355.212,
        "period": "2025-03-31",
        "pretaxIncome": 578.017,
        "provisionforIncomeTaxes": 135.024,
        "revenue": 1854.558,
        "sgaExpense": 122.45,
        "totalOperatingExpense": 478.217
      },
      {
        "costOfGoodsSold": 809.596,
        "depreciationAmortization": 0.659,
        "dilutedAverageSharesOutstanding": 980.692,
        "dilutedEPS": 0.276,
        "ebit": 508.324,
        "grossIncome": 1002.445,
        "interestExpense": 10.4,
        "interestIncomeExpense": 4.854,
        "netIncome": 270.711,
        "netIncomeAfterTaxes": 270.711,
        "nonRecurringItems": -127.1,
        "otherOperatingExpensesTotal": 369.592,
        "period": "2024-12-31",
        "pretaxIncome": 386.078,
        "provisionforIncomeTaxes": 115.367,
        "revenue": 1812.041,
        "sgaExpense": 123.87,
        "totalOperatingExpense": 494.121
      },
      {
        "costOfGoodsSold": 881.174,
        "depreciationAmortization": 0.131,
        "dilutedAverageSharesOutstanding": 983.171,
        "dilutedEPS": 0.3773,
        "ebit": 479.916,
        "grossIncome": 999.799,
        "interestExpense": 12.5,
        "interestIncomeExpense": -5.82,
        "netIncome": 370.919,
        "netIncomeAfterTaxes": 370.919,
        "otherOperatingExpensesTotal": 394.253,
        "period": "2024-09-30",
        "pretaxIncome": 474.096,
        "provisionforIncomeTaxes": 103.177,
        "revenue": 1880.973,
        "sgaExpense": 125.499,
        "totalOperatingExpense": 519.883
      },
      {
        "costOfGoodsSold": 881.091,
        "depreciationAmortization": 0.489,
        "dilutedAverageSharesOutstanding": 1037.378,
        "dilutedEPS": 0.41,
        "ebit": 527.163,
        "grossIncome": 1019.506,
        "interestExpense": 4.9,
        "interestIncomeExpense": 24.376,
        "netIncome": 425.369,
        "netIncomeAfterTaxes": 425.369,
        "otherOperatingExpensesTotal": 383.587,
        "period": "2024-06-30",
        "pretaxIncome": 551.539,
        "provisionforIncomeTaxes": 126.17,
        "revenue": 1900.597,
        "sgaExpense": 108.267,
        "totalOperatingExpense": 492.343
      },
      {
        "costOfGoodsSold": 871.969,
        "depreciationAmortization": 0.595,
        "dilutedAverageSharesOutstanding": 1051.282,
        "dilutedEPS": 0.4205,
        "ebit": 541.991,
        "grossIncome": 1027.129,
        "interestExpense": 0.091,
        "interestIncomeExpense": 35.754,
        "netIncome": 442.049,
        "netIncomeAfterTaxes": 442.049,
        "otherOperatingExpensesTotal": 359.258,
        "period": "2024-03-31",
        "pretaxIncome": 577.745,
        "provisionforIncomeTaxes": 135.696,
        "revenue": 1899.098,
        "sgaExpense": 125.285,
        "totalOperatingExpense": 485.138
      },
      {
        "costOfGoodsSold": 791.735,
        "depreciationAmortization": 0.551,
        "dilutedAverageSharesOutstanding": 1052.497,
        "dilutedEPS": 0.3487,
        "ebit": 433.959,
        "grossIncome": 938.373,
        "interestExpense": 0.109,
        "interestIncomeExpense": 16.117,
        "netIncome": 366.979,
        "netIncomeAfterTaxes": 366.979,
        "nonRecurringItems": 0,
        "otherOperatingExpensesTotal": 390.228,
        "period": "2023-12-31",
        "pretaxIncome": 450.076,
        "provisionforIncomeTaxes": 83.097,
        "revenue": 1730.108,
        "sgaExpense": 113.635,
        "totalOperatingExpense": 504.414
      },
      {
        "costOfGoodsSold": 872.265,
        "depreciationAmortization": 0.383,
        "dilutedAverageSharesOutstanding": 1059.966,
        "dilutedEPS": 0.4271,
        "ebit": 510.527,
        "grossIncome": 983.763,
        "interestExpense": 0.088,
        "interestIncomeExpense": 71.357,
        "netIncome": 452.694,
        "netIncomeAfterTaxes": 452.694,
        "otherOperatingExpensesTotal": 357.381,
        "period": "2023-09-30",
        "pretaxIncome": 581.884,
        "provisionforIncomeTaxes": 129.19,
        "revenue": 1856.028,
        "sgaExpense": 115.472,
        "totalOperatingExpense": 473.236
      },
      {
        "costOfGoodsSold": 880.7,
        "depreciationAmortization": 0.2,
        "dilutedAverageSharesOutstanding": 1060.1,
        "dilutedEPS": 0.39,
        "ebit": 523.8,
        "grossIncome": 974.2,
        "interestExpense": 0.044,
        "interestIncomeExpense": 15.2,
        "netIncome": 413.9,
        "netIncomeAfterTaxes": 413.9,
        "otherOperatingExpensesTotal": 338.4,
        "period": "2023-06-30",
        "pretaxIncome": 539,
        "provisionforIncomeTaxes": 125.1,
        "revenue": 1855,
        "sgaExpense": 111.8,
        "totalOperatingExpense": 450.5
      },
      {
        "costOfGoodsSold": 801.1,
        "depreciationAmortization": 0.1,
        "dilutedAverageSharesOutstanding": 1059.1,
        "dilutedEPS": 0.38,
        "ebit": 485.1,
        "grossIncome": 897.8,
        "interestExpense": 0.014,
        "interestIncomeExpense": 12.5,
        "netIncome": 397.4,
        "netIncomeAfterTaxes": 397.4,
        "otherOperatingExpensesTotal": 306.6,
        "period": "2023-03-31",
        "pretaxIncome": 497.6,
        "provisionforIncomeTaxes": 100.1,
        "revenue": 1698.9,
        "sgaExpense": 106.1,
        "totalOperatingExpense": 412.8
      },
      {
        "costOfGoodsSold": 728.6,
        "depreciationAmortization": 0.1,
        "dilutedAverageSharesOutstanding": 1058.2,
        "dilutedEPS": 0.29,
        "ebit": 394.4,
        "grossIncome": 784.3,
        "interestExpense": 0.006,
        "interestIncomeExpense": -0.8,
        "netIncome": 301.7,
        "netIncomeAfterTaxes": 301.7,
        "otherOperatingExpensesTotal": 296.9,
        "period": "2022-12-31",
        "pretaxIncome": 393.5,
        "provisionforIncomeTaxes": 91.9,
        "revenue": 1512.9,
        "sgaExpense": 92.9,
        "totalOperatingExpense": 390
      },
      {
        "costOfGoodsSold": 790.6,
        "depreciationAmortization": 0.1,
        "dilutedAverageSharesOutstanding": 1066.6,
        "dilutedEPS": 0.3,
        "ebit": 417.9,
        "grossIncome": 833.7,
        "interestExpense": 0.008,
        "interestIncomeExpense": 2.1,
        "netIncome": 322.4,
        "netIncomeAfterTaxes": 322.4,
        "otherOperatingExpensesTotal": 316.8,
        "period": "2022-09-30",
        "pretaxIncome": 420.1,
        "provisionforIncomeTaxes": 97.7,
        "revenue": 1624.3,
        "sgaExpense": 98.9,
        "totalOperatingExpense": 415.8
      },
      {
        "costOfGoodsSold": 875.4,
        "depreciationAmortization": 0.1,
        "dilutedAverageSharesOutstanding": 1069.6,
        "dilutedEPS": 0.26,
        "ebit": 373,
        "grossIncome": 779.9,
        "interestExpense": 0.007,
        "interestIncomeExpense": -6.8,
        "netIncome": 273.4,
        "netIncomeAfterTaxes": 273.4,
        "otherOperatingExpensesTotal": 316.5,
        "period": "2022-06-30",
        "pretaxIncome": 366.2,
        "provisionforIncomeTaxes": 92.8,
        "revenue": 1655.3,
        "sgaExpense": 90.3,
        "totalOperatingExpense": 406.9
      },
      {
        "costOfGoodsSold": 741.9,
        "depreciationAmortization": 0.1,
        "dilutedAverageSharesOutstanding": 1071.1,
        "dilutedEPS": 0.27,
        "ebit": 399.5,
        "grossIncome": 776.7,
        "interestExpense": 0.003,
        "interestIncomeExpense": -7.3,
        "netIncome": 294.2,
        "netIncomeAfterTaxes": 294.2,
        "otherOperatingExpensesTotal": 279.7,
        "period": "2022-03-31",
        "pretaxIncome": 392.2,
        "provisionforIncomeTaxes": 98,
        "revenue": 1518.6,
        "sgaExpense": 97.3,
        "totalOperatingExpense": 377.2
      },
      {
        "costOfGoodsSold": 657.5,
        "depreciationAmortization": 0.2,
        "dilutedAverageSharesOutstanding": 1071.2,
        "dilutedEPS": 0.29,
        "ebit": 418.2,
        "grossIncome": 767.6,
        "interestExpense": 0.004,
        "interestIncomeExpense": 6.1,
        "netIncome": 321.3,
        "netIncomeAfterTaxes": 321.3,
        "nonRecurringItems": -5.3,
        "otherOperatingExpensesTotal": 259.2,
        "period": "2021-12-31",
        "pretaxIncome": 419,
        "provisionforIncomeTaxes": 97.7,
        "revenue": 1425,
        "sgaExpense": 90.1,
        "totalOperatingExpense": 349.4
      },
      {
        "costOfGoodsSold": 621.4,
        "depreciationAmortization": 0.1,
        "dilutedAverageSharesOutstanding": 1071.8,
        "dilutedEPS": 0.31,
        "ebit": 444.5,
        "grossIncome": 789.2,
        "interestExpense": 0.006,
        "interestIncomeExpense": -2.3,
        "netIncome": 337.2,
        "netIncomeAfterTaxes": 337.2,
        "otherOperatingExpensesTotal": 259.3,
        "period": "2021-09-30",
        "pretaxIncome": 442.2,
        "provisionforIncomeTaxes": 105,
        "revenue": 1410.6,
        "sgaExpense": 85.2,
        "totalOperatingExpense": 344.7
      },
      {
        "costOfGoodsSold": 625.1,
        "depreciationAmortization": 0.1,
        "dilutedAverageSharesOutstanding": 1071.1,
        "dilutedEPS": 0.38,
        "ebit": 526,
        "grossIncome": 836.8,
        "interestExpense": 0.005,
        "interestIncomeExpense": 0.9,
        "netIncome": 403.8,
        "netIncomeAfterTaxes": 403.8,
        "otherOperatingExpensesTotal": 226.1,
        "period": "2021-06-30",
        "pretaxIncome": 526.8,
        "provisionforIncomeTaxes": 123.1,
        "revenue": 1461.9,
        "sgaExpense": 84.7,
        "totalOperatingExpense": 310.9
      },
      {
        "costOfGoodsSold": 528.9,
        "depreciationAmortization": 0.1,
        "dilutedAverageSharesOutstanding": 1070,
        "dilutedEPS": 0.29,
        "ebit": 414.1,
        "grossIncome": 714.9,
        "interestExpense": 0.004,
        "interestIncomeExpense": -0.8,
        "netIncome": 315.2,
        "netIncomeAfterTaxes": 315.2,
        "otherOperatingExpensesTotal": 212.9,
        "period": "2021-03-31",
        "pretaxIncome": 413.4,
        "provisionforIncomeTaxes": 98.2,
        "revenue": 1243.8,
        "sgaExpense": 87.7,
        "totalOperatingExpense": 300.8
      },
      {
        "costOfGoodsSold": 522.8,
        "depreciationAmortization": 0.1,
        "dilutedAverageSharesOutstanding": 1069.6,
        "dilutedEPS": 0.44,
        "ebit": 404,
        "grossIncome": 673.5,
        "interestExpense": 0.005,
        "interestIncomeExpense": -1.5,
        "netIncome": 471.7,
        "netIncomeAfterTaxes": 471.7,
        "nonRecurringItems": -1.7,
        "otherOperatingExpensesTotal": 207.3,
        "period": "2020-12-31",
        "pretaxIncome": 400.8,
        "provisionforIncomeTaxes": -70.9,
        "revenue": 1196.3,
        "sgaExpense": 62,
        "totalOperatingExpense": 269.5
      },
      {
        "costOfGoodsSold": 529,
        "depreciationAmortization": 0.2,
        "dilutedAverageSharesOutstanding": 1066.5,
        "dilutedEPS": 0.33,
        "ebit": 461.6,
        "grossIncome": 717.3,
        "interestExpense": 0.009,
        "interestIncomeExpense": -4.6,
        "netIncome": 347.7,
        "netIncomeAfterTaxes": 347.7,
        "nonRecurringItems": -3,
        "otherOperatingExpensesTotal": 195.2,
        "period": "2020-09-30",
        "pretaxIncome": 454,
        "provisionforIncomeTaxes": 106.4,
        "revenue": 1246.4,
        "sgaExpense": 60.4,
        "totalOperatingExpense": 255.8
      },
      {
        "costOfGoodsSold": 450.3,
        "depreciationAmortization": 0.2,
        "dilutedAverageSharesOutstanding": 1062.4,
        "dilutedEPS": 0.29,
        "ebit": 408.5,
        "grossIncome": 643.6,
        "interestExpense": 0.014,
        "interestIncomeExpense": -1.8,
        "netIncome": 311.4,
        "netIncomeAfterTaxes": 311.4,
        "nonRecurringItems": -1.2,
        "otherOperatingExpensesTotal": 176.2,
        "period": "2020-06-30",
        "pretaxIncome": 405.5,
        "provisionforIncomeTaxes": 94.1,
        "revenue": 1093.9,
        "sgaExpense": 58.7,
        "totalOperatingExpense": 235.1
      },
      {
        "costOfGoodsSold": 442,
        "depreciationAmortization": 0.1,
        "dilutedAverageSharesOutstanding": 1081,
        "dilutedEPS": 0.26,
        "ebit": 368,
        "grossIncome": 620.1,
        "interestExpense": 0.011,
        "interestIncomeExpense": 0.9,
        "netIncome": 278.8,
        "netIncomeAfterTaxes": 278.8,
        "nonRecurringItems": -3,
        "otherOperatingExpensesTotal": 195.1,
        "period": "2020-03-31",
        "pretaxIncome": 365.9,
        "provisionforIncomeTaxes": 87,
        "revenue": 1062.1,
        "sgaExpense": 56.8,
        "totalOperatingExpense": 252.1
      },
      {
        "costOfGoodsSold": 422.9,
        "depreciationAmortization": 0.1,
        "dilutedAverageSharesOutstanding": 1093.2,
        "dilutedEPS": 0.23,
        "ebit": 317.3,
        "grossIncome": 594.3,
        "interestExpense": 0.013,
        "interestIncomeExpense": 4.2,
        "netIncome": 255,
        "netIncomeAfterTaxes": 255,
        "nonRecurringItems": -0.3,
        "otherOperatingExpensesTotal": 209.4,
        "period": "2019-12-31",
        "pretaxIncome": 321.2,
        "provisionforIncomeTaxes": 66.3,
        "revenue": 1017.2,
        "sgaExpense": 67.4,
        "totalOperatingExpense": 277
      },
      {
        "costOfGoodsSold": 476.6,
        "depreciationAmortization": 0.2,
        "dilutedAverageSharesOutstanding": 1096.8,
        "dilutedEPS": 0.27,
        "ebit": 395.4,
        "grossIncome": 657,
        "interestExpense": 0.013,
        "interestIncomeExpense": 3.1,
        "netIncome": 298.9,
        "netIncomeAfterTaxes": 298.9,
        "nonRecurringItems": 0,
        "otherOperatingExpensesTotal": 211.6,
        "period": "2019-09-30",
        "pretaxIncome": 398.6,
        "provisionforIncomeTaxes": 99.6,
        "revenue": 1133.6,
        "sgaExpense": 49.8,
        "totalOperatingExpense": 261.5
      },
      {
        "costOfGoodsSold": 458.4,
        "depreciationAmortization": 0.1,
        "dilutedAverageSharesOutstanding": 1096.4,
        "dilutedEPS": 0.27,
        "ebit": 379.3,
        "grossIncome": 645.7,
        "interestExpense": 0.015,
        "interestIncomeExpense": 3,
        "netIncome": 292.5,
        "netIncomeAfterTaxes": 292.5,
        "nonRecurringItems": -0.3,
        "otherOperatingExpensesTotal": 211.1,
        "period": "2019-06-30",
        "pretaxIncome": 382,
        "provisionforIncomeTaxes": 89.5,
        "revenue": 1104,
        "sgaExpense": 55.2,
        "totalOperatingExpense": 266.4
      },
      {
        "costOfGoodsSold": 387.8,
        "depreciationAmortization": 0.1,
        "dilutedAverageSharesOutstanding": 1096.5,
        "dilutedEPS": 0.24,
        "ebit": 322.2,
        "grossIncome": 558.2,
        "interestExpense": 0.015,
        "interestIncomeExpense": 2.7,
        "netIncome": 261.5,
        "netIncomeAfterTaxes": 261.5,
        "nonRecurringItems": -10.7,
        "otherOperatingExpensesTotal": 181,
        "period": "2019-03-31",
        "pretaxIncome": 314.2,
        "provisionforIncomeTaxes": 52.7,
        "revenue": 946,
        "sgaExpense": 55,
        "totalOperatingExpense": 236
      },
      {
        "costOfGoodsSold": 386.7,
        "dilutedAverageSharesOutstanding": 1113.3,
        "dilutedEPS": 0.22,
        "ebit": 306.5,
        "grossIncome": 537.5,
        "interestIncomeExpense": 4.4,
        "netIncome": 239.1,
        "netIncomeAfterTaxes": 240.9,
        "nonRecurringItems": 0,
        "otherOperatingExpensesTotal": 183.6,
        "period": "2018-12-31",
        "pretaxIncome": 310.9,
        "provisionforIncomeTaxes": 70,
        "revenue": 924.2,
        "sgaExpense": 47.4,
        "totalOperatingExpense": 231
      },
      {
        "costOfGoodsSold": 422.5,
        "dilutedAverageSharesOutstanding": 1119.9,
        "dilutedEPS": 0.24,
        "ebit": 353.7,
        "grossIncome": 593.7,
        "interestIncomeExpense": 3,
        "netIncome": 267.7,
        "netIncomeAfterTaxes": 267.7,
        "nonRecurringItems": -14.1,
        "otherOperatingExpensesTotal": 199.6,
        "period": "2018-09-30",
        "pretaxIncome": 342.6,
        "provisionforIncomeTaxes": 74.8,
        "revenue": 1016.2,
        "sgaExpense": 40.4,
        "totalOperatingExpense": 240
      },
      {
        "costOfGoodsSold": 410.5,
        "dilutedAverageSharesOutstanding": 1132.7,
        "dilutedEPS": 0.24,
        "ebit": 363.1,
        "grossIncome": 605.4,
        "interestIncomeExpense": 0.5,
        "netIncome": 270.1,
        "netIncomeAfterTaxes": 270.1,
        "nonRecurringItems": -5.5,
        "otherOperatingExpensesTotal": 200.6,
        "period": "2018-06-30",
        "pretaxIncome": 358.1,
        "provisionforIncomeTaxes": 88,
        "revenue": 1015.9,
        "sgaExpense": 41.6,
        "totalOperatingExpense": 242.3
      },
      {
        "costOfGoodsSold": 349.1,
        "dilutedAverageSharesOutstanding": 1148.3,
        "dilutedEPS": 0.19,
        "ebit": 286.9,
        "grossIncome": 501.9,
        "interestIncomeExpense": 1.8,
        "netIncome": 216.1,
        "netIncomeAfterTaxes": 216.1,
        "nonRecurringItems": -7,
        "otherOperatingExpensesTotal": 172.8,
        "period": "2018-03-31",
        "pretaxIncome": 281.7,
        "provisionforIncomeTaxes": 65.7,
        "revenue": 850.9,
        "sgaExpense": 42.1,
        "totalOperatingExpense": 214.9
      },
      {
        "costOfGoodsSold": 319.7,
        "dilutedAverageSharesOutstanding": 1149.3,
        "dilutedEPS": 0.17,
        "ebit": 266.6,
        "grossIncome": 490.6,
        "interestIncomeExpense": 0.7,
        "netIncome": 201.3,
        "netIncomeAfterTaxes": 243.2,
        "nonRecurringItems": 0.5,
        "otherOperatingExpensesTotal": 181.2,
        "period": "2017-12-31",
        "pretaxIncome": 267.8,
        "provisionforIncomeTaxes": 24.6,
        "revenue": 810.4,
        "sgaExpense": 42.8,
        "totalOperatingExpense": 224
      },
      {
        "costOfGoodsSold": 351.7,
        "dilutedAverageSharesOutstanding": 1156.7,
        "dilutedEPS": 0.19,
        "ebit": 333.3,
        "grossIncome": 557.8,
        "interestIncomeExpense": 4,
        "netIncome": 218.7,
        "netIncomeAfterTaxes": 218.7,
        "nonRecurringItems": -15.9,
        "otherOperatingExpensesTotal": 186.6,
        "period": "2017-09-30",
        "pretaxIncome": 321.4,
        "provisionforIncomeTaxes": 102.6,
        "revenue": 909.5,
        "sgaExpense": 37.9,
        "totalOperatingExpense": 224.5
      },
      {
        "costOfGoodsSold": 336.4,
        "dilutedAverageSharesOutstanding": 1156,
        "dilutedEPS": 0.19,
        "ebit": 350.2,
        "grossIncome": 570.7,
        "interestIncomeExpense": -2.6,
        "netIncome": 222.6,
        "netIncomeAfterTaxes": 222.6,
        "nonRecurringItems": -0.2,
        "otherOperatingExpensesTotal": 180.9,
        "period": "2017-06-30",
        "pretaxIncome": 347.5,
        "provisionforIncomeTaxes": 124.9,
        "revenue": 907.1,
        "sgaExpense": 39.6,
        "totalOperatingExpense": 220.4
      },
      {
        "costOfGoodsSold": 274.4,
        "dilutedAverageSharesOutstanding": 1164.1,
        "dilutedEPS": 0.15,
        "ebit": 284.2,
        "grossIncome": 467.8,
        "interestIncomeExpense": 0.7,
        "netIncome": 178,
        "netIncomeAfterTaxes": 178,
        "nonRecurringItems": -19.9,
        "otherOperatingExpensesTotal": 146.8,
        "period": "2017-03-31",
        "pretaxIncome": 264.9,
        "provisionforIncomeTaxes": 86.9,
        "revenue": 742.1,
        "sgaExpense": 36.8,
        "totalOperatingExpense": 183.6
      },
      {
        "costOfGoodsSold": 267.8,
        "dilutedAverageSharesOutstanding": 1137.6,
        "dilutedEPS": 0.15,
        "ebit": 298,
        "grossIncome": 486,
        "interestIncomeExpense": -5,
        "netIncome": 172.9,
        "netIncomeAfterTaxes": 172.9,
        "nonRecurringItems": -46.3,
        "otherOperatingExpensesTotal": 164.7,
        "period": "2016-12-31",
        "pretaxIncome": 246.7,
        "provisionforIncomeTaxes": 73.8,
        "revenue": 753.8,
        "sgaExpense": 23.2,
        "totalOperatingExpense": 187.9
      },
      {
        "costOfGoodsSold": 297.1,
        "dilutedAverageSharesOutstanding": 1166.6,
        "dilutedEPS": 0.16,
        "ebit": 295.1,
        "grossIncome": 490.9,
        "interestIncomeExpense": -1,
        "netIncome": 191.6,
        "netIncomeAfterTaxes": 191.6,
        "nonRecurringItems": -4.7,
        "otherOperatingExpensesTotal": 157.8,
        "period": "2016-09-30",
        "pretaxIncome": 289.3,
        "provisionforIncomeTaxes": 97.7,
        "revenue": 788,
        "sgaExpense": 38,
        "totalOperatingExpense": 195.8
      },
      {
        "costOfGoodsSold": 321.2,
        "dilutedAverageSharesOutstanding": 1229.8,
        "dilutedEPS": 0.15,
        "ebit": 313.8,
        "grossIncome": 506.3,
        "interestIncomeExpense": -0.2,
        "netIncome": 184.2,
        "netIncomeAfterTaxes": 184.2,
        "nonRecurringItems": -25.3,
        "otherOperatingExpensesTotal": 153.3,
        "period": "2016-06-30",
        "pretaxIncome": 288.3,
        "provisionforIncomeTaxes": 104.1,
        "revenue": 827.5,
        "sgaExpense": 39.2,
        "totalOperatingExpense": 192.5
      },
      {
        "costOfGoodsSold": 267.2,
        "dilutedAverageSharesOutstanding": 1241.5,
        "dilutedEPS": 0.13,
        "ebit": 258.1,
        "grossIncome": 413,
        "interestIncomeExpense": 0.6,
        "netIncome": 163.9,
        "netIncomeAfterTaxes": 163.9,
        "nonRecurringItems": -3.4,
        "otherOperatingExpensesTotal": 120.5,
        "period": "2016-03-31",
        "pretaxIncome": 255.3,
        "provisionforIncomeTaxes": 91.4,
        "revenue": 680.2,
        "sgaExpense": 34.3,
        "totalOperatingExpense": 154.9
      },
      {
        "costOfGoodsSold": 251.1,
        "dilutedAverageSharesOutstanding": 1235.7,
        "dilutedEPS": 0.11,
        "ebit": 228.4,
        "grossIncome": 394.4,
        "interestIncomeExpense": 1,
        "netIncome": 138.7,
        "netIncomeAfterTaxes": 138.7,
        "nonRecurringItems": 0,
        "otherOperatingExpensesTotal": 119.4,
        "period": "2015-12-31",
        "pretaxIncome": 229.5,
        "provisionforIncomeTaxes": 90.7,
        "revenue": 645.4,
        "sgaExpense": 46.5,
        "totalOperatingExpense": 165.9
      },
      {
        "costOfGoodsSold": 300,
        "dilutedAverageSharesOutstanding": 1248.6,
        "dilutedEPS": 0.14,
        "ebit": 291.4,
        "grossIncome": 456.6,
        "interestIncomeExpense": -3.4,
        "netIncome": 174.6,
        "netIncomeAfterTaxes": 174.6,
        "nonRecurringItems": 0,
        "otherOperatingExpensesTotal": 136.9,
        "period": "2015-09-30",
        "pretaxIncome": 288.1,
        "provisionforIncomeTaxes": 113.5,
        "revenue": 756.6,
        "sgaExpense": 28.2,
        "totalOperatingExpense": 165.2
      }
    ],
    "symbol": "MNST"
  }
}