{
  "symbol": "SJM",
  "statement": "ic",
  "frequency": "quarterly",
  "timestamp": "2025-09-19T14:06:43.160412",
  "data": {
    "financials": [
      {
        "costOfGoodsSold": 1623.2,
        "depreciationAmortization": 50.2,
        "dilutedAverageSharesOutstanding": 106.6,
        "dilutedEPS": -0.4118,
        "ebit": 67,
        "grossIncome": 490.1,
        "interestExpense": 100.2,
        "interestIncomeExpense": -100.2,
        "netIncome": -43.9,
        "netIncomeAfterTaxes": -43.9,
        "nonRecurringItems": -21.4,
        "otherOperatingExpensesTotal": -4.5,
        "period": "2025-07-31",
        "pretaxIncome": -56.5,
        "provisionforIncomeTaxes": -12.6,
        "revenue": 2113.3,
        "sgaExpense": 377.4,
        "totalOperatingExpense": 423.1,
        "totalOtherIncomeExpenseNet": -1.9
      },
      {
        "costOfGoodsSold": 1323.1,
        "depreciationAmortization": 53.6,
        "dilutedAverageSharesOutstanding": 106.4,
        "dilutedEPS": -6.8506,
        "ebit": 385.3,
        "grossIncome": 820.7,
        "interestExpense": 94.2,
        "interestIncomeExpense": -94.2,
        "netIncome": -728.9,
        "netIncomeAfterTaxes": -729,
        "nonRecurringItems": -984.5,
        "otherOperatingExpensesTotal": 1.2,
        "period": "2025-04-30",
        "pretaxIncome": -697.1,
        "provisionforIncomeTaxes": 31.9,
        "revenue": 2143.8,
        "sgaExpense": 380.6,
        "totalOperatingExpense": 435.4,
        "totalOtherIncomeExpenseNet": -3.7
      },
      {
        "costOfGoodsSold": 1306.8,
        "depreciationAmortization": 53.9,
        "dilutedAverageSharesOutstanding": 106.4,
        "dilutedEPS": -6.2246,
        "ebit": 469.9,
        "grossIncome": 879.2,
        "interestExpense": 95.4,
        "interestIncomeExpense": -95.4,
        "netIncome": -662.3,
        "netIncomeAfterTaxes": -662.3,
        "nonRecurringItems": -1033.6,
        "otherOperatingExpensesTotal": -12.2,
        "period": "2025-01-31",
        "pretaxIncome": -662.5,
        "provisionforIncomeTaxes": -0.2,
        "revenue": 2186,
        "sgaExpense": 367.6,
        "totalOperatingExpense": 409.3,
        "totalOtherIncomeExpenseNet": -3.4
      },
      {
        "costOfGoodsSold": 1379.8,
        "depreciationAmortization": 55.8,
        "dilutedAverageSharesOutstanding": 106.4,
        "dilutedEPS": -0.2303,
        "ebit": 446.5,
        "grossIncome": 891.4,
        "interestExpense": 98.7,
        "interestIncomeExpense": -98.7,
        "netIncome": -24.5,
        "netIncomeAfterTaxes": -24.5,
        "nonRecurringItems": -276.8,
        "otherOperatingExpensesTotal": -1.6,
        "period": "2024-10-31",
        "pretaxIncome": 66.8,
        "provisionforIncomeTaxes": 91.3,
        "revenue": 2271.2,
        "sgaExpense": 390.7,
        "totalOperatingExpense": 444.9,
        "totalOtherIncomeExpenseNet": -4.2
      },
      {
        "costOfGoodsSold": 1322.6,
        "depreciationAmortization": 56,
        "dilutedAverageSharesOutstanding": 106.3,
        "dilutedEPS": 1.7404,
        "ebit": 361.9,
        "grossIncome": 802.5,
        "interestExpense": 100.4,
        "interestIncomeExpense": -100.4,
        "netIncome": 185,
        "netIncomeAfterTaxes": 185,
        "nonRecurringItems": -12.4,
        "otherOperatingExpensesTotal": -5.5,
        "period": "2024-07-31",
        "pretaxIncome": 246,
        "provisionforIncomeTaxes": 61,
        "revenue": 2125.1,
        "sgaExpense": 390.1,
        "totalOperatingExpense": 440.6,
        "totalOtherIncomeExpenseNet": -3.1
      },
      {
        "costOfGoodsSold": 1289.5,
        "depreciationAmortization": 56,
        "dilutedAverageSharesOutstanding": 106.3,
        "dilutedEPS": 2.3236,
        "ebit": 435.3,
        "grossIncome": 916.2,
        "interestExpense": 97.3,
        "interestIncomeExpense": -97.3,
        "netIncome": 247,
        "netIncomeAfterTaxes": 247,
        "nonRecurringItems": -27.4,
        "period": "2024-04-30",
        "pretaxIncome": 315,
        "provisionforIncomeTaxes": 68,
        "revenue": 2205.7,
        "sgaExpense": 424.9,
        "totalOperatingExpense": 480.9,
        "totalOtherIncomeExpenseNet": 4.4
      },
      {
        "costOfGoodsSold": 1406.1,
        "depreciationAmortization": 55.7,
        "dilutedAverageSharesOutstanding": 105.9,
        "dilutedEPS": 1.1369,
        "ebit": 396.6,
        "grossIncome": 823.1,
        "interestExpense": 99.8,
        "interestIncomeExpense": -99.8,
        "netIncome": 120.4,
        "netIncomeAfterTaxes": 120.4,
        "nonRecurringItems": -99.1,
        "otherOperatingExpensesTotal": -3.4,
        "period": "2024-01-31",
        "pretaxIncome": 195.5,
        "provisionforIncomeTaxes": 75.1,
        "revenue": 2229.2,
        "sgaExpense": 374.2,
        "totalOperatingExpense": 426.5,
        "totalOtherIncomeExpenseNet": -2.2
      },
      {
        "costOfGoodsSold": 1214.4,
        "depreciationAmortization": 39.6,
        "dilutedAverageSharesOutstanding": 102.2,
        "dilutedEPS": 1.9061,
        "ebit": 319.5,
        "grossIncome": 724.2,
        "interestExpense": 35.1,
        "interestIncomeExpense": -35.1,
        "netIncome": 194.8,
        "netIncomeAfterTaxes": 194.9,
        "nonRecurringItems": -40.5,
        "otherOperatingExpensesTotal": 31.6,
        "period": "2023-10-31",
        "pretaxIncome": 249.4,
        "provisionforIncomeTaxes": 54.5,
        "revenue": 1938.6,
        "sgaExpense": 333.5,
        "totalOperatingExpense": 404.7,
        "totalOtherIncomeExpenseNet": 5.5
      },
      {
        "costOfGoodsSold": 1150.4,
        "depreciationAmortization": 39.8,
        "dilutedAverageSharesOutstanding": 102.5,
        "dilutedEPS": 1.79,
        "ebit": 302.3,
        "grossIncome": 654.8,
        "interestExpense": 32.1,
        "interestIncomeExpense": -32.1,
        "netIncome": 183.5,
        "netIncomeAfterTaxes": 183.6,
        "nonRecurringItems": 1.2,
        "otherOperatingExpensesTotal": -0.9,
        "period": "2023-07-31",
        "pretaxIncome": 238.4,
        "provisionforIncomeTaxes": 54.8,
        "revenue": 1805.2,
        "sgaExpense": 313.6,
        "totalOperatingExpense": 352.5,
        "totalOtherIncomeExpenseNet": -33
      },
      {
        "costOfGoodsSold": 1440.9,
        "depreciationAmortization": 40.1,
        "dilutedAverageSharesOutstanding": 105.6,
        "dilutedEPS": -5.68,
        "ebit": 390.1,
        "grossIncome": 793.9,
        "interestExpense": 35.3,
        "interestIncomeExpense": -35.3,
        "netIncome": -599.9,
        "netIncomeAfterTaxes": -600.7,
        "nonRecurringItems": -1030.5,
        "otherOperatingExpensesTotal": -12.3,
        "period": "2023-04-30",
        "pretaxIncome": -678.6,
        "provisionforIncomeTaxes": -77.9,
        "revenue": 2234.8,
        "sgaExpense": 376,
        "totalOperatingExpense": 403.8,
        "totalOtherIncomeExpenseNet": -2.9
      },
      {
        "costOfGoodsSold": 1459.5,
        "depreciationAmortization": 55.6,
        "dilutedAverageSharesOutstanding": 106.6,
        "dilutedEPS": 1.95,
        "ebit": 319.5,
        "grossIncome": 756.8,
        "interestExpense": 37.9,
        "interestIncomeExpense": -37.9,
        "netIncome": 208.3,
        "netIncomeAfterTaxes": 208.5,
        "nonRecurringItems": -1.6,
        "otherOperatingExpensesTotal": 0.8,
        "period": "2023-01-31",
        "pretaxIncome": 275.4,
        "provisionforIncomeTaxes": 66.9,
        "revenue": 2216.3,
        "sgaExpense": 380.9,
        "totalOperatingExpense": 437.3,
        "totalOtherIncomeExpenseNet": -4.6
      },
      {
        "costOfGoodsSold": 1501.2,
        "depreciationAmortization": 55.6,
        "dilutedAverageSharesOutstanding": 106.5,
        "dilutedEPS": 1.79,
        "ebit": 296.9,
        "grossIncome": 703.9,
        "interestExpense": 39.7,
        "interestIncomeExpense": -39.7,
        "netIncome": 190.8,
        "netIncomeAfterTaxes": 191.1,
        "nonRecurringItems": -3.5,
        "otherOperatingExpensesTotal": -2.9,
        "period": "2022-10-31",
        "pretaxIncome": 252.9,
        "provisionforIncomeTaxes": 61.8,
        "revenue": 2205.1,
        "sgaExpense": 354.3,
        "totalOperatingExpense": 407,
        "totalOtherIncomeExpenseNet": -0.8
      },
      {
        "costOfGoodsSold": 1319.4,
        "depreciationAmortization": 55.6,
        "dilutedAverageSharesOutstanding": 106.3,
        "dilutedEPS": 1.03,
        "ebit": 180.6,
        "grossIncome": 553.6,
        "interestExpense": 39.1,
        "interestIncomeExpense": -39.1,
        "netIncome": 109.6,
        "netIncomeAfterTaxes": 109.8,
        "nonRecurringItems": -0.9,
        "otherOperatingExpensesTotal": -26.4,
        "period": "2022-07-31",
        "pretaxIncome": 141.1,
        "provisionforIncomeTaxes": 31.3,
        "revenue": 1873,
        "sgaExpense": 343.8,
        "totalOperatingExpense": 373,
        "totalOtherIncomeExpenseNet": 0.5
      },
      {
        "costOfGoodsSold": 1364.1,
        "depreciationAmortization": 57.5,
        "dilutedAverageSharesOutstanding": 107.3,
        "dilutedEPS": 1.88,
        "ebit": 307.9,
        "grossIncome": 669.7,
        "interestExpense": 38,
        "interestIncomeExpense": -38,
        "netIncome": 201.5,
        "netIncomeAfterTaxes": 202.1,
        "nonRecurringItems": -5.9,
        "otherOperatingExpensesTotal": -48.3,
        "period": "2022-04-30",
        "pretaxIncome": 260.2,
        "provisionforIncomeTaxes": 58.1,
        "revenue": 2033.8,
        "sgaExpense": 352.6,
        "totalOperatingExpense": 361.8,
        "totalOtherIncomeExpenseNet": -3.8
      },
      {
        "costOfGoodsSold": 1367.2,
        "depreciationAmortization": 55.3,
        "dilutedAverageSharesOutstanding": 108.2,
        "dilutedEPS": 0.64,
        "ebit": 300.2,
        "grossIncome": 689.9,
        "interestExpense": 39.5,
        "interestIncomeExpense": -39.5,
        "netIncome": 69.6,
        "netIncomeAfterTaxes": 69.7,
        "nonRecurringItems": -149.6,
        "otherOperatingExpensesTotal": -1.6,
        "period": "2022-01-31",
        "pretaxIncome": 109.6,
        "provisionforIncomeTaxes": 39.9,
        "revenue": 2057.1,
        "sgaExpense": 336,
        "totalOperatingExpense": 389.7,
        "totalOtherIncomeExpenseNet": -1.5
      },
      {
        "costOfGoodsSold": 1332.4,
        "depreciationAmortization": 55.4,
        "dilutedAverageSharesOutstanding": 108.1,
        "dilutedEPS": 1.9,
        "ebit": 319.2,
        "grossIncome": 717.6,
        "interestExpense": 40.3,
        "interestIncomeExpense": -40.3,
        "netIncome": 205.4,
        "netIncomeAfterTaxes": 206,
        "nonRecurringItems": -14.3,
        "otherOperatingExpensesTotal": -4.7,
        "period": "2021-10-31",
        "pretaxIncome": 268.8,
        "provisionforIncomeTaxes": 62.8,
        "revenue": 2050,
        "sgaExpense": 347.7,
        "totalOperatingExpense": 398.4,
        "totalOtherIncomeExpenseNet": 4.2
      },
      {
        "costOfGoodsSold": 1214,
        "depreciationAmortization": 55.4,
        "dilutedAverageSharesOutstanding": 108.1,
        "dilutedEPS": 1.42,
        "ebit": 265.8,
        "grossIncome": 644,
        "interestExpense": 43.1,
        "interestIncomeExpense": -43.1,
        "netIncome": 153.4,
        "netIncomeAfterTaxes": 153.9,
        "nonRecurringItems": -13.3,
        "otherOperatingExpensesTotal": -1.2,
        "period": "2021-07-31",
        "pretaxIncome": 205.2,
        "provisionforIncomeTaxes": 51.3,
        "revenue": 1858,
        "sgaExpense": 324,
        "totalOperatingExpense": 378.2,
        "totalOtherIncomeExpenseNet": -4.2
      },
      {
        "costOfGoodsSold": 1184.5,
        "depreciationAmortization": 56.9,
        "dilutedAverageSharesOutstanding": 108.7,
        "dilutedEPS": 1.35,
        "ebit": 261.5,
        "grossIncome": 735.7,
        "interestExpense": 42.4,
        "interestIncomeExpense": -42.4,
        "netIncome": 146.4,
        "netIncomeAfterTaxes": 147,
        "nonRecurringItems": -22.8,
        "otherOperatingExpensesTotal": 6.2,
        "period": "2021-04-30",
        "pretaxIncome": 193.3,
        "provisionforIncomeTaxes": 46.3,
        "revenue": 1920.2,
        "sgaExpense": 411.1,
        "totalOperatingExpense": 474.2,
        "totalOtherIncomeExpenseNet": -3
      },
      {
        "costOfGoodsSold": 1267.3,
        "depreciationAmortization": 57,
        "dilutedAverageSharesOutstanding": 112.1,
        "dilutedEPS": 2.32,
        "ebit": 407.9,
        "grossIncome": 809.4,
        "interestExpense": 43.5,
        "interestIncomeExpense": -43.5,
        "netIncome": 260.4,
        "netIncomeAfterTaxes": 261.5,
        "nonRecurringItems": -1.7,
        "otherOperatingExpensesTotal": -27.2,
        "period": "2021-01-31",
        "pretaxIncome": 361.5,
        "provisionforIncomeTaxes": 100,
        "revenue": 2076.7,
        "sgaExpense": 371.7,
        "totalOperatingExpense": 401.5,
        "totalOtherIncomeExpenseNet": -1.2
      },
      {
        "costOfGoodsSold": 1215.8,
        "depreciationAmortization": 59.5,
        "dilutedAverageSharesOutstanding": 113.7,
        "dilutedEPS": 2.02,
        "ebit": 380.8,
        "grossIncome": 818.2,
        "interestExpense": 45.1,
        "interestIncomeExpense": -45.1,
        "netIncome": 229.9,
        "netIncomeAfterTaxes": 230.8,
        "nonRecurringItems": 0,
        "otherOperatingExpensesTotal": -4.9,
        "period": "2020-10-31",
        "pretaxIncome": 303.5,
        "provisionforIncomeTaxes": 72.7,
        "revenue": 2034,
        "sgaExpense": 382.8,
        "totalOperatingExpense": 437.4,
        "totalOtherIncomeExpenseNet": -32.2
      },
      {
        "costOfGoodsSold": 1196.4,
        "depreciationAmortization": 59.6,
        "dilutedAverageSharesOutstanding": 113.5,
        "dilutedEPS": 2.08,
        "ebit": 361.1,
        "grossIncome": 775.4,
        "interestExpense": 46.1,
        "interestIncomeExpense": -46.1,
        "netIncome": 235.9,
        "netIncomeAfterTaxes": 237,
        "nonRecurringItems": 0,
        "otherOperatingExpensesTotal": -2.8,
        "period": "2020-07-31",
        "pretaxIncome": 313.6,
        "provisionforIncomeTaxes": 76.6,
        "revenue": 1971.8,
        "sgaExpense": 357.5,
        "totalOperatingExpense": 414.3,
        "totalOtherIncomeExpenseNet": -1.4
      },
      {
        "costOfGoodsSold": 1303.6,
        "depreciationAmortization": 59.9,
        "dilutedAverageSharesOutstanding": 113.7,
        "dilutedEPS": 1.98,
        "ebit": 353.3,
        "grossIncome": 788.4,
        "interestExpense": 45.6,
        "interestIncomeExpense": -45.6,
        "netIncome": 225.1,
        "netIncomeAfterTaxes": 226.3,
        "nonRecurringItems": -6.6,
        "otherOperatingExpensesTotal": 1.8,
        "period": "2020-04-30",
        "pretaxIncome": 298.4,
        "provisionforIncomeTaxes": 72.1,
        "revenue": 2092,
        "sgaExpense": 373.4,
        "totalOperatingExpense": 435.1,
        "totalOtherIncomeExpenseNet": -2.7
      },
      {
        "costOfGoodsSold": 1212.3,
        "depreciationAmortization": 58.8,
        "dilutedAverageSharesOutstanding": 113.4,
        "dilutedEPS": 1.64,
        "ebit": 344.7,
        "grossIncome": 760,
        "interestExpense": 45.1,
        "interestIncomeExpense": -45.1,
        "netIncome": 186.3,
        "netIncomeAfterTaxes": 187.4,
        "nonRecurringItems": -55.7,
        "otherOperatingExpensesTotal": -2.4,
        "period": "2020-01-31",
        "pretaxIncome": 242.5,
        "provisionforIncomeTaxes": 55.1,
        "revenue": 1972.3,
        "sgaExpense": 358.9,
        "totalOperatingExpense": 415.3,
        "totalOtherIncomeExpenseNet": -1.4
      },
      {
        "costOfGoodsSold": 1203.8,
        "depreciationAmortization": 58.8,
        "dilutedAverageSharesOutstanding": 113.4,
        "dilutedEPS": 1.85,
        "ebit": 333.1,
        "grossIncome": 754,
        "interestExpense": 49.1,
        "interestIncomeExpense": -49.1,
        "netIncome": 209.9,
        "netIncomeAfterTaxes": 211.2,
        "nonRecurringItems": -3.3,
        "otherOperatingExpensesTotal": 0.6,
        "period": "2019-10-31",
        "pretaxIncome": 279.1,
        "provisionforIncomeTaxes": 67.9,
        "revenue": 1957.8,
        "sgaExpense": 361.5,
        "totalOperatingExpense": 420.9,
        "totalOtherIncomeExpenseNet": -1.6
      },
      {
        "costOfGoodsSold": 1079.3,
        "depreciationAmortization": 58.8,
        "dilutedAverageSharesOutstanding": 113.3,
        "dilutedEPS": 1.36,
        "ebit": 260.9,
        "grossIncome": 699.6,
        "interestExpense": 49.4,
        "interestIncomeExpense": -49.4,
        "netIncome": 153.8,
        "netIncomeAfterTaxes": 154.6,
        "nonRecurringItems": -3.3,
        "otherOperatingExpensesTotal": -0.6,
        "period": "2019-07-31",
        "pretaxIncome": 206.7,
        "provisionforIncomeTaxes": 52.1,
        "revenue": 1778.9,
        "sgaExpense": 380.5,
        "totalOperatingExpense": 438.7,
        "totalOtherIncomeExpenseNet": -1.5
      },
      {
        "costOfGoodsSold": 1209.7,
        "depreciationAmortization": 60.4,
        "dilutedAverageSharesOutstanding": 113.1,
        "dilutedEPS": 0.63,
        "ebit": 263.6,
        "grossIncome": 692.4,
        "interestExpense": 49.1,
        "interestIncomeExpense": -49.1,
        "netIncome": 71.2,
        "netIncomeAfterTaxes": 71.5,
        "nonRecurringItems": -110,
        "otherOperatingExpensesTotal": -1.4,
        "period": "2019-04-30",
        "pretaxIncome": 101.9,
        "provisionforIncomeTaxes": 30.4,
        "revenue": 1902.1,
        "sgaExpense": 369.8,
        "totalOperatingExpense": 428.8,
        "totalOtherIncomeExpenseNet": -2.6
      },
      {
        "costOfGoodsSold": 1238.1,
        "depreciationAmortization": 59.7,
        "dilutedAverageSharesOutstanding": 113.2,
        "dilutedEPS": 1.07,
        "ebit": 342.6,
        "grossIncome": 773.8,
        "interestExpense": 51.6,
        "interestIncomeExpense": -51.6,
        "netIncome": 120.8,
        "netIncomeAfterTaxes": 121.4,
        "nonRecurringItems": -125,
        "otherOperatingExpensesTotal": -1.6,
        "period": "2019-01-31",
        "pretaxIncome": 157.2,
        "provisionforIncomeTaxes": 35.8,
        "revenue": 2011.9,
        "sgaExpense": 373.1,
        "totalOperatingExpense": 431.2,
        "totalOtherIncomeExpenseNet": -8.8
      },
      {
        "costOfGoodsSold": 1250.2,
        "depreciationAmortization": 59.7,
        "dilutedAverageSharesOutstanding": 113.2,
        "dilutedEPS": 1.66,
        "ebit": 329.3,
        "grossIncome": 771.3,
        "interestExpense": 53.6,
        "interestIncomeExpense": -53.6,
        "netIncome": 187.5,
        "netIncomeAfterTaxes": 188.5,
        "nonRecurringItems": 1.2,
        "otherOperatingExpensesTotal": -0.1,
        "period": "2018-10-31",
        "pretaxIncome": 269.4,
        "provisionforIncomeTaxes": 80.9,
        "revenue": 2021.5,
        "sgaExpense": 382.4,
        "totalOperatingExpense": 442,
        "totalOtherIncomeExpenseNet": -7.5
      },
      {
        "costOfGoodsSold": 1224.3,
        "depreciationAmortization": 60.5,
        "dilutedAverageSharesOutstanding": 113.1,
        "dilutedEPS": 1.17,
        "ebit": 234.6,
        "grossIncome": 678.2,
        "interestExpense": 53.6,
        "interestIncomeExpense": -53.6,
        "netIncome": 132.3,
        "netIncomeAfterTaxes": 133,
        "nonRecurringItems": -7.7,
        "otherOperatingExpensesTotal": -0.2,
        "period": "2018-07-31",
        "pretaxIncome": 173.1,
        "provisionforIncomeTaxes": 40.1,
        "revenue": 1902.5,
        "sgaExpense": 383.3,
        "totalOperatingExpense": 443.6,
        "totalOtherIncomeExpenseNet": -0.2
      },
      {
        "costOfGoodsSold": 1086.9,
        "depreciationAmortization": 52.1,
        "dilutedAverageSharesOutstanding": 113,
        "dilutedEPS": 1.64,
        "ebit": 468.7,
        "grossIncome": 694.4,
        "interestExpense": 47.4,
        "interestIncomeExpense": -47.4,
        "netIncome": 185.2,
        "netIncomeAfterTaxes": 185.9,
        "nonRecurringItems": -151.9,
        "otherOperatingExpensesTotal": -146.3,
        "period": "2018-04-30",
        "pretaxIncome": 264.2,
        "provisionforIncomeTaxes": 78.3,
        "revenue": 1781.3,
        "sgaExpense": 319.9,
        "totalOperatingExpense": 225.7,
        "totalOtherIncomeExpenseNet": -5.2
      },
      {
        "costOfGoodsSold": 1174.8,
        "depreciationAmortization": 51.6,
        "dilutedAverageSharesOutstanding": 113,
        "dilutedEPS": 7.31,
        "ebit": 345.2,
        "grossIncome": 728.5,
        "interestExpense": 43.1,
        "interestIncomeExpense": -43.1,
        "netIncome": 826.9,
        "netIncomeAfterTaxes": 65.5,
        "nonRecurringItems": -182.5,
        "otherOperatingExpensesTotal": -0.2,
        "period": "2018-01-31",
        "pretaxIncome": 116,
        "provisionforIncomeTaxes": 50.5,
        "revenue": 1903.3,
        "sgaExpense": 331.9,
        "totalOperatingExpense": 383.3,
        "totalOtherIncomeExpenseNet": -3.6
      },
      {
        "costOfGoodsSold": 1168.6,
        "depreciationAmortization": 51.6,
        "dilutedAverageSharesOutstanding": 113,
        "dilutedEPS": 1.71,
        "ebit": 340.4,
        "grossIncome": 755,
        "interestExpense": 41.6,
        "interestIncomeExpense": -41.6,
        "netIncome": 193.5,
        "netIncomeAfterTaxes": 194.6,
        "nonRecurringItems": -9.7,
        "otherOperatingExpensesTotal": 2.1,
        "period": "2017-10-31",
        "pretaxIncome": 291.8,
        "provisionforIncomeTaxes": 97.2,
        "revenue": 1923.6,
        "sgaExpense": 360.9,
        "totalOperatingExpense": 414.6,
        "totalOtherIncomeExpenseNet": 2.7
      },
      {
        "costOfGoodsSold": 1086.8,
        "depreciationAmortization": 51.5,
        "dilutedAverageSharesOutstanding": 113,
        "dilutedEPS": 1.12,
        "ebit": 260.9,
        "grossIncome": 662.1,
        "interestExpense": 42,
        "interestIncomeExpense": -42,
        "netIncome": 126.2,
        "netIncomeAfterTaxes": 126.8,
        "nonRecurringItems": -27.1,
        "otherOperatingExpensesTotal": -0.5,
        "period": "2017-07-31",
        "pretaxIncome": 189,
        "provisionforIncomeTaxes": 62.2,
        "revenue": 1748.9,
        "sgaExpense": 350.2,
        "totalOperatingExpense": 401.2,
        "totalOtherIncomeExpenseNet": -2.8
      },
      {
        "costOfGoodsSold": 1131.3,
        "depreciationAmortization": 52.1,
        "dilutedAverageSharesOutstanding": 114.4,
        "dilutedEPS": 0.96,
        "ebit": 270,
        "grossIncome": 652.5,
        "interestExpense": 40.3,
        "interestIncomeExpense": -40.3,
        "netIncome": 109.8,
        "netIncomeAfterTaxes": 110.4,
        "nonRecurringItems": -73.3,
        "otherOperatingExpensesTotal": -4,
        "period": "2017-04-30",
        "pretaxIncome": 161.9,
        "provisionforIncomeTaxes": 51.5,
        "revenue": 1783.8,
        "sgaExpense": 334.4,
        "totalOperatingExpense": 382.5,
        "totalOtherIncomeExpenseNet": 5.5
      },
      {
        "costOfGoodsSold": 1155.9,
        "depreciationAmortization": 51.7,
        "dilutedAverageSharesOutstanding": 116,
        "dilutedEPS": 1.16,
        "ebit": 331.4,
        "grossIncome": 722.9,
        "interestExpense": 40.3,
        "interestIncomeExpense": -40.3,
        "netIncome": 134,
        "netIncomeAfterTaxes": 134.6,
        "nonRecurringItems": -93.7,
        "otherOperatingExpensesTotal": 2.6,
        "period": "2017-01-31",
        "pretaxIncome": 197.6,
        "provisionforIncomeTaxes": 63,
        "revenue": 1878.8,
        "sgaExpense": 337.2,
        "totalOperatingExpense": 391.5,
        "totalOtherIncomeExpenseNet": 0.2
      },
      {
        "costOfGoodsSold": 1171,
        "depreciationAmortization": 51.8,
        "dilutedAverageSharesOutstanding": 116,
        "dilutedEPS": 1.52,
        "ebit": 329.9,
        "grossIncome": 742.9,
        "interestExpense": 41,
        "interestIncomeExpense": -41,
        "netIncome": 176.5,
        "netIncomeAfterTaxes": 177.3,
        "nonRecurringItems": -26.6,
        "otherOperatingExpensesTotal": -1.9,
        "period": "2016-10-31",
        "pretaxIncome": 265.5,
        "provisionforIncomeTaxes": 88.2,
        "revenue": 1913.9,
        "sgaExpense": 363.1,
        "totalOperatingExpense": 413,
        "totalOtherIncomeExpenseNet": 3.2
      },
      {
        "costOfGoodsSold": 1093.1,
        "depreciationAmortization": 51.7,
        "dilutedAverageSharesOutstanding": 115.9,
        "dilutedEPS": 1.46,
        "ebit": 316,
        "grossIncome": 722.7,
        "interestExpense": 41.5,
        "interestIncomeExpense": -41.5,
        "netIncome": 169.2,
        "netIncomeAfterTaxes": 170,
        "nonRecurringItems": -22.2,
        "otherOperatingExpensesTotal": -1,
        "period": "2016-07-31",
        "pretaxIncome": 253.4,
        "provisionforIncomeTaxes": 83.4,
        "revenue": 1815.8,
        "sgaExpense": 356,
        "totalOperatingExpense": 406.7,
        "totalOtherIncomeExpenseNet": 1.1
      },
      {
        "costOfGoodsSold": 1107.4,
        "depreciationAmortization": 50.2,
        "dilutedAverageSharesOutstanding": 118.3,
        "dilutedEPS": 1.61,
        "ebit": 299.3,
        "grossIncome": 700.2,
        "interestExpense": 40.5,
        "interestIncomeExpense": -40.5,
        "netIncome": 190.2,
        "netIncomeAfterTaxes": 191,
        "nonRecurringItems": -53.2,
        "otherOperatingExpensesTotal": -1.1,
        "period": "2016-04-30",
        "pretaxIncome": 210.2,
        "provisionforIncomeTaxes": 19.2,
        "revenue": 1807.6,
        "sgaExpense": 351.8,
        "totalOperatingExpense": 400.9,
        "totalOtherIncomeExpenseNet": 4.6
      },
      {
        "costOfGoodsSold": 1210.1,
        "depreciationAmortization": 52.2,
        "dilutedAverageSharesOutstanding": 119.2,
        "dilutedEPS": 1.55,
        "ebit": 359.7,
        "grossIncome": 763.8,
        "interestExpense": 43.6,
        "interestIncomeExpense": -43.6,
        "netIncome": 184.5,
        "netIncomeAfterTaxes": 185.3,
        "nonRecurringItems": -41.4,
        "otherOperatingExpensesTotal": -29.2,
        "period": "2016-01-31",
        "pretaxIncome": 275.3,
        "provisionforIncomeTaxes": 90,
        "revenue": 1973.9,
        "sgaExpense": 381.1,
        "totalOperatingExpense": 404.1,
        "totalOtherIncomeExpenseNet": 0.6
      },
      {
        "costOfGoodsSold": 1290.4,
        "depreciationAmortization": 53,
        "dilutedAverageSharesOutstanding": 119.2,
        "dilutedEPS": 1.47,
        "ebit": 344.4,
        "grossIncome": 787.3,
        "interestExpense": 42.6,
        "interestIncomeExpense": -42.6,
        "netIncome": 175.2,
        "netIncomeAfterTaxes": 176,
        "nonRecurringItems": -30.6,
        "otherOperatingExpensesTotal": 0.1,
        "period": "2015-10-31",
        "pretaxIncome": 269.6,
        "provisionforIncomeTaxes": 93.6,
        "revenue": 2077.7,
        "sgaExpense": 389.8,
        "totalOperatingExpense": 442.9,
        "totalOtherIncomeExpenseNet": -1.6
      }
    ],
    "symbol": "SJM"
  }
}