{
  "symbol": "CTSH",
  "statement": "ic",
  "frequency": "quarterly",
  "timestamp": "2025-09-19T13:58:14.422496",
  "data": {
    "financials": [
      {
        "costOfGoodsSold": 3479,
        "depreciationAmortization": 139,
        "dilutedAverageSharesOutstanding": 492,
        "dilutedEPS": 1.311,
        "ebit": 817,
        "equityEarningsAffiliates": 0,
        "grossIncome": 1766,
        "interestExpense": 9,
        "interestIncomeExpense": 21,
        "netIncome": 645,
        "netIncomeAfterTaxes": 645,
        "nonRecurringItems": 0,
        "period": "2025-06-30",
        "pretaxIncome": 842,
        "provisionforIncomeTaxes": 197,
        "revenue": 5245,
        "sgaExpense": 810,
        "totalOperatingExpense": 949,
        "totalOtherIncomeExpenseNet": 4
      },
      {
        "costOfGoodsSold": 3397,
        "depreciationAmortization": 136,
        "dilutedAverageSharesOutstanding": 495,
        "dilutedEPS": 1.3394,
        "ebit": 791,
        "equityEarningsAffiliates": 4,
        "grossIncome": 1718,
        "interestExpense": 12,
        "interestIncomeExpense": 20,
        "netIncome": 663,
        "netIncomeAfterTaxes": 659,
        "nonRecurringItems": 62,
        "period": "2025-03-31",
        "pretaxIncome": 872,
        "provisionforIncomeTaxes": 213,
        "revenue": 5115,
        "sgaExpense": 791,
        "totalOperatingExpense": 927,
        "totalOtherIncomeExpenseNet": -1
      },
      {
        "costOfGoodsSold": 3297,
        "depreciationAmortization": 141,
        "dilutedAverageSharesOutstanding": 497,
        "dilutedEPS": 1.0986,
        "ebit": 800,
        "equityEarningsAffiliates": 5,
        "grossIncome": 1785,
        "interestExpense": 19,
        "interestIncomeExpense": -9,
        "netIncome": 546,
        "netIncomeAfterTaxes": 541,
        "nonRecurringItems": -49,
        "period": "2024-12-31",
        "pretaxIncome": 740,
        "provisionforIncomeTaxes": 199,
        "revenue": 5082,
        "sgaExpense": 844,
        "totalOperatingExpense": 985,
        "totalOtherIncomeExpenseNet": -2
      },
      {
        "costOfGoodsSold": 3311,
        "depreciationAmortization": 129,
        "dilutedAverageSharesOutstanding": 496,
        "dilutedEPS": 1.1734,
        "ebit": 771,
        "equityEarningsAffiliates": 4,
        "grossIncome": 1733,
        "interestExpense": 14,
        "interestIncomeExpense": 9,
        "netIncome": 582,
        "netIncomeAfterTaxes": 578,
        "nonRecurringItems": -33,
        "period": "2024-09-30",
        "pretaxIncome": 748,
        "provisionforIncomeTaxes": 170,
        "revenue": 5044,
        "sgaExpense": 833,
        "totalOperatingExpense": 962,
        "totalOtherIncomeExpenseNet": 1
      },
      {
        "costOfGoodsSold": 3204,
        "depreciationAmortization": 128,
        "dilutedAverageSharesOutstanding": 498,
        "dilutedEPS": 1.1366,
        "ebit": 737,
        "equityEarningsAffiliates": 3,
        "grossIncome": 1646,
        "interestExpense": 10,
        "interestIncomeExpense": 21,
        "netIncome": 566,
        "netIncomeAfterTaxes": 563,
        "nonRecurringItems": -29,
        "period": "2024-06-30",
        "pretaxIncome": 728,
        "provisionforIncomeTaxes": 165,
        "revenue": 4850,
        "sgaExpense": 781,
        "totalOperatingExpense": 909,
        "totalOtherIncomeExpenseNet": -1
      },
      {
        "costOfGoodsSold": 3146,
        "depreciationAmortization": 131,
        "dilutedAverageSharesOutstanding": 498,
        "dilutedEPS": 1.0964,
        "ebit": 718,
        "equityEarningsAffiliates": 3,
        "grossIncome": 1614,
        "interestExpense": 11,
        "interestIncomeExpense": 25,
        "netIncome": 546,
        "netIncomeAfterTaxes": 543,
        "nonRecurringItems": -23,
        "period": "2024-03-31",
        "pretaxIncome": 722,
        "provisionforIncomeTaxes": 179,
        "revenue": 4760,
        "sgaExpense": 765,
        "totalOperatingExpense": 896,
        "totalOtherIncomeExpenseNet": 2
      },
      {
        "costOfGoodsSold": 3081,
        "depreciationAmortization": 127,
        "dilutedAverageSharesOutstanding": 501,
        "dilutedEPS": 1.1138,
        "ebit": 764,
        "equityEarningsAffiliates": 4,
        "grossIncome": 1677,
        "interestExpense": 11,
        "interestIncomeExpense": 22,
        "netIncome": 558,
        "netIncomeAfterTaxes": 554,
        "nonRecurringItems": -40,
        "period": "2023-12-31",
        "pretaxIncome": 749,
        "provisionforIncomeTaxes": 195,
        "revenue": 4758,
        "sgaExpense": 786,
        "totalOperatingExpense": 913,
        "totalOtherIncomeExpenseNet": 3
      },
      {
        "costOfGoodsSold": 3209,
        "depreciationAmortization": 129,
        "dilutedAverageSharesOutstanding": 505,
        "dilutedEPS": 1.04,
        "ebit": 758,
        "equityEarningsAffiliates": 3,
        "grossIncome": 1688,
        "interestExpense": 11,
        "interestIncomeExpense": 21,
        "netIncome": 525,
        "netIncomeAfterTaxes": 522,
        "nonRecurringItems": -72,
        "period": "2023-09-30",
        "pretaxIncome": 713,
        "provisionforIncomeTaxes": 191,
        "revenue": 4897,
        "sgaExpense": 801,
        "totalOperatingExpense": 930,
        "totalOtherIncomeExpenseNet": 6
      },
      {
        "costOfGoodsSold": 3231,
        "depreciationAmortization": 131,
        "dilutedAverageSharesOutstanding": 507,
        "dilutedEPS": 0.92,
        "ebit": 694,
        "equityEarningsAffiliates": 0,
        "grossIncome": 1655,
        "interestExpense": 10,
        "interestIncomeExpense": 11,
        "netIncome": 463,
        "netIncomeAfterTaxes": 463,
        "nonRecurringItems": -117,
        "period": "2023-06-30",
        "pretaxIncome": 587,
        "provisionforIncomeTaxes": 124,
        "revenue": 4886,
        "sgaExpense": 830,
        "totalOperatingExpense": 961,
        "totalOtherIncomeExpenseNet": -1
      },
      {
        "costOfGoodsSold": 3143,
        "depreciationAmortization": 132,
        "dilutedAverageSharesOutstanding": 509,
        "dilutedEPS": 1.14,
        "ebit": 702,
        "equityEarningsAffiliates": 0,
        "grossIncome": 1669,
        "interestExpense": 9,
        "interestIncomeExpense": 33,
        "netIncome": 580,
        "netIncomeAfterTaxes": 580,
        "period": "2023-03-31",
        "pretaxIncome": 738,
        "provisionforIncomeTaxes": 158,
        "revenue": 4812,
        "sgaExpense": 835,
        "totalOperatingExpense": 967,
        "totalOtherIncomeExpenseNet": 3
      },
      {
        "costOfGoodsSold": 3152,
        "depreciationAmortization": 141,
        "dilutedAverageSharesOutstanding": 513,
        "dilutedEPS": 1.02,
        "ebit": 686,
        "equityEarningsAffiliates": 0,
        "grossIncome": 1687,
        "interestExpense": 8,
        "interestIncomeExpense": 27,
        "netIncome": 521,
        "netIncomeAfterTaxes": 521,
        "nonRecurringItems": 0,
        "period": "2022-12-31",
        "pretaxIncome": 714,
        "provisionforIncomeTaxes": 193,
        "revenue": 4839,
        "sgaExpense": 860,
        "totalOperatingExpense": 1001,
        "totalOtherIncomeExpenseNet": 1
      },
      {
        "costOfGoodsSold": 3080,
        "depreciationAmortization": 141,
        "dilutedAverageSharesOutstanding": 517,
        "dilutedEPS": 1.22,
        "ebit": 798,
        "equityEarningsAffiliates": 0,
        "grossIncome": 1777,
        "interestExpense": 6,
        "interestIncomeExpense": 14,
        "netIncome": 629,
        "netIncomeAfterTaxes": 629,
        "period": "2022-09-30",
        "pretaxIncome": 812,
        "provisionforIncomeTaxes": 183,
        "revenue": 4857,
        "sgaExpense": 838,
        "totalOperatingExpense": 979,
        "totalOtherIncomeExpenseNet": 0
      },
      {
        "costOfGoodsSold": 3119,
        "depreciationAmortization": 144,
        "dilutedAverageSharesOutstanding": 521,
        "dilutedEPS": 1.11,
        "ebit": 760,
        "equityEarningsAffiliates": 0,
        "grossIncome": 1787,
        "interestExpense": 3,
        "interestIncomeExpense": 2,
        "netIncome": 577,
        "netIncomeAfterTaxes": 577,
        "period": "2022-06-30",
        "pretaxIncome": 761,
        "provisionforIncomeTaxes": 184,
        "revenue": 4906,
        "sgaExpense": 883,
        "totalOperatingExpense": 1027,
        "totalOtherIncomeExpenseNet": -1
      },
      {
        "costOfGoodsSold": 3097,
        "depreciationAmortization": 143,
        "dilutedAverageSharesOutstanding": 525,
        "dilutedEPS": 1.07,
        "ebit": 724,
        "equityEarningsAffiliates": 4,
        "grossIncome": 1729,
        "interestExpense": 2,
        "interestIncomeExpense": 4,
        "netIncome": 563,
        "netIncomeAfterTaxes": 559,
        "period": "2022-03-31",
        "pretaxIncome": 729,
        "provisionforIncomeTaxes": 170,
        "revenue": 4826,
        "sgaExpense": 862,
        "totalOperatingExpense": 1005,
        "totalOtherIncomeExpenseNet": 1
      },
      {
        "costOfGoodsSold": 3030,
        "depreciationAmortization": 144,
        "dilutedAverageSharesOutstanding": 528,
        "dilutedEPS": 1.09,
        "ebit": 732,
        "equityEarningsAffiliates": 1,
        "grossIncome": 1747,
        "interestExpense": 2,
        "interestIncomeExpense": 4,
        "netIncome": 576,
        "netIncomeAfterTaxes": 575,
        "nonRecurringItems": 0,
        "period": "2021-12-31",
        "pretaxIncome": 737,
        "provisionforIncomeTaxes": 162,
        "revenue": 4777,
        "sgaExpense": 871,
        "totalOperatingExpense": 1015,
        "totalOtherIncomeExpenseNet": 1
      },
      {
        "costOfGoodsSold": 2947,
        "depreciationAmortization": 144,
        "dilutedAverageSharesOutstanding": 526,
        "dilutedEPS": 1.03,
        "ebit": 749,
        "equityEarningsAffiliates": 0,
        "grossIncome": 1797,
        "interestExpense": 3,
        "interestIncomeExpense": 1,
        "netIncome": 544,
        "netIncomeAfterTaxes": 544,
        "nonRecurringItems": -20,
        "period": "2021-09-30",
        "pretaxIncome": 731,
        "provisionforIncomeTaxes": 187,
        "revenue": 4744,
        "sgaExpense": 904,
        "totalOperatingExpense": 1048,
        "totalOtherIncomeExpenseNet": 1
      },
      {
        "costOfGoodsSold": 2863,
        "depreciationAmortization": 145,
        "dilutedAverageSharesOutstanding": 528,
        "dilutedEPS": 0.97,
        "ebit": 696,
        "equityEarningsAffiliates": 2,
        "grossIncome": 1722,
        "interestExpense": 2,
        "interestIncomeExpense": -2,
        "netIncome": 512,
        "netIncomeAfterTaxes": 510,
        "nonRecurringItems": 0,
        "period": "2021-06-30",
        "pretaxIncome": 694,
        "provisionforIncomeTaxes": 184,
        "revenue": 4585,
        "sgaExpense": 881,
        "totalOperatingExpense": 1026,
        "totalOtherIncomeExpenseNet": 0
      },
      {
        "costOfGoodsSold": 2764,
        "depreciationAmortization": 141,
        "dilutedAverageSharesOutstanding": 531,
        "dilutedEPS": 0.95,
        "ebit": 669,
        "equityEarningsAffiliates": 0,
        "grossIncome": 1637,
        "interestExpense": 2,
        "interestIncomeExpense": -2,
        "netIncome": 505,
        "netIncomeAfterTaxes": 505,
        "nonRecurringItems": 0,
        "period": "2021-03-31",
        "pretaxIncome": 665,
        "provisionforIncomeTaxes": 160,
        "revenue": 4401,
        "sgaExpense": 827,
        "totalOperatingExpense": 968,
        "totalOtherIncomeExpenseNet": -2
      },
      {
        "costOfGoodsSold": 2649,
        "depreciationAmortization": 145,
        "dilutedAverageSharesOutstanding": 535,
        "dilutedEPS": 0.59,
        "ebit": 516,
        "equityEarningsAffiliates": 1,
        "grossIncome": 1535,
        "interestExpense": 3,
        "interestIncomeExpense": 0,
        "netIncome": 316,
        "netIncomeAfterTaxes": 315,
        "nonRecurringItems": -51,
        "period": "2020-12-31",
        "pretaxIncome": 467,
        "provisionforIncomeTaxes": 152,
        "revenue": 4184,
        "sgaExpense": 874,
        "totalOperatingExpense": 1019,
        "totalOtherIncomeExpenseNet": 2
      },
      {
        "costOfGoodsSold": 2626,
        "depreciationAmortization": 138,
        "dilutedAverageSharesOutstanding": 543,
        "dilutedEPS": 0.64,
        "ebit": 675,
        "equityEarningsAffiliates": 0,
        "grossIncome": 1617,
        "interestExpense": 6,
        "interestIncomeExpense": 20,
        "netIncome": 348,
        "netIncomeAfterTaxes": 348,
        "nonRecurringItems": -72,
        "period": "2020-09-30",
        "pretaxIncome": 624,
        "provisionforIncomeTaxes": 276,
        "revenue": 4243,
        "sgaExpense": 804,
        "totalOperatingExpense": 942,
        "totalOtherIncomeExpenseNet": 1
      },
      {
        "costOfGoodsSold": 2590,
        "depreciationAmortization": 136,
        "dilutedAverageSharesOutstanding": 541,
        "dilutedEPS": 0.67,
        "ebit": 563,
        "equityEarningsAffiliates": 0,
        "grossIncome": 1410,
        "interestExpense": 9,
        "interestIncomeExpense": 26,
        "netIncome": 361,
        "netIncomeAfterTaxes": 361,
        "nonRecurringItems": -96,
        "period": "2020-06-30",
        "pretaxIncome": 495,
        "provisionforIncomeTaxes": 134,
        "revenue": 4000,
        "sgaExpense": 711,
        "totalOperatingExpense": 847,
        "totalOtherIncomeExpenseNet": 2
      },
      {
        "costOfGoodsSold": 2741,
        "depreciationAmortization": 133,
        "dilutedAverageSharesOutstanding": 546,
        "dilutedEPS": 0.67,
        "ebit": 640,
        "equityEarningsAffiliates": -1,
        "grossIncome": 1484,
        "interestExpense": 6,
        "interestIncomeExpense": -67,
        "netIncome": 367,
        "netIncomeAfterTaxes": 368,
        "nonRecurringItems": -61,
        "period": "2020-03-31",
        "pretaxIncome": 510,
        "provisionforIncomeTaxes": 142,
        "revenue": 4225,
        "sgaExpense": 711,
        "totalOperatingExpense": 844,
        "totalOtherIncomeExpenseNet": -2
      },
      {
        "costOfGoodsSold": 2749,
        "depreciationAmortization": 132,
        "dilutedAverageSharesOutstanding": 551,
        "dilutedEPS": 0.72,
        "ebit": 727,
        "equityEarningsAffiliates": -57,
        "grossIncome": 1535,
        "interestExpense": 6,
        "interestIncomeExpense": -2,
        "netIncome": 395,
        "netIncomeAfterTaxes": 452,
        "nonRecurringItems": -101,
        "period": "2019-12-31",
        "pretaxIncome": 626,
        "provisionforIncomeTaxes": 174,
        "revenue": 4284,
        "sgaExpense": 676,
        "totalOperatingExpense": 808,
        "totalOtherIncomeExpenseNet": 2
      },
      {
        "costOfGoodsSold": 2681,
        "depreciationAmortization": 127,
        "dilutedAverageSharesOutstanding": 551,
        "dilutedEPS": 0.9,
        "ebit": 734,
        "equityEarningsAffiliates": -1,
        "grossIncome": 1567,
        "interestExpense": 7,
        "interestIncomeExpense": -11,
        "netIncome": 497,
        "netIncomeAfterTaxes": 498,
        "nonRecurringItems": -65,
        "period": "2019-09-30",
        "pretaxIncome": 658,
        "provisionforIncomeTaxes": 160,
        "revenue": 4248,
        "sgaExpense": 706,
        "totalOperatingExpense": 833,
        "totalOtherIncomeExpenseNet": 0
      },
      {
        "costOfGoodsSold": 2629,
        "depreciationAmortization": 125,
        "dilutedAverageSharesOutstanding": 564,
        "dilutedEPS": 0.9,
        "ebit": 668,
        "equityEarningsAffiliates": 0,
        "grossIncome": 1512,
        "interestExpense": 6,
        "interestIncomeExpense": 55,
        "netIncome": 509,
        "netIncomeAfterTaxes": 509,
        "nonRecurringItems": -49,
        "period": "2019-06-30",
        "pretaxIncome": 676,
        "provisionforIncomeTaxes": 167,
        "revenue": 4141,
        "sgaExpense": 719,
        "totalOperatingExpense": 844,
        "totalOtherIncomeExpenseNet": 2
      },
      {
        "costOfGoodsSold": 2575,
        "depreciationAmortization": 123,
        "dilutedAverageSharesOutstanding": 575,
        "dilutedEPS": 0.77,
        "ebit": 541,
        "grossIncome": 1535,
        "interestExpense": 7,
        "interestIncomeExpense": 43,
        "netIncome": 441,
        "netIncomeAfterTaxes": 441,
        "nonRecurringItems": -2,
        "period": "2019-03-31",
        "pretaxIncome": 583,
        "provisionforIncomeTaxes": 142,
        "revenue": 4110,
        "sgaExpense": 871,
        "totalOperatingExpense": 994,
        "totalOtherIncomeExpenseNet": 1
      },
      {
        "costOfGoodsSold": 2540,
        "depreciationAmortization": 81,
        "dilutedAverageSharesOutstanding": 581,
        "dilutedEPS": 1.12,
        "ebit": 739,
        "equityEarningsAffiliates": 1,
        "grossIncome": 1589,
        "interestExpense": 8,
        "interestIncomeExpense": 122,
        "netIncome": 648,
        "netIncomeAfterTaxes": 647,
        "nonRecurringItems": -46,
        "period": "2018-12-31",
        "pretaxIncome": 815,
        "provisionforIncomeTaxes": 168,
        "revenue": 4129,
        "sgaExpense": 769,
        "totalOperatingExpense": 850,
        "totalOtherIncomeExpenseNet": 0
      },
      {
        "costOfGoodsSold": 2480,
        "depreciationAmortization": 82,
        "dilutedAverageSharesOutstanding": 580,
        "dilutedEPS": 0.81,
        "ebit": 793,
        "equityEarningsAffiliates": 0,
        "grossIncome": 1598,
        "interestExpense": 6,
        "interestIncomeExpense": -81,
        "netIncome": 477,
        "netIncomeAfterTaxes": 472,
        "nonRecurringItems": -48,
        "period": "2018-09-30",
        "pretaxIncome": 662,
        "provisionforIncomeTaxes": 190,
        "revenue": 4078,
        "sgaExpense": 723,
        "totalOperatingExpense": 805,
        "totalOtherIncomeExpenseNet": -2
      },
      {
        "costOfGoodsSold": 2417,
        "depreciationAmortization": 114,
        "dilutedAverageSharesOutstanding": 586,
        "dilutedEPS": 0.78,
        "ebit": 670,
        "equityEarningsAffiliates": 1,
        "grossIncome": 1589,
        "interestExpense": 7,
        "interestIncomeExpense": -47,
        "netIncome": 456,
        "netIncomeAfterTaxes": 455,
        "nonRecurringItems": 0,
        "period": "2018-06-30",
        "pretaxIncome": 623,
        "provisionforIncomeTaxes": 168,
        "revenue": 4006,
        "sgaExpense": 805,
        "totalOperatingExpense": 919,
        "totalOtherIncomeExpenseNet": 0
      },
      {
        "costOfGoodsSold": 2401,
        "depreciationAmortization": 107,
        "dilutedAverageSharesOutstanding": 589,
        "dilutedEPS": 0.88,
        "ebit": 694,
        "equityEarningsAffiliates": 0,
        "grossIncome": 1511,
        "interestExpense": 6,
        "interestIncomeExpense": 4,
        "netIncome": 520,
        "netIncomeAfterTaxes": 520,
        "nonRecurringItems": -1,
        "period": "2018-03-31",
        "pretaxIncome": 697,
        "provisionforIncomeTaxes": 177,
        "revenue": 3912,
        "sgaExpense": 710,
        "totalOperatingExpense": 817,
        "totalOtherIncomeExpenseNet": 0
      },
      {
        "costOfGoodsSold": 2203,
        "depreciationAmortization": 111,
        "dilutedAverageSharesOutstanding": 590,
        "dilutedEPS": -0.03,
        "ebit": 823,
        "equityEarningsAffiliates": 1,
        "grossIncome": 1625,
        "interestExpense": 5,
        "interestIncomeExpense": -106,
        "netIncome": -18,
        "netIncomeAfterTaxes": 598,
        "nonRecurringItems": -3,
        "period": "2017-12-31",
        "pretaxIncome": 713,
        "provisionforIncomeTaxes": 115,
        "revenue": 3828,
        "sgaExpense": 691,
        "totalOperatingExpense": 802,
        "totalOtherIncomeExpenseNet": -1
      },
      {
        "costOfGoodsSold": 2308,
        "depreciationAmortization": 107,
        "dilutedAverageSharesOutstanding": 592,
        "dilutedEPS": 0.84,
        "ebit": 701,
        "equityEarningsAffiliates": 1,
        "grossIncome": 1458,
        "interestExpense": 6,
        "interestIncomeExpense": -22,
        "netIncome": 495,
        "netIncomeAfterTaxes": 494,
        "nonRecurringItems": -19,
        "period": "2017-09-30",
        "pretaxIncome": 658,
        "provisionforIncomeTaxes": 164,
        "revenue": 3766,
        "sgaExpense": 650,
        "totalOperatingExpense": 757,
        "totalOtherIncomeExpenseNet": -2
      },
      {
        "costOfGoodsSold": 2232,
        "depreciationAmortization": 94,
        "dilutedAverageSharesOutstanding": 591,
        "dilutedEPS": 0.8,
        "ebit": 680,
        "equityEarningsAffiliates": 0,
        "grossIncome": 1438,
        "interestExpense": 6,
        "interestIncomeExpense": -5,
        "netIncome": 470,
        "netIncomeAfterTaxes": 470,
        "nonRecurringItems": -39,
        "period": "2017-06-30",
        "pretaxIncome": 635,
        "provisionforIncomeTaxes": 165,
        "revenue": 3670,
        "sgaExpense": 664,
        "totalOperatingExpense": 758,
        "totalOtherIncomeExpenseNet": -1
      },
      {
        "costOfGoodsSold": 2177,
        "depreciationAmortization": 96,
        "dilutedAverageSharesOutstanding": 607,
        "dilutedEPS": 0.92,
        "ebit": 601,
        "equityEarningsAffiliates": 0,
        "grossIncome": 1369,
        "interestExpense": 6,
        "interestIncomeExpense": 58,
        "netIncome": 557,
        "netIncomeAfterTaxes": 557,
        "nonRecurringItems": -11,
        "period": "2017-03-31",
        "pretaxIncome": 649,
        "provisionforIncomeTaxes": 92,
        "revenue": 3546,
        "sgaExpense": 672,
        "totalOperatingExpense": 768,
        "totalOtherIncomeExpenseNet": 1
      },
      {
        "costOfGoodsSold": 2002.5,
        "depreciationAmortization": 93.3,
        "dilutedAverageSharesOutstanding": 610.9,
        "dilutedEPS": 0.68,
        "ebit": 637.2,
        "equityEarningsAffiliates": 0.4,
        "grossIncome": 1459.4,
        "interestExpense": 4.4,
        "interestIncomeExpense": -77.1,
        "netIncome": 415,
        "netIncomeAfterTaxes": 414.6,
        "period": "2016-12-31",
        "pretaxIncome": 560.4,
        "provisionforIncomeTaxes": 145.8,
        "revenue": 3461.9,
        "sgaExpense": 728.9,
        "totalOperatingExpense": 822.2,
        "totalOtherIncomeExpenseNet": 0.3
      },
      {
        "costOfGoodsSold": 2070,
        "depreciationAmortization": 91.9,
        "dilutedAverageSharesOutstanding": 608.5,
        "dilutedEPS": 0.73,
        "ebit": 592.2,
        "equityEarningsAffiliates": 0.4,
        "grossIncome": 1383.2,
        "interestExpense": 4.9,
        "interestIncomeExpense": 20.4,
        "netIncome": 444.4,
        "netIncomeAfterTaxes": 444,
        "period": "2016-09-30",
        "pretaxIncome": 612.9,
        "provisionforIncomeTaxes": 168.9,
        "revenue": 3453.2,
        "sgaExpense": 699.1,
        "totalOperatingExpense": 791,
        "totalOtherIncomeExpenseNet": 0.3
      },
      {
        "costOfGoodsSold": 2035,
        "depreciationAmortization": 87,
        "dilutedAverageSharesOutstanding": 609,
        "dilutedEPS": 0.41,
        "ebit": 594,
        "equityEarningsAffiliates": 0,
        "grossIncome": 1335,
        "interestExpense": 5,
        "interestIncomeExpense": 0,
        "netIncome": 252,
        "netIncomeAfterTaxes": 252,
        "period": "2016-06-30",
        "pretaxIncome": 595,
        "provisionforIncomeTaxes": 343,
        "revenue": 3370,
        "sgaExpense": 654,
        "totalOperatingExpense": 741,
        "totalOtherIncomeExpenseNet": 1
      },
      {
        "costOfGoodsSold": 1917.5,
        "depreciationAmortization": 86.4,
        "dilutedAverageSharesOutstanding": 611.8,
        "dilutedEPS": 0.72,
        "ebit": 551.5,
        "grossIncome": 1284.5,
        "interestExpense": 5.1,
        "interestIncomeExpense": 37.1,
        "netIncome": 441.2,
        "netIncomeAfterTaxes": 441.2,
        "period": "2016-03-31",
        "pretaxIncome": 589.1,
        "provisionforIncomeTaxes": 147.9,
        "revenue": 3202,
        "sgaExpense": 646.6,
        "totalOperatingExpense": 733,
        "totalOtherIncomeExpenseNet": 0.5
      },
      {
        "costOfGoodsSold": 1873.8,
        "depreciationAmortization": 86.8,
        "dilutedAverageSharesOutstanding": 612.7,
        "dilutedEPS": 0.69,
        "ebit": 610.3,
        "grossIncome": 1358.7,
        "interestExpense": 4.3,
        "interestIncomeExpense": -48,
        "netIncome": 423.4,
        "netIncomeAfterTaxes": 423.4,
        "period": "2015-12-31",
        "pretaxIncome": 561.2,
        "provisionforIncomeTaxes": 137.8,
        "revenue": 3232.5,
        "sgaExpense": 661.6,
        "totalOperatingExpense": 748.4,
        "totalOtherIncomeExpenseNet": -1.1
      },
      {
        "costOfGoodsSold": 1952.1,
        "depreciationAmortization": 82.5,
        "dilutedAverageSharesOutstanding": 612.7,
        "dilutedEPS": 0.65,
        "ebit": 521.9,
        "grossIncome": 1234.9,
        "interestExpense": 4.3,
        "interestIncomeExpense": 21.5,
        "netIncome": 397.2,
        "netIncomeAfterTaxes": 397.2,
        "period": "2015-09-30",
        "pretaxIncome": 543,
        "provisionforIncomeTaxes": 145.8,
        "revenue": 3187,
        "sgaExpense": 630.5,
        "totalOperatingExpense": 713,
        "totalOtherIncomeExpenseNet": -0.4
      }
    ],
    "symbol": "CTSH"
  }
}