{
  "symbol": "CRWD",
  "statement": "ic",
  "frequency": "annual",
  "timestamp": "2025-09-19T13:58:40.976089",
  "data": {
    "financials": [
      {
        "costOfGoodsSold": 991.481,
        "dilutedAverageSharesOutstanding": 244.75,
        "dilutedEPS": -0.08,
        "ebit": -117.73,
        "grossIncome": 2962.143,
        "interestExpense": 26.311,
        "interestIncomeExpense": 172.263,
        "minorityInterest": -2.675,
        "netIncome": -19.271,
        "netIncomeAfterTaxes": -16.596,
        "nonRecurringItems": -2.7,
        "period": "2025-01-31",
        "pretaxIncome": 54.534,
        "provisionforIncomeTaxes": 71.13,
        "researchDevelopment": 1076.901,
        "revenue": 3953.624,
        "sgaExpense": 2002.972,
        "totalOperatingExpense": 3079.873,
        "totalOtherIncomeExpenseNet": 2.701,
        "year": 2025
      },
      {
        "costOfGoodsSold": 755.723,
        "dilutedAverageSharesOutstanding": 243.635,
        "dilutedEPS": 0.37,
        "ebit": -1.995,
        "grossIncome": 2299.832,
        "interestExpense": 25.756,
        "interestIncomeExpense": 127.074,
        "minorityInterest": -1.258,
        "netIncome": 89.327,
        "netIncomeAfterTaxes": 90.585,
        "period": "2024-01-31",
        "pretaxIncome": 122.817,
        "provisionforIncomeTaxes": 32.232,
        "researchDevelopment": 768.497,
        "revenue": 3055.555,
        "sgaExpense": 1533.33,
        "totalOperatingExpense": 2301.827,
        "totalOtherIncomeExpenseNet": -2.262,
        "year": 2024
      },
      {
        "costOfGoodsSold": 601.231,
        "dilutedAverageSharesOutstanding": 233.139,
        "dilutedEPS": -0.79,
        "ebit": -190.112,
        "grossIncome": 1640.005,
        "interestExpense": 25.319,
        "interestIncomeExpense": 28.976,
        "minorityInterest": -0.96,
        "netIncome": -183.245,
        "netIncomeAfterTaxes": -182.285,
        "period": "2023-01-31",
        "pretaxIncome": -159.883,
        "provisionforIncomeTaxes": 22.402,
        "researchDevelopment": 608.364,
        "revenue": 2241.236,
        "sgaExpense": 1221.753,
        "totalOperatingExpense": 1830.117,
        "totalOtherIncomeExpenseNet": 1.253,
        "year": 2023
      },
      {
        "costOfGoodsSold": 383.221,
        "dilutedAverageSharesOutstanding": 227.142,
        "dilutedEPS": -1.03,
        "ebit": -136.348,
        "grossIncome": 1068.373,
        "interestExpense": 25.231,
        "interestIncomeExpense": -20.431,
        "minorityInterest": -2.424,
        "netIncome": -234.802,
        "netIncomeAfterTaxes": -232.378,
        "nonRecurringItems": -6.2,
        "period": "2022-01-31",
        "pretaxIncome": -160.023,
        "provisionforIncomeTaxes": 72.355,
        "researchDevelopment": 371.283,
        "revenue": 1451.594,
        "sgaExpense": 833.438,
        "totalOperatingExpense": 1204.721,
        "totalOtherIncomeExpenseNet": 2.956,
        "year": 2022
      },
      {
        "costOfGoodsSold": 229.545,
        "depreciationAmortization": 0.391,
        "dilutedAverageSharesOutstanding": 217.756,
        "dilutedEPS": -0.43,
        "ebit": -88.771,
        "grossIncome": 644.893,
        "interestExpense": 1.559,
        "interestIncomeExpense": -1.559,
        "netIncome": -92.629,
        "netIncomeAfterTaxes": -92.629,
        "nonRecurringItems": -3.758,
        "period": "2021-01-31",
        "pretaxIncome": -87.869,
        "provisionforIncomeTaxes": 4.76,
        "researchDevelopment": 214.641,
        "revenue": 874.438,
        "sgaExpense": 518.632,
        "totalOperatingExpense": 733.664,
        "totalOtherIncomeExpenseNet": 6.219,
        "year": 2021
      },
      {
        "costOfGoodsSold": 141.627,
        "depreciationAmortization": 0.164,
        "dilutedAverageSharesOutstanding": 148.062,
        "dilutedEPS": -0.96,
        "ebit": -146.065,
        "grossIncome": 339.786,
        "interestExpense": 0.442,
        "interestIncomeExpense": 5.558,
        "netIncome": -141.779,
        "netIncomeAfterTaxes": -141.779,
        "period": "2020-01-31",
        "pretaxIncome": -139.782,
        "provisionforIncomeTaxes": 1.997,
        "researchDevelopment": 130.147,
        "revenue": 481.413,
        "sgaExpense": 355.54,
        "totalOperatingExpense": 485.851,
        "totalOtherIncomeExpenseNet": 0.725,
        "year": 2020
      },
      {
        "costOfGoodsSold": 87.238,
        "dilutedAverageSharesOutstanding": 196.689,
        "dilutedEPS": -0.71,
        "ebit": -136.864,
        "grossIncome": 162.586,
        "interestExpense": 0.428,
        "interestIncomeExpense": -0.428,
        "netIncome": -140.077,
        "netIncomeAfterTaxes": -140.077,
        "period": "2019-01-31",
        "pretaxIncome": -138.71,
        "provisionforIncomeTaxes": 1.367,
        "researchDevelopment": 84.551,
        "revenue": 249.824,
        "sgaExpense": 214.899,
        "totalOperatingExpense": 299.45,
        "totalOtherIncomeExpenseNet": -1.418,
        "year": 2019
      },
      {
        "costOfGoodsSold": 54.486,
        "dilutedAverageSharesOutstanding": 196.689,
        "dilutedEPS": -0.72,
        "ebit": -131.44,
        "grossIncome": 64.266,
        "interestExpense": 1.648,
        "interestIncomeExpense": -1.648,
        "netIncome": -141.343,
        "netIncomeAfterTaxes": -135.49,
        "period": "2018-01-31",
        "pretaxIncome": -134.561,
        "provisionforIncomeTaxes": 0.929,
        "researchDevelopment": 58.887,
        "revenue": 118.752,
        "sgaExpense": 136.819,
        "totalOperatingExpense": 195.706,
        "totalOtherIncomeExpenseNet": -1.473,
        "year": 2018
      },
      {
        "costOfGoodsSold": 34.006,
        "dilutedAverageSharesOutstanding": 196.689,
        "dilutedEPS": -0.55,
        "ebit": -90.556,
        "grossIncome": 18.739,
        "interestExpense": 0.615,
        "interestIncomeExpense": -0.615,
        "netIncome": -108.352,
        "netIncomeAfterTaxes": -91.34,
        "period": "2017-01-31",
        "pretaxIncome": -91.253,
        "provisionforIncomeTaxes": 0.087,
        "researchDevelopment": 39.145,
        "revenue": 52.745,
        "sgaExpense": 70.15,
        "totalOperatingExpense": 109.295,
        "totalOtherIncomeExpenseNet": -0.082,
        "year": 2017
      }
    ],
    "symbol": "CRWD"
  }
}