{
  "symbol": "VRTX",
  "statement": "ic",
  "frequency": "annual",
  "timestamp": "2025-09-19T14:08:17.911152",
  "data": {
    "financials": [
      {
        "costOfGoodsSold": 1530.5,
        "dilutedAverageSharesOutstanding": 257.9,
        "dilutedEPS": -2.08,
        "ebit": 4395.5,
        "grossIncome": 9489.6,
        "interestExpense": 30.6,
        "interestIncomeExpense": 558,
        "netIncome": -535.6,
        "netIncomeAfterTaxes": -535.6,
        "nonRecurringItems": -4628.4,
        "otherOperatingExpensesTotal": -0.5,
        "period": "2024-12-31",
        "pretaxIncome": 248.5,
        "provisionforIncomeTaxes": 784.1,
        "researchDevelopment": 3630.3,
        "revenue": 11020.1,
        "sgaExpense": 1464.3,
        "totalOperatingExpense": 5094.1,
        "totalOtherIncomeExpenseNet": -76.6,
        "year": 2024
      },
      {
        "costOfGoodsSold": 1262.2,
        "dilutedAverageSharesOutstanding": 260.5,
        "dilutedEPS": 13.89,
        "ebit": 4359.1,
        "grossIncome": 8607,
        "interestExpense": 44.1,
        "interestIncomeExpense": 563.1,
        "netIncome": 3619.6,
        "netIncomeAfterTaxes": 3619.6,
        "nonRecurringItems": -527.1,
        "otherOperatingExpensesTotal": -51.6,
        "period": "2023-12-31",
        "pretaxIncome": 4379.8,
        "provisionforIncomeTaxes": 760.2,
        "researchDevelopment": 3162.9,
        "revenue": 9869.2,
        "sgaExpense": 1136.6,
        "totalOperatingExpense": 4247.9,
        "totalOtherIncomeExpenseNet": -15.3,
        "year": 2023
      },
      {
        "costOfGoodsSold": 1080.3,
        "dilutedAverageSharesOutstanding": 259.1,
        "dilutedEPS": 12.82,
        "ebit": 4435.9,
        "grossIncome": 7850.4,
        "interestExpense": 54.8,
        "interestIncomeExpense": -59.3,
        "netIncome": 3322,
        "netIncomeAfterTaxes": 3322,
        "nonRecurringItems": -128.5,
        "otherOperatingExpensesTotal": -57.5,
        "period": "2022-12-31",
        "pretaxIncome": 4232.4,
        "provisionforIncomeTaxes": 910.4,
        "researchDevelopment": 2527.3,
        "revenue": 8930.7,
        "sgaExpense": 944.7,
        "totalOperatingExpense": 3414.5,
        "totalOtherIncomeExpenseNet": -15.7,
        "year": 2022
      },
      {
        "costOfGoodsSold": 904.2,
        "dilutedAverageSharesOutstanding": 259.9,
        "dilutedEPS": 9.01,
        "ebit": 2782.1,
        "grossIncome": 6670.2,
        "interestExpense": 61.5,
        "interestIncomeExpense": -39.5,
        "netIncome": 2342.1,
        "netIncomeAfterTaxes": 2342.1,
        "otherOperatingExpensesTotal": -3.1,
        "period": "2021-12-31",
        "pretaxIncome": 2730.4,
        "provisionforIncomeTaxes": 388.3,
        "researchDevelopment": 3051.1,
        "revenue": 7574.4,
        "sgaExpense": 840.1,
        "totalOperatingExpense": 3888.1,
        "totalOtherIncomeExpenseNet": -12.2,
        "year": 2021
      },
      {
        "costOfGoodsSold": 736.3,
        "dilutedAverageSharesOutstanding": 263.396,
        "dilutedEPS": 10.29,
        "ebit": 2856.29,
        "grossIncome": 5469.383,
        "interestExpense": 58.151,
        "interestIncomeExpense": 100.255,
        "minorityInterest": 0,
        "netIncome": 2711.647,
        "netIncomeAfterTaxes": 2711.647,
        "nonRecurringItems": 0,
        "otherOperatingExpensesTotal": 13.1,
        "period": "2020-12-31",
        "pretaxIncome": 3116.798,
        "provisionforIncomeTaxes": 405.151,
        "researchDevelopment": 1829.537,
        "revenue": 6205.683,
        "sgaExpense": 770.456,
        "totalOperatingExpense": 2613.093,
        "totalOtherIncomeExpenseNet": 160.253,
        "year": 2020
      },
      {
        "costOfGoodsSold": 547.758,
        "dilutedAverageSharesOutstanding": 260.673,
        "dilutedEPS": 4.51,
        "ebit": 1197.566,
        "grossIncome": 3615.063,
        "interestExpense": 58.502,
        "interestIncomeExpense": 10.014,
        "minorityInterest": 0,
        "netIncome": 1176.81,
        "netIncomeAfterTaxes": 1176.81,
        "nonRecurringItems": 0,
        "otherOperatingExpensesTotal": 4.459,
        "period": "2019-12-31",
        "pretaxIncome": 1394.919,
        "provisionforIncomeTaxes": 218.109,
        "researchDevelopment": 1754.54,
        "revenue": 4162.821,
        "sgaExpense": 658.498,
        "totalOperatingExpense": 2417.497,
        "totalOtherIncomeExpenseNet": 187.339,
        "year": 2019
      },
      {
        "costOfGoodsSold": 409.539,
        "dilutedAverageSharesOutstanding": 259.185,
        "dilutedEPS": 8.08,
        "ebit": 663.966,
        "grossIncome": 2638.058,
        "interestIncomeExpense": -33.496,
        "minorityInterest": 9.793,
        "netIncome": 2096.395,
        "netIncomeAfterTaxes": 527.103,
        "nonRecurringItems": -28.816,
        "period": "2018-12-31",
        "pretaxIncome": 600.241,
        "provisionforIncomeTaxes": 73.138,
        "researchDevelopment": 1416.476,
        "revenue": 3047.597,
        "sgaExpense": 557.616,
        "totalOperatingExpense": 1974.092,
        "totalOtherIncomeExpenseNet": -1.413,
        "year": 2018
      },
      {
        "costOfGoodsSold": 272.675,
        "dilutedAverageSharesOutstanding": 253.225,
        "dilutedEPS": 1.04,
        "ebit": 392.829,
        "grossIncome": 2215.977,
        "interestExpense": 57.55,
        "interestIncomeExpense": -57.55,
        "minorityInterest": 171.849,
        "netIncome": 263.191,
        "netIncomeAfterTaxes": 91.635,
        "nonRecurringItems": -269.586,
        "otherOperatingExpensesTotal": 2.444,
        "period": "2017-12-31",
        "pretaxIncome": -15.689,
        "provisionforIncomeTaxes": -107.324,
        "researchDevelopment": 1324.625,
        "revenue": 2488.652,
        "sgaExpense": 496.079,
        "totalOperatingExpense": 1823.148,
        "totalOtherIncomeExpenseNet": -81.382,
        "year": 2017
      },
      {
        "costOfGoodsSold": 206.811,
        "dilutedAverageSharesOutstanding": 244.685,
        "dilutedEPS": -0.46,
        "ebit": 11.198,
        "grossIncome": 1495.366,
        "interestExpense": 81.432,
        "interestIncomeExpense": -81.432,
        "minorityInterest": -28.021,
        "netIncome": -112.052,
        "netIncomeAfterTaxes": -84.031,
        "nonRecurringItems": -1.262,
        "otherOperatingExpensesTotal": 3.649,
        "period": "2016-12-31",
        "pretaxIncome": -67.366,
        "provisionforIncomeTaxes": 16.665,
        "researchDevelopment": 1047.69,
        "revenue": 1702.177,
        "sgaExpense": 432.829,
        "totalOperatingExpense": 1484.168,
        "totalOtherIncomeExpenseNet": 4.13,
        "year": 2016
      },
      {
        "costOfGoodsSold": 117.151,
        "dilutedAverageSharesOutstanding": 241.312,
        "dilutedEPS": -2.31,
        "ebit": -464.673,
        "grossIncome": 915.185,
        "interestExpense": 84.206,
        "interestIncomeExpense": -84.206,
        "minorityInterest": 31.847,
        "netIncome": -556.334,
        "netIncomeAfterTaxes": -588.181,
        "nonRecurringItems": -2.206,
        "otherOperatingExpensesTotal": 7.361,
        "period": "2015-12-31",
        "pretaxIncome": -557.8,
        "provisionforIncomeTaxes": 30.381,
        "researchDevelopment": 995.922,
        "revenue": 1032.336,
        "sgaExpense": 376.575,
        "totalOperatingExpense": 1379.858,
        "totalOtherIncomeExpenseNet": -6.715,
        "year": 2015
      }
    ],
    "symbol": "VRTX"
  }
}