{
  "symbol": "GS",
  "statement": "ic",
  "frequency": "quarterly",
  "timestamp": "2025-09-19T14:01:15.692837",
  "data": {
    "financials": [
      {
        "costOfGoodsSold": 18640,
        "depreciationAmortization": 618,
        "dilutedAverageSharesOutstanding": 318.3,
        "dilutedEPS": 10.91,
        "ebit": 4958,
        "grossIncome": 12628,
        "netIncome": 3473,
        "netIncomeAfterTaxes": 3723,
        "otherOperatingExpensesTotal": 996,
        "period": "2025-06-30",
        "pretaxIncome": 4958,
        "provisionforIncomeTaxes": 1235,
        "revenue": 31268,
        "sgaExpense": 6056,
        "totalOperatingExpense": 7670
      },
      {
        "costOfGoodsSold": 18338,
        "depreciationAmortization": 506,
        "dilutedAverageSharesOutstanding": 324.5,
        "dilutedEPS": 14.12,
        "ebit": 5647,
        "grossIncome": 13212,
        "netIncome": 4583,
        "netIncomeAfterTaxes": 4738,
        "otherOperatingExpensesTotal": 864,
        "period": "2025-03-31",
        "pretaxIncome": 5647,
        "provisionforIncomeTaxes": 909,
        "revenue": 31550,
        "sgaExpense": 6195,
        "totalOperatingExpense": 7565
      },
      {
        "costOfGoodsSold": 20243,
        "depreciationAmortization": 498,
        "dilutedAverageSharesOutstanding": 328.5,
        "dilutedEPS": 11.94,
        "ebit": 5248,
        "grossIncome": 11997,
        "netIncome": 3923,
        "netIncomeAfterTaxes": 4111,
        "nonRecurringItems": 9,
        "otherOperatingExpensesTotal": 1073,
        "period": "2024-12-31",
        "pretaxIncome": 5257,
        "provisionforIncomeTaxes": 1146,
        "revenue": 32240,
        "sgaExpense": 5178,
        "totalOperatingExpense": 6749
      },
      {
        "costOfGoodsSold": 20526,
        "depreciationAmortization": 621,
        "dilutedAverageSharesOutstanding": 330.8,
        "dilutedEPS": 8.4,
        "ebit": 3970,
        "grossIncome": 10998,
        "netIncome": 2780,
        "netIncomeAfterTaxes": 2990,
        "nonRecurringItems": 17,
        "otherOperatingExpensesTotal": 986,
        "period": "2024-09-30",
        "pretaxIncome": 3987,
        "provisionforIncomeTaxes": 997,
        "revenue": 31524,
        "sgaExpense": 5421,
        "totalOperatingExpense": 7028
      },
      {
        "costOfGoodsSold": 19852,
        "depreciationAmortization": 646,
        "dilutedAverageSharesOutstanding": 335.5,
        "dilutedEPS": 8.62,
        "ebit": 3935,
        "grossIncome": 11077,
        "netIncome": 2891,
        "netIncomeAfterTaxes": 3043,
        "nonRecurringItems": -19,
        "otherOperatingExpensesTotal": 966,
        "period": "2024-06-30",
        "pretaxIncome": 3916,
        "provisionforIncomeTaxes": 873,
        "revenue": 30929,
        "sgaExpense": 5530,
        "totalOperatingExpense": 7142
      },
      {
        "costOfGoodsSold": 19444,
        "depreciationAmortization": 627,
        "dilutedAverageSharesOutstanding": 339.5,
        "dilutedEPS": 11.58,
        "ebit": 5315,
        "grossIncome": 12716,
        "netIncome": 3931,
        "netIncomeAfterTaxes": 4132,
        "nonRecurringItems": -78,
        "otherOperatingExpensesTotal": 935,
        "period": "2024-03-31",
        "pretaxIncome": 5237,
        "provisionforIncomeTaxes": 1105,
        "revenue": 32160,
        "sgaExpense": 5839,
        "totalOperatingExpense": 7401
      },
      {
        "costOfGoodsSold": 18601,
        "depreciationAmortization": 780,
        "dilutedAverageSharesOutstanding": 341,
        "dilutedEPS": 5.48,
        "ebit": 2783,
        "grossIncome": 9862,
        "netIncome": 1867,
        "netIncomeAfterTaxes": 2008,
        "nonRecurringItems": -529,
        "otherOperatingExpensesTotal": 1280,
        "period": "2023-12-31",
        "pretaxIncome": 2254,
        "provisionforIncomeTaxes": 246,
        "revenue": 28463,
        "sgaExpense": 5019,
        "totalOperatingExpense": 7079
      },
      {
        "costOfGoodsSold": 18162,
        "depreciationAmortization": 1512,
        "dilutedAverageSharesOutstanding": 343.9,
        "dilutedEPS": 5.47,
        "ebit": 2771,
        "grossIncome": 10365,
        "netIncome": 1882,
        "netIncomeAfterTaxes": 2058,
        "nonRecurringItems": -15,
        "otherOperatingExpensesTotal": 661,
        "period": "2023-09-30",
        "pretaxIncome": 2756,
        "provisionforIncomeTaxes": 698,
        "revenue": 28527,
        "sgaExpense": 5421,
        "totalOperatingExpense": 7594
      },
      {
        "costOfGoodsSold": 16537,
        "depreciationAmortization": 1594,
        "dilutedAverageSharesOutstanding": 347.2,
        "dilutedEPS": 3.08,
        "ebit": 1776,
        "grossIncome": 9510,
        "netIncome": 1071,
        "netIncomeAfterTaxes": 1216,
        "nonRecurringItems": -40,
        "otherOperatingExpensesTotal": 1288,
        "period": "2023-06-30",
        "pretaxIncome": 1736,
        "provisionforIncomeTaxes": 520,
        "revenue": 26047,
        "sgaExpense": 4852,
        "totalOperatingExpense": 7734
      },
      {
        "costOfGoodsSold": 14562,
        "depreciationAmortization": 970,
        "dilutedAverageSharesOutstanding": 351.3,
        "dilutedEPS": 8.79,
        "ebit": 4213,
        "grossIncome": 10819,
        "netIncome": 3087,
        "netIncomeAfterTaxes": 3234,
        "nonRecurringItems": -220,
        "otherOperatingExpensesTotal": 480,
        "period": "2023-03-31",
        "pretaxIncome": 3993,
        "provisionforIncomeTaxes": 759,
        "revenue": 25381,
        "sgaExpense": 5156,
        "totalOperatingExpense": 6606
      },
      {
        "costOfGoodsSold": 11771,
        "depreciationAmortization": 727,
        "dilutedAverageSharesOutstanding": 356.6,
        "dilutedEPS": 3.32,
        "ebit": 1530,
        "grossIncome": 9159,
        "netIncome": 1185,
        "netIncomeAfterTaxes": 1326,
        "otherOperatingExpensesTotal": 1685,
        "period": "2022-12-31",
        "pretaxIncome": 1530,
        "provisionforIncomeTaxes": 204,
        "revenue": 20930,
        "sgaExpense": 5217,
        "totalOperatingExpense": 7629
      },
      {
        "costOfGoodsSold": 7824,
        "depreciationAmortization": 666,
        "dilutedAverageSharesOutstanding": 359.2,
        "dilutedEPS": 8.25,
        "ebit": 3756,
        "grossIncome": 10658,
        "netIncome": 2962,
        "netIncomeAfterTaxes": 3069,
        "otherOperatingExpensesTotal": 1252,
        "period": "2022-09-30",
        "pretaxIncome": 3756,
        "provisionforIncomeTaxes": 687,
        "revenue": 18482,
        "sgaExpense": 4984,
        "totalOperatingExpense": 6902
      },
      {
        "costOfGoodsSold": 4434,
        "depreciationAmortization": 570,
        "dilutedAverageSharesOutstanding": 360.5,
        "dilutedEPS": 7.73,
        "ebit": 3544,
        "grossIncome": 10547,
        "netIncome": 2786,
        "netIncomeAfterTaxes": 2927,
        "otherOperatingExpensesTotal": 1310,
        "period": "2022-06-30",
        "pretaxIncome": 3544,
        "provisionforIncomeTaxes": 617,
        "revenue": 14981,
        "sgaExpense": 5123,
        "totalOperatingExpense": 7003
      },
      {
        "costOfGoodsSold": 2629,
        "depreciationAmortization": 492,
        "dilutedAverageSharesOutstanding": 355.9,
        "dilutedEPS": 10.76,
        "ebit": 4656,
        "grossIncome": 11689,
        "netIncome": 3831,
        "netIncomeAfterTaxes": 3939,
        "otherOperatingExpensesTotal": 1184,
        "period": "2022-03-31",
        "pretaxIncome": 4656,
        "provisionforIncomeTaxes": 717,
        "revenue": 14318,
        "sgaExpense": 5357,
        "totalOperatingExpense": 7033
      },
      {
        "costOfGoodsSold": 2405,
        "depreciationAmortization": 488,
        "dilutedAverageSharesOutstanding": 352.5,
        "dilutedEPS": 10.81,
        "ebit": 5025,
        "grossIncome": 11449,
        "netIncome": 3809,
        "netIncomeAfterTaxes": 3935,
        "otherOperatingExpensesTotal": 1302,
        "period": "2021-12-31",
        "pretaxIncome": 5025,
        "provisionforIncomeTaxes": 1090,
        "revenue": 13854,
        "sgaExpense": 4634,
        "totalOperatingExpense": 6424
      },
      {
        "costOfGoodsSold": 2692,
        "depreciationAmortization": 509,
        "dilutedAverageSharesOutstanding": 353.9,
        "dilutedEPS": 14.93,
        "ebit": 6842,
        "grossIncome": 12469,
        "netIncome": 5284,
        "netIncomeAfterTaxes": 5378,
        "otherOperatingExpensesTotal": 717,
        "period": "2021-09-30",
        "pretaxIncome": 6842,
        "provisionforIncomeTaxes": 1464,
        "revenue": 15161,
        "sgaExpense": 4401,
        "totalOperatingExpense": 5627
      },
      {
        "costOfGoodsSold": 2435,
        "depreciationAmortization": 520,
        "dilutedAverageSharesOutstanding": 356,
        "dilutedEPS": 15.02,
        "ebit": 6840,
        "grossIncome": 14263,
        "netIncome": 5347,
        "netIncomeAfterTaxes": 5486,
        "otherOperatingExpensesTotal": 569,
        "period": "2021-06-30",
        "pretaxIncome": 6840,
        "provisionforIncomeTaxes": 1354,
        "revenue": 16698,
        "sgaExpense": 6334,
        "totalOperatingExpense": 7423
      },
      {
        "costOfGoodsSold": 2828,
        "depreciationAmortization": 498,
        "dilutedAverageSharesOutstanding": 360.9,
        "dilutedEPS": 18.6,
        "ebit": 8337,
        "grossIncome": 16448,
        "netIncome": 6711,
        "netIncomeAfterTaxes": 6836,
        "otherOperatingExpensesTotal": 508,
        "period": "2021-03-31",
        "pretaxIncome": 8337,
        "provisionforIncomeTaxes": 1501,
        "revenue": 19276,
        "sgaExpense": 7105,
        "totalOperatingExpense": 8111
      },
      {
        "costOfGoodsSold": 2873,
        "depreciationAmortization": 498,
        "dilutedAverageSharesOutstanding": 361.2,
        "dilutedEPS": 12.08,
        "ebit": 5834,
        "grossIncome": 10431,
        "netIncome": 4362,
        "netIncomeAfterTaxes": 4506,
        "nonRecurringItems": -293,
        "otherOperatingExpensesTotal": 586,
        "period": "2020-12-31",
        "pretaxIncome": 5541,
        "provisionforIncomeTaxes": 1035,
        "revenue": 13304,
        "sgaExpense": 3513,
        "totalOperatingExpense": 4597
      },
      {
        "costOfGoodsSold": 2759,
        "depreciationAmortization": 468,
        "dilutedAverageSharesOutstanding": 359.9,
        "dilutedEPS": 8.98,
        "ebit": 4577,
        "grossIncome": 9870,
        "netIncome": 3233,
        "netIncomeAfterTaxes": 3367,
        "nonRecurringItems": -278,
        "otherOperatingExpensesTotal": 765,
        "period": "2020-09-30",
        "pretaxIncome": 4299,
        "provisionforIncomeTaxes": 932,
        "revenue": 12629,
        "sgaExpense": 4060,
        "totalOperatingExpense": 5293
      },
      {
        "costOfGoodsSold": 3035,
        "depreciationAmortization": 499,
        "dilutedAverageSharesOutstanding": 355.7,
        "dilutedEPS": 0.55,
        "ebit": 2881,
        "grossIncome": 12350,
        "netIncome": 197,
        "netIncomeAfterTaxes": 373,
        "nonRecurringItems": -1590,
        "otherOperatingExpensesTotal": 3514,
        "period": "2020-06-30",
        "pretaxIncome": 1291,
        "provisionforIncomeTaxes": 918,
        "revenue": 15385,
        "sgaExpense": 5456,
        "totalOperatingExpense": 9469
      },
      {
        "costOfGoodsSold": 4412,
        "depreciationAmortization": 437,
        "dilutedAverageSharesOutstanding": 361.1,
        "dilutedEPS": 3.11,
        "ebit": 2285,
        "grossIncome": 7768,
        "netIncome": 1123,
        "netIncomeAfterTaxes": 1213,
        "nonRecurringItems": -937,
        "otherOperatingExpensesTotal": 752,
        "period": "2020-03-31",
        "pretaxIncome": 1348,
        "provisionforIncomeTaxes": 135,
        "revenue": 12180,
        "sgaExpense": 4294,
        "totalOperatingExpense": 5483
      },
      {
        "costOfGoodsSold": 4671,
        "depreciationAmortization": 464,
        "dilutedAverageSharesOutstanding": 367.4,
        "dilutedEPS": 4.69,
        "ebit": 2321,
        "grossIncome": 9470,
        "netIncome": 1724,
        "netIncomeAfterTaxes": 1917,
        "otherOperatingExpensesTotal": 2447,
        "period": "2019-12-31",
        "pretaxIncome": 2321,
        "provisionforIncomeTaxes": 404,
        "revenue": 14141,
        "sgaExpense": 4238,
        "totalOperatingExpense": 7149
      },
      {
        "costOfGoodsSold": 5304,
        "depreciationAmortization": 473,
        "dilutedAverageSharesOutstanding": 374.3,
        "dilutedEPS": 4.79,
        "ebit": 2416,
        "grossIncome": 7710,
        "netIncome": 1793,
        "netIncomeAfterTaxes": 1877,
        "otherOperatingExpensesTotal": 1036,
        "period": "2019-09-30",
        "pretaxIncome": 2416,
        "provisionforIncomeTaxes": 539,
        "revenue": 13014,
        "sgaExpense": 3785,
        "totalOperatingExpense": 5294
      },
      {
        "costOfGoodsSold": 5512,
        "depreciationAmortization": 399,
        "dilutedAverageSharesOutstanding": 378,
        "dilutedEPS": 5.81,
        "ebit": 3127,
        "grossIncome": 8839,
        "netIncome": 2198,
        "netIncomeAfterTaxes": 2421,
        "otherOperatingExpensesTotal": 984,
        "period": "2019-06-30",
        "pretaxIncome": 3127,
        "provisionforIncomeTaxes": 706,
        "revenue": 14351,
        "sgaExpense": 4329,
        "totalOperatingExpense": 5712
      },
      {
        "costOfGoodsSold": 5141,
        "depreciationAmortization": 368,
        "dilutedAverageSharesOutstanding": 382.4,
        "dilutedEPS": 5.71,
        "ebit": 2719,
        "grossIncome": 8265,
        "netIncome": 2182,
        "netIncomeAfterTaxes": 2251,
        "otherOperatingExpensesTotal": 926,
        "period": "2019-03-31",
        "pretaxIncome": 2719,
        "provisionforIncomeTaxes": 468,
        "revenue": 13406,
        "sgaExpense": 4252,
        "totalOperatingExpense": 5546
      },
      {
        "costOfGoodsSold": 5307,
        "depreciationAmortization": 377,
        "dilutedAverageSharesOutstanding": 383.9,
        "dilutedEPS": 6.04,
        "ebit": 2708,
        "grossIncome": 7906,
        "netIncome": 2322,
        "netIncomeAfterTaxes": 2051,
        "otherOperatingExpensesTotal": 1962,
        "period": "2018-12-31",
        "pretaxIncome": 2708,
        "provisionforIncomeTaxes": 657,
        "revenue": 13213,
        "sgaExpense": 2859,
        "totalOperatingExpense": 5198
      },
      {
        "costOfGoodsSold": 4919,
        "depreciationAmortization": 317,
        "dilutedAverageSharesOutstanding": 390.5,
        "dilutedEPS": 6.28,
        "ebit": 3078,
        "grossIncome": 8106,
        "netIncome": 2453,
        "netIncomeAfterTaxes": 2524,
        "otherOperatingExpensesTotal": 762,
        "period": "2018-09-30",
        "pretaxIncome": 3078,
        "provisionforIncomeTaxes": 554,
        "revenue": 13025,
        "sgaExpense": 3949,
        "totalOperatingExpense": 5028
      },
      {
        "costOfGoodsSold": 4730,
        "depreciationAmortization": 335,
        "dilutedAverageSharesOutstanding": 392.6,
        "dilutedEPS": 5.98,
        "ebit": 3276,
        "grossIncome": 8824,
        "netIncome": 2348,
        "netIncomeAfterTaxes": 2565,
        "otherOperatingExpensesTotal": 884,
        "period": "2018-06-30",
        "pretaxIncome": 3276,
        "provisionforIncomeTaxes": 711,
        "revenue": 13554,
        "sgaExpense": 4329,
        "totalOperatingExpense": 5548
      },
      {
        "costOfGoodsSold": 4156,
        "depreciationAmortization": 299,
        "dilutedAverageSharesOutstanding": 393.8,
        "dilutedEPS": 6.95,
        "ebit": 3419,
        "grossIncome": 9236,
        "netIncome": 2737,
        "netIncomeAfterTaxes": 2832,
        "otherOperatingExpensesTotal": 541,
        "period": "2018-03-31",
        "pretaxIncome": 3419,
        "provisionforIncomeTaxes": 587,
        "revenue": 13392,
        "sgaExpense": 4977,
        "totalOperatingExpense": 5817
      },
      {
        "costOfGoodsSold": 3811,
        "depreciationAmortization": 350,
        "dilutedAverageSharesOutstanding": 389.6,
        "dilutedEPS": -5.5,
        "ebit": 3108,
        "grossIncome": 7776,
        "netIncome": -2143,
        "netIncomeAfterTaxes": 2472,
        "otherOperatingExpensesTotal": 1262,
        "period": "2017-12-31",
        "pretaxIncome": 3108,
        "provisionforIncomeTaxes": 636,
        "revenue": 11587,
        "sgaExpense": 3056,
        "totalOperatingExpense": 4668
      },
      {
        "costOfGoodsSold": 3306,
        "depreciationAmortization": 280,
        "dilutedAverageSharesOutstanding": 405.7,
        "dilutedEPS": 5.02,
        "ebit": 2976,
        "grossIncome": 7781,
        "netIncome": 2035,
        "netIncomeAfterTaxes": 2128,
        "otherOperatingExpensesTotal": 591,
        "period": "2017-09-30",
        "pretaxIncome": 2976,
        "provisionforIncomeTaxes": 848,
        "revenue": 11087,
        "sgaExpense": 3934,
        "totalOperatingExpense": 4805
      },
      {
        "costOfGoodsSold": 3095,
        "depreciationAmortization": 265,
        "dilutedAverageSharesOutstanding": 413.3,
        "dilutedEPS": 3.95,
        "ebit": 2509,
        "grossIncome": 7408,
        "netIncome": 1631,
        "netIncomeAfterTaxes": 1831,
        "otherOperatingExpensesTotal": 617,
        "period": "2017-06-30",
        "pretaxIncome": 2509,
        "provisionforIncomeTaxes": 678,
        "revenue": 10503,
        "sgaExpense": 4017,
        "totalOperatingExpense": 4899
      },
      {
        "costOfGoodsSold": 2845,
        "depreciationAmortization": 257,
        "dilutedAverageSharesOutstanding": 415,
        "dilutedEPS": 5.21,
        "ebit": 2539,
        "grossIncome": 7463,
        "netIncome": 2162,
        "netIncomeAfterTaxes": 2255,
        "otherOperatingExpensesTotal": 638,
        "period": "2017-03-31",
        "pretaxIncome": 2539,
        "provisionforIncomeTaxes": 284,
        "revenue": 10308,
        "sgaExpense": 4029,
        "totalOperatingExpense": 4924
      },
      {
        "costOfGoodsSold": 2982,
        "depreciationAmortization": 267,
        "dilutedAverageSharesOutstanding": 433.163,
        "dilutedEPS": 4.97,
        "ebit": 3397,
        "grossIncome": 7483,
        "netIncome": 2153,
        "netIncomeAfterTaxes": 2347,
        "otherOperatingExpensesTotal": 653,
        "period": "2016-12-31",
        "pretaxIncome": 3397,
        "provisionforIncomeTaxes": 1050,
        "revenue": 10465,
        "sgaExpense": 3166,
        "totalOperatingExpense": 4086
      },
      {
        "costOfGoodsSold": 2388,
        "depreciationAmortization": 247,
        "dilutedAverageSharesOutstanding": 430.2,
        "dilutedEPS": 4.88,
        "ebit": 2868,
        "grossIncome": 7538,
        "netIncome": 2100,
        "netIncomeAfterTaxes": 2094,
        "otherOperatingExpensesTotal": 450,
        "period": "2016-09-30",
        "pretaxIncome": 2868,
        "provisionforIncomeTaxes": 774,
        "revenue": 9926,
        "sgaExpense": 3973,
        "totalOperatingExpense": 4670
      },
      {
        "costOfGoodsSold": 2401,
        "depreciationAmortization": 245,
        "dilutedAverageSharesOutstanding": 439.2,
        "dilutedEPS": 3.72,
        "ebit": 2463,
        "grossIncome": 7338,
        "netIncome": 1634,
        "netIncomeAfterTaxes": 1822,
        "otherOperatingExpensesTotal": 570,
        "period": "2016-06-30",
        "pretaxIncome": 2463,
        "provisionforIncomeTaxes": 641,
        "revenue": 9739,
        "sgaExpense": 4060,
        "totalOperatingExpense": 4875
      },
      {
        "costOfGoodsSold": 2156,
        "depreciationAmortization": 239,
        "dilutedAverageSharesOutstanding": 447.4,
        "dilutedEPS": 2.68,
        "ebit": 1576,
        "grossIncome": 5746,
        "netIncome": 1200,
        "netIncomeAfterTaxes": 1135,
        "otherOperatingExpensesTotal": 547,
        "period": "2016-03-31",
        "pretaxIncome": 1576,
        "provisionforIncomeTaxes": 441,
        "revenue": 7902,
        "sgaExpense": 3384,
        "totalOperatingExpense": 4170
      },
      {
        "costOfGoodsSold": 2074,
        "depreciationAmortization": 260,
        "dilutedAverageSharesOutstanding": 451.7,
        "dilutedEPS": 1.27,
        "ebit": 1097,
        "grossIncome": 6728,
        "netIncome": 574,
        "netIncomeAfterTaxes": 765,
        "nonRecurringItems": -25,
        "otherOperatingExpensesTotal": 2510,
        "period": "2015-12-31",
        "pretaxIncome": 1072,
        "provisionforIncomeTaxes": 307,
        "revenue": 8802,
        "sgaExpense": 2861,
        "totalOperatingExpense": 5631
      },
      {
        "costOfGoodsSold": 1942,
        "depreciationAmortization": 221,
        "dilutedAverageSharesOutstanding": 458.6,
        "dilutedEPS": 2.9,
        "ebit": 2047,
        "grossIncome": 6255,
        "netIncome": 1330,
        "netIncomeAfterTaxes": 1426,
        "nonRecurringItems": -1,
        "otherOperatingExpensesTotal": 878,
        "period": "2015-09-30",
        "pretaxIncome": 2046,
        "provisionforIncomeTaxes": 620,
        "revenue": 8197,
        "sgaExpense": 3109,
        "totalOperatingExpense": 4208
      }
    ],
    "symbol": "GS"
  }
}