{
  "symbol": "PAYX",
  "statement": "ic",
  "frequency": "annual",
  "timestamp": "2025-09-19T14:05:19.719470",
  "data": {
    "financials": [
      {
        "costOfGoodsSold": 638.9,
        "depreciationAmortization": 90.7,
        "dilutedAverageSharesOutstanding": 362,
        "dilutedEPS": 4.5782,
        "ebit": 2329.3,
        "grossIncome": 4932.8,
        "interestExpense": 71.4,
        "interestIncomeExpense": 1.4,
        "netIncome": 1657.3,
        "netIncomeAfterTaxes": 1657.3,
        "nonRecurringItems": -155.6,
        "otherOperatingExpensesTotal": 659.8,
        "period": "2025-05-31",
        "pretaxIncome": 2175.9,
        "provisionforIncomeTaxes": 518.6,
        "revenue": 5571.7,
        "sgaExpense": 1853,
        "totalOperatingExpense": 2603.5,
        "totalOtherIncomeExpenseNet": 0.8,
        "year": 2025
      },
      {
        "costOfGoodsSold": 471.3,
        "depreciationAmortization": 176.5,
        "dilutedAverageSharesOutstanding": 362.1,
        "dilutedEPS": 4.67,
        "ebit": 2213.6,
        "grossIncome": 4807,
        "interestExpense": 37.3,
        "interestIncomeExpense": 42.8,
        "netIncome": 1690.4,
        "netIncomeAfterTaxes": 1690.4,
        "nonRecurringItems": -39.5,
        "otherOperatingExpensesTotal": 606.5,
        "period": "2024-05-31",
        "pretaxIncome": 2218,
        "provisionforIncomeTaxes": 527.6,
        "revenue": 5278.3,
        "sgaExpense": 1810.4,
        "totalOperatingExpense": 2593.4,
        "totalOtherIncomeExpenseNet": 1.1,
        "year": 2024
      },
      {
        "costOfGoodsSold": 416.8,
        "depreciationAmortization": 176.6,
        "dilutedAverageSharesOutstanding": 362.3,
        "dilutedEPS": 4.3,
        "ebit": 2033.1,
        "grossIncome": 4590.3,
        "interestExpense": 36.7,
        "interestIncomeExpense": 2.6,
        "netIncome": 1557.3,
        "netIncomeAfterTaxes": 1557.3,
        "otherOperatingExpensesTotal": 598,
        "period": "2023-05-31",
        "pretaxIncome": 2048.2,
        "provisionforIncomeTaxes": 490.9,
        "revenue": 5007.1,
        "sgaExpense": 1782.6,
        "totalOperatingExpense": 2557.2,
        "totalOtherIncomeExpenseNet": 12.5,
        "year": 2023
      },
      {
        "costOfGoodsSold": 405.2,
        "depreciationAmortization": 191.8,
        "dilutedAverageSharesOutstanding": 363.1,
        "dilutedEPS": 3.84,
        "ebit": 1840,
        "grossIncome": 4206.5,
        "interestExpense": 36.6,
        "interestIncomeExpense": -33.5,
        "netIncome": 1392.8,
        "netIncomeAfterTaxes": 1392.8,
        "nonRecurringItems": 0,
        "otherOperatingExpensesTotal": 542.5,
        "period": "2022-05-31",
        "pretaxIncome": 1824.6,
        "provisionforIncomeTaxes": 431.8,
        "revenue": 4611.7,
        "sgaExpense": 1632.2,
        "totalOperatingExpense": 2366.5,
        "totalOtherIncomeExpenseNet": 18.1,
        "year": 2022
      },
      {
        "costOfGoodsSold": 352.1,
        "depreciationAmortization": 192,
        "dilutedAverageSharesOutstanding": 362.1,
        "dilutedEPS": 3.03,
        "ebit": 1492.9,
        "grossIncome": 3704.7,
        "interestExpense": 35.8,
        "interestIncomeExpense": -32.3,
        "netIncome": 1097.5,
        "netIncomeAfterTaxes": 1097.5,
        "nonRecurringItems": -32.2,
        "otherOperatingExpensesTotal": 498,
        "period": "2021-05-31",
        "pretaxIncome": 1434.2,
        "provisionforIncomeTaxes": 336.7,
        "revenue": 4056.8,
        "sgaExpense": 1521.8,
        "totalOperatingExpense": 2211.8,
        "totalOtherIncomeExpenseNet": 5.8,
        "year": 2021
      },
      {
        "costOfGoodsSold": 334.7,
        "depreciationAmortization": 209.7,
        "dilutedAverageSharesOutstanding": 361,
        "dilutedEPS": 3.04,
        "ebit": 1460.5,
        "grossIncome": 3705.8,
        "interestExpense": 38.8,
        "interestIncomeExpense": -15.2,
        "netIncome": 1098.1,
        "netIncomeAfterTaxes": 1098.1,
        "otherOperatingExpensesTotal": 554.8,
        "period": "2020-05-31",
        "pretaxIncome": 1437.1,
        "provisionforIncomeTaxes": 339,
        "revenue": 4040.5,
        "sgaExpense": 1480.8,
        "totalOperatingExpense": 2245.3,
        "totalOtherIncomeExpenseNet": -8.2,
        "year": 2020
      },
      {
        "costOfGoodsSold": 286.7,
        "depreciationAmortization": 181.5,
        "dilutedAverageSharesOutstanding": 361.8,
        "dilutedEPS": 2.86,
        "ebit": 1371.3,
        "grossIncome": 3485.8,
        "interestExpense": 17.6,
        "interestIncomeExpense": -3.3,
        "netIncome": 1034.4,
        "netIncomeAfterTaxes": 1036.1,
        "otherOperatingExpensesTotal": 536.2,
        "period": "2019-05-31",
        "pretaxIncome": 1368,
        "provisionforIncomeTaxes": 331.9,
        "revenue": 3772.5,
        "sgaExpense": 1396.8,
        "totalOperatingExpense": 2114.5,
        "year": 2019
      },
      {
        "costOfGoodsSold": 205.2,
        "depreciationAmortization": 138,
        "dilutedAverageSharesOutstanding": 361.5,
        "dilutedEPS": 2.74,
        "ebit": 1291.5,
        "grossIncome": 3172.5,
        "interestExpense": 3.9,
        "interestIncomeExpense": 8.6,
        "netIncome": 994.1,
        "netIncomeAfterTaxes": 910.6,
        "otherOperatingExpensesTotal": 507.8,
        "period": "2018-05-31",
        "pretaxIncome": 1300.1,
        "provisionforIncomeTaxes": 389.5,
        "revenue": 3377.7,
        "sgaExpense": 1235.2,
        "totalOperatingExpense": 1881,
        "year": 2018
      },
      {
        "costOfGoodsSold": 142.2,
        "depreciationAmortization": 126.9,
        "dilutedAverageSharesOutstanding": 362.6,
        "dilutedEPS": 2.28,
        "ebit": 1253.9,
        "grossIncome": 3010.8,
        "interestExpense": 2.5,
        "interestIncomeExpense": 5.2,
        "netIncome": 826.3,
        "netIncomeAfterTaxes": 826.3,
        "otherOperatingExpensesTotal": 454.1,
        "period": "2017-05-31",
        "pretaxIncome": 1259.1,
        "provisionforIncomeTaxes": 432.8,
        "revenue": 3153,
        "sgaExpense": 1175.9,
        "totalOperatingExpense": 1756.9,
        "year": 2017
      },
      {
        "depreciationAmortization": 115.1,
        "dilutedAverageSharesOutstanding": 362.5,
        "dilutedEPS": 2.09,
        "ebit": 1146.6,
        "interestExpense": 1.1,
        "interestIncomeExpense": 4.5,
        "netIncome": 756.8,
        "netIncomeAfterTaxes": 756.8,
        "otherOperatingExpensesTotal": 542,
        "period": "2016-05-31",
        "pretaxIncome": 1151.1,
        "provisionforIncomeTaxes": 394.3,
        "revenue": 2951.9,
        "sgaExpense": 1148.2,
        "totalOperatingExpense": 1805.3,
        "year": 2016
      }
    ],
    "symbol": "PAYX"
  }
}