{
  "symbol": "EVRG",
  "statement": "ic",
  "frequency": "quarterly",
  "timestamp": "2025-09-19T14:00:05.138166",
  "data": {
    "financials": [
      {
        "depreciationAmortization": 288.4,
        "dilutedAverageSharesOutstanding": 232.7,
        "dilutedEPS": 0.7361,
        "ebit": 343.8,
        "equityEarningsAffiliates": 1.8,
        "interestIncomeExpense": -174.7,
        "minorityInterest": -3.1,
        "netIncome": 171.3,
        "netIncomeAfterTaxes": 172.6,
        "operationsMaintenance": 255.1,
        "otherOperatingExpensesTotal": 219.3,
        "otherRevenue": 1437,
        "period": "2025-06-30",
        "pretaxIncome": 182.6,
        "provisionforIncomeTaxes": 10,
        "purchasedFuelPowerGas": 330.4,
        "revenue": 1437,
        "totalOperatingExpense": 1093.2,
        "totalOtherIncomeExpenseNet": 13.5
      },
      {
        "depreciationAmortization": 288.1,
        "dilutedAverageSharesOutstanding": 232.1,
        "dilutedEPS": 0.5386,
        "ebit": 291.6,
        "equityEarningsAffiliates": 1.6,
        "interestExpense": 152.5,
        "interestIncomeExpense": -150.4,
        "minorityInterest": -3.1,
        "netIncome": 125,
        "netIncomeAfterTaxes": 126.5,
        "operationsMaintenance": 232,
        "otherOperatingExpensesTotal": 207.5,
        "otherRevenue": 1374.5,
        "period": "2025-03-31",
        "pretaxIncome": 136.1,
        "provisionforIncomeTaxes": 9.6,
        "purchasedFuelPowerGas": 355.3,
        "revenue": 1374.5,
        "totalOperatingExpense": 1082.9,
        "totalOtherIncomeExpenseNet": -5.1
      },
      {
        "depreciationAmortization": 275.5,
        "dilutedAverageSharesOutstanding": 230.9,
        "dilutedEPS": 0.3387,
        "ebit": 222.2,
        "equityEarningsAffiliates": 2,
        "interestExpense": 142.4,
        "interestIncomeExpense": -145.6,
        "minorityInterest": -3.1,
        "netIncome": 78.2,
        "netIncomeAfterTaxes": 79.3,
        "operationsMaintenance": 241.1,
        "otherOperatingExpensesTotal": 207.8,
        "otherRevenue": 1257.4,
        "period": "2024-12-31",
        "pretaxIncome": 74.6,
        "provisionforIncomeTaxes": -4.7,
        "purchasedFuelPowerGas": 310.8,
        "revenue": 1257.4,
        "totalOperatingExpense": 1035.2,
        "totalOtherIncomeExpenseNet": -2
      },
      {
        "depreciationAmortization": 282.3,
        "dilutedAverageSharesOutstanding": 230.6,
        "dilutedEPS": 2.0191,
        "ebit": 627.5,
        "equityEarningsAffiliates": 2,
        "interestExpense": 143.9,
        "interestIncomeExpense": -144,
        "minorityInterest": -3,
        "netIncome": 465.6,
        "netIncomeAfterTaxes": 466.6,
        "operationsMaintenance": 251.6,
        "otherOperatingExpensesTotal": 216.3,
        "otherRevenue": 1811.4,
        "period": "2024-09-30",
        "pretaxIncome": 486.6,
        "provisionforIncomeTaxes": 20,
        "purchasedFuelPowerGas": 433.7,
        "revenue": 1811.4,
        "totalOperatingExpense": 1183.9,
        "totalOtherIncomeExpenseNet": 3.1
      },
      {
        "depreciationAmortization": 280.1,
        "dilutedAverageSharesOutstanding": 230.5,
        "dilutedEPS": 0.8981,
        "ebit": 358.1,
        "equityEarningsAffiliates": 2,
        "interestExpense": 143.6,
        "interestIncomeExpense": -141,
        "minorityInterest": -3.1,
        "netIncome": 207,
        "netIncomeAfterTaxes": 208.1,
        "operationsMaintenance": 237.7,
        "otherOperatingExpensesTotal": 212.6,
        "otherRevenue": 1447.5,
        "period": "2024-06-30",
        "pretaxIncome": 215.5,
        "provisionforIncomeTaxes": 7.4,
        "purchasedFuelPowerGas": 359,
        "revenue": 1447.5,
        "totalOperatingExpense": 1089.4,
        "totalOtherIncomeExpenseNet": -1.6
      },
      {
        "depreciationAmortization": 276.1,
        "dilutedAverageSharesOutstanding": 230.4,
        "dilutedEPS": 0.5326,
        "ebit": 260.2,
        "equityEarningsAffiliates": 1.8,
        "interestExpense": 133.2,
        "interestIncomeExpense": -127.9,
        "minorityInterest": -3.1,
        "netIncome": 122.7,
        "netIncomeAfterTaxes": 124,
        "operationsMaintenance": 231.5,
        "otherOperatingExpensesTotal": 186.8,
        "otherRevenue": 1331,
        "period": "2024-03-31",
        "pretaxIncome": 131.3,
        "provisionforIncomeTaxes": 7.3,
        "purchasedFuelPowerGas": 376.4,
        "revenue": 1331,
        "totalOperatingExpense": 1070.8,
        "totalOtherIncomeExpenseNet": -1
      },
      {
        "depreciationAmortization": 270.4,
        "dilutedAverageSharesOutstanding": 230.5,
        "dilutedEPS": 0.2516,
        "ebit": 180.6,
        "equityEarningsAffiliates": 2.1,
        "interestExpense": 132.2,
        "interestIncomeExpense": -124.5,
        "minorityInterest": -3.1,
        "netIncome": 58,
        "netIncomeAfterTaxes": 59,
        "operationsMaintenance": 248.2,
        "otherOperatingExpensesTotal": 171.3,
        "otherRevenue": 1187.9,
        "period": "2023-12-31",
        "pretaxIncome": 42.6,
        "provisionforIncomeTaxes": -16.4,
        "purchasedFuelPowerGas": 317.4,
        "revenue": 1187.9,
        "totalOperatingExpense": 1007.3,
        "totalOtherIncomeExpenseNet": -13.5
      },
      {
        "depreciationAmortization": 273.3,
        "dilutedAverageSharesOutstanding": 230.5,
        "dilutedEPS": 1.5254,
        "ebit": 485.9,
        "equityEarningsAffiliates": 1.6,
        "interestExpense": 136.8,
        "interestIncomeExpense": -130.6,
        "minorityInterest": -3,
        "netIncome": 351.6,
        "netIncomeAfterTaxes": 353,
        "nonRecurringItems": 0,
        "operationsMaintenance": 253.2,
        "otherOperatingExpensesTotal": 178.5,
        "otherRevenue": 1669.3,
        "period": "2023-09-30",
        "pretaxIncome": 361.8,
        "provisionforIncomeTaxes": 8.8,
        "purchasedFuelPowerGas": 478.4,
        "revenue": 1669.3,
        "totalOperatingExpense": 1183.4,
        "totalOtherIncomeExpenseNet": 6.5
      },
      {
        "depreciationAmortization": 269.4,
        "dilutedAverageSharesOutstanding": 230.5,
        "dilutedEPS": 0.777,
        "ebit": 336.6,
        "equityEarningsAffiliates": 1.8,
        "interestExpense": 133.7,
        "interestIncomeExpense": -127,
        "minorityInterest": -3.1,
        "netIncome": 179.1,
        "netIncomeAfterTaxes": 180.4,
        "operationsMaintenance": 227.6,
        "otherOperatingExpensesTotal": 175.8,
        "otherRevenue": 1354.2,
        "period": "2023-06-30",
        "pretaxIncome": 191.2,
        "provisionforIncomeTaxes": 10.8,
        "purchasedFuelPowerGas": 344.8,
        "revenue": 1354.2,
        "totalOperatingExpense": 1017.6,
        "totalOtherIncomeExpenseNet": -18.4
      },
      {
        "depreciationAmortization": 263.4,
        "dilutedAverageSharesOutstanding": 230.3,
        "dilutedEPS": 0.6192,
        "ebit": 279.3,
        "equityEarningsAffiliates": 1.9,
        "interestExpense": 123.1,
        "interestIncomeExpense": -114,
        "minorityInterest": -3.1,
        "netIncome": 142.6,
        "netIncomeAfterTaxes": 143.8,
        "operationsMaintenance": 216.3,
        "otherOperatingExpensesTotal": 183.6,
        "otherRevenue": 1296.8,
        "period": "2023-03-31",
        "pretaxIncome": 156.2,
        "provisionforIncomeTaxes": 12.4,
        "purchasedFuelPowerGas": 354.2,
        "revenue": 1296.8,
        "totalOperatingExpense": 1017.5,
        "totalOtherIncomeExpenseNet": -9.1
      },
      {
        "depreciationAmortization": 235.1,
        "dilutedAverageSharesOutstanding": 229.9,
        "dilutedEPS": 0.0326,
        "ebit": 129.1,
        "equityEarningsAffiliates": 1.8,
        "interestExpense": 110.6,
        "interestIncomeExpense": -103.8,
        "minorityInterest": -3.1,
        "netIncome": 7.5,
        "netIncomeAfterTaxes": 8.8,
        "nonRecurringItems": -28.9,
        "operationsMaintenance": 284.1,
        "otherOperatingExpensesTotal": 176.4,
        "otherRevenue": 1279.6,
        "period": "2022-12-31",
        "pretaxIncome": -26.8,
        "provisionforIncomeTaxes": -35.6,
        "purchasedFuelPowerGas": 454.9,
        "revenue": 1279.6,
        "totalOperatingExpense": 1150.5,
        "totalOtherIncomeExpenseNet": -23.2
      },
      {
        "depreciationAmortization": 233.2,
        "dilutedAverageSharesOutstanding": 230.6,
        "dilutedEPS": 1.8569,
        "ebit": 584.4,
        "equityEarningsAffiliates": 2,
        "interestExpense": 102.3,
        "interestIncomeExpense": -89.2,
        "minorityInterest": -3,
        "netIncome": 428.2,
        "netIncomeAfterTaxes": 429.2,
        "nonRecurringItems": -6,
        "operationsMaintenance": 266.2,
        "otherOperatingExpensesTotal": 182.3,
        "otherRevenue": 1909.1,
        "period": "2022-09-30",
        "pretaxIncome": 478.7,
        "provisionforIncomeTaxes": 49.5,
        "purchasedFuelPowerGas": 643,
        "revenue": 1909.1,
        "totalOperatingExpense": 1324.7,
        "totalOtherIncomeExpenseNet": -10.5
      },
      {
        "depreciationAmortization": 232.1,
        "dilutedAverageSharesOutstanding": 230.4,
        "dilutedEPS": 0.8442,
        "ebit": 335.5,
        "equityEarningsAffiliates": 1.4,
        "interestExpense": 99.3,
        "interestIncomeExpense": -100.2,
        "minorityInterest": -3.1,
        "netIncome": 194.5,
        "netIncomeAfterTaxes": 196.2,
        "operationsMaintenance": 282.8,
        "otherOperatingExpensesTotal": 181.8,
        "otherRevenue": 1446.5,
        "period": "2022-06-30",
        "pretaxIncome": 218.3,
        "provisionforIncomeTaxes": 22.1,
        "purchasedFuelPowerGas": 414.3,
        "revenue": 1446.5,
        "totalOperatingExpense": 1111,
        "totalOtherIncomeExpenseNet": -17
      },
      {
        "depreciationAmortization": 229,
        "dilutedAverageSharesOutstanding": 230.2,
        "dilutedEPS": 0.5322,
        "ebit": 253.1,
        "equityEarningsAffiliates": 2.1,
        "interestExpense": 91.8,
        "interestIncomeExpense": -101.4,
        "minorityInterest": -3.1,
        "netIncome": 122.5,
        "netIncomeAfterTaxes": 123.5,
        "operationsMaintenance": 252.2,
        "otherOperatingExpensesTotal": 180.6,
        "otherRevenue": 1223.9,
        "period": "2022-03-31",
        "pretaxIncome": 135,
        "provisionforIncomeTaxes": 11.5,
        "purchasedFuelPowerGas": 309,
        "revenue": 1223.9,
        "totalOperatingExpense": 970.8,
        "totalOtherIncomeExpenseNet": -16.7
      },
      {
        "depreciationAmortization": 226.9,
        "dilutedAverageSharesOutstanding": 230.5,
        "dilutedEPS": 0.2317,
        "ebit": 142.6,
        "equityEarningsAffiliates": 2.1,
        "interestExpense": 91.2,
        "interestIncomeExpense": -50.1,
        "minorityInterest": -3.1,
        "netIncome": 53.4,
        "netIncomeAfterTaxes": 54.4,
        "nonRecurringItems": -1.4,
        "operationsMaintenance": 305.5,
        "otherOperatingExpensesTotal": 165.1,
        "otherRevenue": 1122.1,
        "period": "2021-12-31",
        "pretaxIncome": 72,
        "provisionforIncomeTaxes": 17.6,
        "purchasedFuelPowerGas": 282,
        "revenue": 1122.1,
        "totalOperatingExpense": 979.5,
        "totalOtherIncomeExpenseNet": -19.1
      },
      {
        "depreciationAmortization": 225,
        "dilutedAverageSharesOutstanding": 230.2,
        "dilutedEPS": 1.9522,
        "ebit": 604,
        "equityEarningsAffiliates": 2,
        "interestExpense": 93.6,
        "interestIncomeExpense": -84.8,
        "minorityInterest": -3.1,
        "netIncome": 449.4,
        "netIncomeAfterTaxes": 450.5,
        "nonRecurringItems": -3.3,
        "operationsMaintenance": 261.9,
        "otherOperatingExpensesTotal": 169.8,
        "otherRevenue": 1616.5,
        "period": "2021-09-30",
        "pretaxIncome": 507.7,
        "provisionforIncomeTaxes": 57.2,
        "purchasedFuelPowerGas": 355.8,
        "revenue": 1616.5,
        "totalOperatingExpense": 1012.5,
        "totalOtherIncomeExpenseNet": -8.2
      },
      {
        "depreciationAmortization": 225.2,
        "dilutedAverageSharesOutstanding": 229.7,
        "dilutedEPS": 0.8067,
        "ebit": 298.3,
        "equityEarningsAffiliates": 2.1,
        "interestExpense": 93.8,
        "interestIncomeExpense": -85.4,
        "minorityInterest": -3,
        "netIncome": 185.3,
        "netIncomeAfterTaxes": 186.2,
        "nonRecurringItems": -3,
        "operationsMaintenance": 256.9,
        "otherOperatingExpensesTotal": 171.7,
        "otherRevenue": 1236.2,
        "period": "2021-06-30",
        "pretaxIncome": 205.8,
        "provisionforIncomeTaxes": 19.6,
        "purchasedFuelPowerGas": 284.1,
        "revenue": 1236.2,
        "totalOperatingExpense": 937.9,
        "totalOtherIncomeExpenseNet": -4.1
      },
      {
        "depreciationAmortization": 219.3,
        "dilutedAverageSharesOutstanding": 227.6,
        "dilutedEPS": 0.84,
        "ebit": 324.8,
        "equityEarningsAffiliates": 2,
        "interestExpense": 94,
        "interestIncomeExpense": -92.4,
        "minorityInterest": -3,
        "netIncome": 191.6,
        "netIncomeAfterTaxes": 192.6,
        "nonRecurringItems": -7.1,
        "operationsMaintenance": 268.4,
        "otherOperatingExpensesTotal": 164.3,
        "otherRevenue": 1611.9,
        "period": "2021-03-31",
        "pretaxIncome": 215.6,
        "provisionforIncomeTaxes": 23,
        "purchasedFuelPowerGas": 635.1,
        "revenue": 1611.9,
        "totalOperatingExpense": 1287.1,
        "totalOtherIncomeExpenseNet": -9.7
      },
      {
        "depreciationAmortization": 222,
        "dilutedAverageSharesOutstanding": 227.5,
        "dilutedEPS": 0.22,
        "ebit": 164,
        "equityEarningsAffiliates": 2.2,
        "interestExpense": 93.4,
        "interestIncomeExpense": -86.6,
        "minorityInterest": -3,
        "netIncome": 51,
        "netIncomeAfterTaxes": 51.8,
        "nonRecurringItems": -11,
        "operationsMaintenance": 286.5,
        "otherOperatingExpensesTotal": 155.4,
        "otherRevenue": 1094.4,
        "period": "2020-12-31",
        "pretaxIncome": 60.2,
        "provisionforIncomeTaxes": 8.4,
        "purchasedFuelPowerGas": 266.5,
        "revenue": 1094.4,
        "totalOperatingExpense": 930.4,
        "totalOtherIncomeExpenseNet": -6.2
      },
      {
        "depreciationAmortization": 218,
        "dilutedAverageSharesOutstanding": 227.5,
        "dilutedEPS": 1.6,
        "ebit": 550.4,
        "equityEarningsAffiliates": 1.9,
        "interestExpense": 94.8,
        "interestIncomeExpense": -93.1,
        "minorityInterest": -3,
        "netIncome": 364.5,
        "netIncomeAfterTaxes": 365.6,
        "nonRecurringItems": -28.7,
        "operationsMaintenance": 275.9,
        "otherOperatingExpensesTotal": 157.1,
        "otherRevenue": 1517.6,
        "period": "2020-09-30",
        "pretaxIncome": 415.6,
        "provisionforIncomeTaxes": 50,
        "purchasedFuelPowerGas": 316.2,
        "revenue": 1517.6,
        "totalOperatingExpense": 967.2,
        "totalOtherIncomeExpenseNet": -13
      },
      {
        "depreciationAmortization": 221.6,
        "dilutedAverageSharesOutstanding": 227.6,
        "dilutedEPS": 0.59,
        "ebit": 271.3,
        "equityEarningsAffiliates": 2,
        "interestExpense": 99.5,
        "interestIncomeExpense": -96.4,
        "minorityInterest": -2.9,
        "netIncome": 133.4,
        "netIncomeAfterTaxes": 134.3,
        "nonRecurringItems": 0.4,
        "operationsMaintenance": 273.1,
        "otherOperatingExpensesTotal": 160.6,
        "otherRevenue": 1184.7,
        "period": "2020-06-30",
        "pretaxIncome": 168,
        "provisionforIncomeTaxes": 33.7,
        "purchasedFuelPowerGas": 258.1,
        "revenue": 1184.7,
        "totalOperatingExpense": 913.4,
        "totalOtherIncomeExpenseNet": -7.3
      },
      {
        "depreciationAmortization": 218.5,
        "dilutedAverageSharesOutstanding": 227.5,
        "dilutedEPS": 0.31,
        "ebit": 224.5,
        "equityEarningsAffiliates": 2.2,
        "interestExpense": 96.2,
        "interestIncomeExpense": -97,
        "minorityInterest": -2.8,
        "netIncome": 69.4,
        "netIncomeAfterTaxes": 70,
        "nonRecurringItems": -27,
        "operationsMaintenance": 261.2,
        "otherOperatingExpensesTotal": 154.3,
        "otherRevenue": 1116.7,
        "period": "2020-03-31",
        "pretaxIncome": 80.1,
        "provisionforIncomeTaxes": 10.1,
        "purchasedFuelPowerGas": 258.2,
        "revenue": 1116.7,
        "totalOperatingExpense": 892.2,
        "totalOtherIncomeExpenseNet": -20.4
      },
      {
        "depreciationAmortization": 216.6,
        "dilutedAverageSharesOutstanding": 228.2,
        "dilutedEPS": 0.28,
        "ebit": 177.9,
        "equityEarningsAffiliates": 1.9,
        "interestExpense": 96.7,
        "interestIncomeExpense": -93.3,
        "minorityInterest": -2.8,
        "netIncome": 63.9,
        "netIncomeAfterTaxes": 64.8,
        "nonRecurringItems": -12.1,
        "operationsMaintenance": 299.3,
        "otherOperatingExpensesTotal": 151.7,
        "otherRevenue": 1131.6,
        "period": "2019-12-31",
        "pretaxIncome": 62.6,
        "provisionforIncomeTaxes": -2.2,
        "purchasedFuelPowerGas": 286.1,
        "revenue": 1131.6,
        "totalOperatingExpense": 953.7,
        "totalOtherIncomeExpenseNet": -9.9
      },
      {
        "depreciationAmortization": 216.1,
        "dilutedAverageSharesOutstanding": 235,
        "dilutedEPS": 1.56,
        "ebit": 542.7,
        "equityEarningsAffiliates": 3.6,
        "interestExpense": 90.8,
        "interestIncomeExpense": -89,
        "minorityInterest": -4.1,
        "netIncome": 366.8,
        "netIncomeAfterTaxes": 367.3,
        "nonRecurringItems": -4,
        "operationsMaintenance": 307.6,
        "otherOperatingExpensesTotal": 153.9,
        "otherRevenue": 1577.6,
        "period": "2019-09-30",
        "pretaxIncome": 432.8,
        "provisionforIncomeTaxes": 65.5,
        "purchasedFuelPowerGas": 357.3,
        "revenue": 1577.6,
        "totalOperatingExpense": 1034.9,
        "totalOtherIncomeExpenseNet": -16.9
      },
      {
        "depreciationAmortization": 215.4,
        "dilutedAverageSharesOutstanding": 243.4,
        "dilutedEPS": 0.57,
        "ebit": 272.5,
        "equityEarningsAffiliates": 2.1,
        "interestExpense": 95.4,
        "interestIncomeExpense": -92.8,
        "minorityInterest": -4.9,
        "netIncome": 139.7,
        "netIncomeAfterTaxes": 142.5,
        "nonRecurringItems": -0.8,
        "operationsMaintenance": 287.8,
        "otherOperatingExpensesTotal": 154.4,
        "otherRevenue": 1221.7,
        "period": "2019-06-30",
        "pretaxIncome": 166.9,
        "provisionforIncomeTaxes": 24.4,
        "purchasedFuelPowerGas": 291.6,
        "revenue": 1221.7,
        "totalOperatingExpense": 949.2,
        "totalOtherIncomeExpenseNet": -12
      },
      {
        "depreciationAmortization": 213.6,
        "dilutedAverageSharesOutstanding": 253,
        "dilutedEPS": 0.39,
        "ebit": 224.6,
        "equityEarningsAffiliates": 2.2,
        "interestExpense": 91.1,
        "interestIncomeExpense": -87.9,
        "minorityInterest": -3.9,
        "netIncome": 99.5,
        "netIncomeAfterTaxes": 101.2,
        "nonRecurringItems": -15,
        "operationsMaintenance": 291.9,
        "otherOperatingExpensesTotal": 156.8,
        "otherRevenue": 1216.9,
        "period": "2019-03-31",
        "pretaxIncome": 110.5,
        "provisionforIncomeTaxes": 9.3,
        "purchasedFuelPowerGas": 330,
        "revenue": 1216.9,
        "totalOperatingExpense": 992.3,
        "totalOtherIncomeExpenseNet": -11.2
      },
      {
        "depreciationAmortization": 207.2,
        "dilutedAverageSharesOutstanding": 262.4,
        "dilutedEPS": 0.07,
        "ebit": 150.1,
        "equityEarningsAffiliates": 0.7,
        "interestExpense": 88.3,
        "interestIncomeExpense": -85.7,
        "minorityInterest": -2.6,
        "netIncome": 18.9,
        "netIncomeAfterTaxes": 20.4,
        "operationsMaintenance": 361.6,
        "otherOperatingExpensesTotal": 151.1,
        "otherRevenue": 1199.8,
        "period": "2018-12-31",
        "pretaxIncome": 51.1,
        "provisionforIncomeTaxes": 30.7,
        "purchasedFuelPowerGas": 329.8,
        "revenue": 1199.8,
        "totalOperatingExpense": 1049.7,
        "totalOtherIncomeExpenseNet": -13.3
      },
      {
        "depreciationAmortization": 193.9,
        "dilutedAverageSharesOutstanding": 268.8,
        "dilutedEPS": 1.32,
        "ebit": 533.1,
        "equityEarningsAffiliates": 2,
        "interestExpense": 89.1,
        "interestIncomeExpense": -84.2,
        "minorityInterest": -2.6,
        "netIncome": 354.8,
        "netIncomeAfterTaxes": 355.6,
        "operationsMaintenance": 330.4,
        "otherOperatingExpensesTotal": 141.4,
        "otherRevenue": 1582.5,
        "period": "2018-09-30",
        "pretaxIncome": 419.7,
        "provisionforIncomeTaxes": 64.1,
        "purchasedFuelPowerGas": 383.7,
        "revenue": 1582.5,
        "totalOperatingExpense": 1049.4,
        "totalOtherIncomeExpenseNet": -29.2
      },
      {
        "depreciationAmortization": 128,
        "dilutedAverageSharesOutstanding": 181,
        "dilutedEPS": 0.56,
        "ebit": 126.9,
        "equityEarningsAffiliates": 1.4,
        "interestExpense": 58.4,
        "interestIncomeExpense": -56.8,
        "minorityInterest": -2.6,
        "netIncome": 101.7,
        "netIncomeAfterTaxes": 103,
        "operationsMaintenance": 283.8,
        "otherOperatingExpensesTotal": 125,
        "otherRevenue": 893.4,
        "period": "2018-06-30",
        "pretaxIncome": 58,
        "provisionforIncomeTaxes": -45,
        "purchasedFuelPowerGas": 229.7,
        "revenue": 893.4,
        "totalOperatingExpense": 766.5,
        "totalOtherIncomeExpenseNet": -12.1
      },
      {
        "depreciationAmortization": 89.7,
        "dilutedAverageSharesOutstanding": 171.5,
        "dilutedEPS": 0.35,
        "ebit": 123.5,
        "equityEarningsAffiliates": 1.3,
        "interestExpense": 43.8,
        "interestIncomeExpense": -44.1,
        "minorityInterest": -2.4,
        "netIncome": 60.4,
        "netIncomeAfterTaxes": 61.6,
        "operationsMaintenance": 140,
        "otherOperatingExpensesTotal": 111.5,
        "otherRevenue": 600.2,
        "period": "2018-03-31",
        "pretaxIncome": 70.8,
        "provisionforIncomeTaxes": 9.2,
        "purchasedFuelPowerGas": 135.5,
        "revenue": 600.2,
        "totalOperatingExpense": 476.7,
        "totalOtherIncomeExpenseNet": -8.6
      },
      {
        "depreciationAmortization": 94.4,
        "dilutedAverageSharesOutstanding": 142.8,
        "dilutedEPS": 0.24,
        "ebit": 117.3,
        "interestExpense": 42.769,
        "interestIncomeExpense": -40.5,
        "minorityInterest": -2.4,
        "netIncome": 33.8,
        "netIncomeAfterTaxes": 36.3,
        "operationsMaintenance": 85.7,
        "otherOperatingExpensesTotal": 104.1,
        "otherRevenue": 594.8,
        "period": "2017-12-31",
        "pretaxIncome": 74.9,
        "provisionforIncomeTaxes": 38.6,
        "purchasedFuelPowerGas": 126.1,
        "revenue": 594.8,
        "sgaExpense": 67.2,
        "totalOperatingExpense": 477.5,
        "totalOtherIncomeExpenseNet": -1.9
      },
      {
        "depreciationAmortization": 94.6,
        "dilutedAverageSharesOutstanding": 142.5,
        "dilutedEPS": 1.11,
        "ebit": 264.9,
        "equityEarningsAffiliates": 1.6,
        "interestExpense": 43.4,
        "interestIncomeExpense": -42.4,
        "minorityInterest": -2.4,
        "netIncome": 158,
        "netIncomeAfterTaxes": 159.1,
        "operationsMaintenance": 140.6,
        "otherOperatingExpensesTotal": 104.4,
        "otherRevenue": 794.3,
        "period": "2017-09-30",
        "pretaxIncome": 214.9,
        "provisionforIncomeTaxes": 55.8,
        "purchasedFuelPowerGas": 189.8,
        "revenue": 794.3,
        "totalOperatingExpense": 529.4,
        "totalOtherIncomeExpenseNet": -7.6
      },
      {
        "depreciationAmortization": 94.1,
        "dilutedAverageSharesOutstanding": 143.9,
        "dilutedEPS": 0.51,
        "ebit": 160.2,
        "interestExpense": 43.705,
        "interestIncomeExpense": -44.4,
        "minorityInterest": -4,
        "netIncome": 71.9,
        "netIncomeAfterTaxes": 72.7,
        "operationsMaintenance": 139.7,
        "otherOperatingExpensesTotal": 103.6,
        "otherRevenue": 609.3,
        "period": "2017-06-30",
        "pretaxIncome": 108.6,
        "provisionforIncomeTaxes": 35.9,
        "purchasedFuelPowerGas": 111.7,
        "revenue": 609.3,
        "totalOperatingExpense": 449.1,
        "totalOtherIncomeExpenseNet": -7.2
      },
      {
        "depreciationAmortization": 88.6,
        "dilutedAverageSharesOutstanding": 142.7,
        "dilutedEPS": 0.42,
        "ebit": 131.4,
        "interestExpense": 41.095,
        "interestIncomeExpense": -37.9,
        "minorityInterest": -3.8,
        "netIncome": 59.6,
        "netIncomeAfterTaxes": 63.5,
        "operationsMaintenance": 135.3,
        "otherOperatingExpensesTotal": 103.4,
        "otherRevenue": 572.6,
        "period": "2017-03-31",
        "pretaxIncome": 84.4,
        "provisionforIncomeTaxes": 20.9,
        "purchasedFuelPowerGas": 113.9,
        "revenue": 572.6,
        "totalOperatingExpense": 441.2,
        "totalOtherIncomeExpenseNet": -9.1
      },
      {
        "depreciationAmortization": 85.7,
        "dilutedAverageSharesOutstanding": 142.7,
        "dilutedEPS": 0.38,
        "ebit": 115.9,
        "interestExpense": 40.715,
        "interestIncomeExpense": -38.6,
        "minorityInterest": -3.9,
        "netIncome": 53.8,
        "netIncomeAfterTaxes": 57.8,
        "operationsMaintenance": 96.2,
        "otherOperatingExpensesTotal": 105,
        "otherRevenue": 606.5,
        "period": "2016-12-31",
        "pretaxIncome": 82,
        "provisionforIncomeTaxes": 24.2,
        "purchasedFuelPowerGas": 135.1,
        "revenue": 606.5,
        "sgaExpense": 68.7,
        "totalOperatingExpense": 490.7,
        "totalOtherIncomeExpenseNet": 4.7
      },
      {
        "depreciationAmortization": 85,
        "dilutedAverageSharesOutstanding": 142.6,
        "dilutedEPS": 1.08,
        "ebit": 270.6,
        "interestExpense": 40.897,
        "interestIncomeExpense": -38.3,
        "minorityInterest": -3.8,
        "netIncome": 154.4,
        "netIncomeAfterTaxes": 158.6,
        "operationsMaintenance": 86.8,
        "otherOperatingExpensesTotal": 106.1,
        "otherRevenue": 764.7,
        "period": "2016-09-30",
        "pretaxIncome": 239.8,
        "provisionforIncomeTaxes": 81.2,
        "purchasedFuelPowerGas": 155.7,
        "revenue": 764.7,
        "sgaExpense": 60.6,
        "totalOperatingExpense": 494.1,
        "totalOtherIncomeExpenseNet": 7.5
      },
      {
        "depreciationAmortization": 84.2,
        "dilutedAverageSharesOutstanding": 144.2,
        "dilutedEPS": 0.51,
        "ebit": 153.6,
        "interestExpense": 39.683,
        "interestIncomeExpense": -37.4,
        "minorityInterest": -3.8,
        "netIncome": 72.2,
        "netIncomeAfterTaxes": 76.1,
        "operationsMaintenance": 85.6,
        "otherOperatingExpensesTotal": 103.6,
        "otherRevenue": 621.4,
        "period": "2016-06-30",
        "pretaxIncome": 116.7,
        "provisionforIncomeTaxes": 40.5,
        "purchasedFuelPowerGas": 118.6,
        "revenue": 621.4,
        "sgaExpense": 75.7,
        "totalOperatingExpense": 467.8,
        "totalOtherIncomeExpenseNet": 0.5
      },
      {
        "depreciationAmortization": 83.6,
        "dilutedAverageSharesOutstanding": 142.3,
        "dilutedEPS": 0.46,
        "ebit": 141.8,
        "interestExpense": 40.431,
        "interestIncomeExpense": -38.4,
        "minorityInterest": -3.1,
        "netIncome": 65.5,
        "netIncomeAfterTaxes": 68.7,
        "operationsMaintenance": 77.8,
        "otherOperatingExpensesTotal": 109.7,
        "otherRevenue": 569.5,
        "period": "2016-03-31",
        "pretaxIncome": 107.3,
        "provisionforIncomeTaxes": 38.6,
        "purchasedFuelPowerGas": 100.1,
        "revenue": 569.5,
        "sgaExpense": 56.5,
        "totalOperatingExpense": 427.6,
        "totalOtherIncomeExpenseNet": 3.9
      },
      {
        "depreciationAmortization": 82.1,
        "dilutedAverageSharesOutstanding": 142.6,
        "dilutedEPS": 0.27,
        "ebit": 108.4,
        "interestExpense": 42.682,
        "interestIncomeExpense": -39.3,
        "minorityInterest": -2.6,
        "netIncome": 39.2,
        "netIncomeAfterTaxes": 41.8,
        "operationsMaintenance": 82,
        "otherOperatingExpensesTotal": 101.2,
        "otherRevenue": 546,
        "period": "2015-12-31",
        "pretaxIncome": 66,
        "provisionforIncomeTaxes": 24.2,
        "purchasedFuelPowerGas": 101.6,
        "revenue": 546,
        "sgaExpense": 70.7,
        "totalOperatingExpense": 437.6,
        "totalOtherIncomeExpenseNet": -3
      },
      {
        "depreciationAmortization": 77.2,
        "dilutedAverageSharesOutstanding": 141.8,
        "dilutedEPS": 0.97,
        "ebit": 255.6,
        "interestExpense": 44.306,
        "interestIncomeExpense": -44,
        "minorityInterest": -2.6,
        "netIncome": 137.7,
        "netIncomeAfterTaxes": 140.6,
        "operationsMaintenance": 80.4,
        "otherOperatingExpensesTotal": 95.2,
        "otherRevenue": 732.8,
        "period": "2015-09-30",
        "pretaxIncome": 206.9,
        "provisionforIncomeTaxes": 66.3,
        "purchasedFuelPowerGas": 163.9,
        "revenue": 732.8,
        "sgaExpense": 60.5,
        "totalOperatingExpense": 477.2,
        "totalOtherIncomeExpenseNet": -4.8
      }
    ],
    "symbol": "EVRG"
  }
}