{
  "symbol": "KMX",
  "statement": "ic",
  "frequency": "annual",
  "timestamp": "2025-09-19T13:57:25.804153",
  "data": {
    "financials": [
      {
        "costOfGoodsSold": 23455.519,
        "depreciationAmortization": 255.321,
        "dilutedAverageSharesOutstanding": 156.061,
        "dilutedEPS": 3.2074,
        "ebit": 207.852,
        "grossIncome": 2897.901,
        "interestExpense": 107.941,
        "interestIncomeExpense": 473.808,
        "netIncome": 500.556,
        "netIncomeAfterTaxes": 500.556,
        "nonRecurringItems": -12.3,
        "otherOperatingExpensesTotal": -0.703,
        "period": "2025-02-28",
        "pretaxIncome": 669.36,
        "provisionforIncomeTaxes": 168.804,
        "revenue": 26353.42,
        "sgaExpense": 2435.431,
        "totalOperatingExpense": 2690.049,
        "year": 2025
      },
      {
        "costOfGoodsSold": 23822.831,
        "depreciationAmortization": 239.028,
        "dilutedAverageSharesOutstanding": 158.707,
        "dilutedEPS": 3.0194,
        "ebit": 265.274,
        "grossIncome": 2713.209,
        "interestExpense": 124.75,
        "interestIncomeExpense": 443.521,
        "netIncome": 479.204,
        "netIncomeAfterTaxes": 479.204,
        "nonRecurringItems": -67.2,
        "otherOperatingExpensesTotal": -10.271,
        "period": "2024-02-29",
        "pretaxIncome": 641.595,
        "provisionforIncomeTaxes": 162.391,
        "revenue": 26536.04,
        "sgaExpense": 2219.178,
        "totalOperatingExpense": 2447.935,
        "year": 2024
      },
      {
        "costOfGoodsSold": 26884.67,
        "depreciationAmortization": 228.449,
        "dilutedAverageSharesOutstanding": 159.771,
        "dilutedEPS": 3.03,
        "ebit": 93.798,
        "grossIncome": 2800.203,
        "interestExpense": 120.398,
        "interestIncomeExpense": 543.006,
        "netIncome": 484.762,
        "netIncomeAfterTaxes": 484.762,
        "otherOperatingExpensesTotal": -9.401,
        "period": "2023-02-28",
        "pretaxIncome": 636.804,
        "provisionforIncomeTaxes": 152.042,
        "revenue": 29684.873,
        "sgaExpense": 2487.357,
        "totalOperatingExpense": 2706.405,
        "year": 2023
      },
      {
        "costOfGoodsSold": 28612.87,
        "depreciationAmortization": 211.956,
        "dilutedAverageSharesOutstanding": 165.176,
        "dilutedEPS": 6.97,
        "ebit": 762.334,
        "grossIncome": 3287.542,
        "interestExpense": 94.095,
        "interestIncomeExpense": 707.412,
        "netIncome": 1151.297,
        "netIncomeAfterTaxes": 1151.297,
        "nonRecurringItems": 22.6,
        "otherOperatingExpensesTotal": -34.568,
        "period": "2022-02-28",
        "pretaxIncome": 1492.346,
        "provisionforIncomeTaxes": 341.049,
        "revenue": 31900.412,
        "sgaExpense": 2347.82,
        "totalOperatingExpense": 2525.208,
        "year": 2022
      },
      {
        "costOfGoodsSold": 16571.024,
        "dilutedAverageSharesOutstanding": 165.133,
        "dilutedEPS": 4.52,
        "ebit": 448.325,
        "grossIncome": 2379.125,
        "interestExpense": 86.178,
        "interestIncomeExpense": 476.632,
        "netIncome": 746.919,
        "netIncomeAfterTaxes": 746.919,
        "nonRecurringItems": 40.3,
        "otherOperatingExpensesTotal": -8.275,
        "period": "2021-02-28",
        "pretaxIncome": 965.257,
        "provisionforIncomeTaxes": 218.338,
        "revenue": 18950.149,
        "sgaExpense": 1939.075,
        "totalOperatingExpense": 1930.8,
        "year": 2021
      },
      {
        "costOfGoodsSold": 17597.647,
        "dilutedAverageSharesOutstanding": 166.82,
        "dilutedEPS": 5.33,
        "ebit": 787.963,
        "grossIncome": 2722.34,
        "interestExpense": 83.007,
        "interestIncomeExpense": 373.023,
        "netIncome": 888.433,
        "netIncomeAfterTaxes": 888.433,
        "otherOperatingExpensesTotal": -5.69,
        "period": "2020-02-29",
        "pretaxIncome": 1160.986,
        "provisionforIncomeTaxes": 272.553,
        "revenue": 20319.987,
        "sgaExpense": 1940.067,
        "totalOperatingExpense": 1934.377,
        "year": 2020
      },
      {
        "costOfGoodsSold": 15692.509,
        "dilutedAverageSharesOutstanding": 175.884,
        "dilutedEPS": 4.79,
        "ebit": 749.908,
        "grossIncome": 2480.591,
        "interestExpense": 75.792,
        "interestIncomeExpense": 362.898,
        "netIncome": 842.413,
        "netIncomeAfterTaxes": 842.413,
        "otherOperatingExpensesTotal": 0.408,
        "period": "2019-02-28",
        "pretaxIncome": 1112.806,
        "provisionforIncomeTaxes": 270.393,
        "revenue": 18173.1,
        "sgaExpense": 1730.275,
        "totalOperatingExpense": 1730.683,
        "year": 2019
      },
      {
        "costOfGoodsSold": 14791.35,
        "dilutedAverageSharesOutstanding": 184.47,
        "dilutedEPS": 3.6,
        "ebit": 713.171,
        "grossIncome": 2328.859,
        "interestExpense": 70.745,
        "interestIncomeExpense": 350.437,
        "netIncome": 664.112,
        "netIncomeAfterTaxes": 676.012,
        "otherOperatingExpensesTotal": -1.363,
        "period": "2018-02-28",
        "pretaxIncome": 1063.608,
        "provisionforIncomeTaxes": 387.596,
        "revenue": 17120.209,
        "sgaExpense": 1617.051,
        "totalOperatingExpense": 1615.688,
        "year": 2018
      },
      {
        "costOfGoodsSold": 13691.824,
        "dilutedAverageSharesOutstanding": 192.215,
        "dilutedEPS": 3.26,
        "ebit": 693.837,
        "grossIncome": 2183.294,
        "interestExpense": 56.416,
        "interestIncomeExpense": 312.568,
        "netIncome": 626.97,
        "netIncomeAfterTaxes": 626.97,
        "otherOperatingExpensesTotal": 0.953,
        "period": "2017-02-28",
        "pretaxIncome": 1006.405,
        "provisionforIncomeTaxes": 379.435,
        "revenue": 15875.118,
        "sgaExpense": 1488.504,
        "totalOperatingExpense": 1489.457,
        "year": 2017
      },
      {
        "costOfGoodsSold": 13130.915,
        "dilutedAverageSharesOutstanding": 205.54,
        "dilutedEPS": 3.03,
        "ebit": 654.266,
        "grossIncome": 2018.76,
        "interestExpense": 36.358,
        "interestIncomeExpense": 355.678,
        "netIncome": 623.428,
        "netIncomeAfterTaxes": 623.428,
        "otherOperatingExpensesTotal": 12.559,
        "period": "2016-02-29",
        "pretaxIncome": 1009.944,
        "provisionforIncomeTaxes": 386.516,
        "revenue": 15149.675,
        "sgaExpense": 1351.935,
        "totalOperatingExpense": 1364.494,
        "year": 2016
      }
    ],
    "symbol": "KMX"
  }
}