{
  "symbol": "SJM",
  "statement": "ic",
  "frequency": "annual",
  "timestamp": "2025-09-19T14:06:42.890660",
  "data": {
    "financials": [
      {
        "costOfGoodsSold": 5332.3,
        "depreciationAmortization": 219.3,
        "dilutedAverageSharesOutstanding": 106.4,
        "dilutedEPS": -11.5667,
        "ebit": 1663.6,
        "grossIncome": 3393.8,
        "interestExpense": 388.7,
        "interestIncomeExpense": -388.7,
        "netIncome": -1230.7,
        "netIncomeAfterTaxes": -1230.8,
        "nonRecurringItems": -2307.3,
        "otherOperatingExpensesTotal": -18.1,
        "period": "2025-04-30",
        "pretaxIncome": -1046.8,
        "provisionforIncomeTaxes": 184,
        "researchDevelopment": 51.7,
        "revenue": 8726.1,
        "sgaExpense": 1477.3,
        "totalOperatingExpense": 1730.2,
        "totalOtherIncomeExpenseNet": -14.4,
        "year": 2025
      },
      {
        "costOfGoodsSold": 5060.4,
        "depreciationAmortization": 191.1,
        "dilutedAverageSharesOutstanding": 104.2,
        "dilutedEPS": 7.1382,
        "ebit": 1451.8,
        "grossIncome": 3118.3,
        "interestExpense": 264.3,
        "interestIncomeExpense": -264.3,
        "netIncome": 743.8,
        "netIncomeAfterTaxes": 744,
        "nonRecurringItems": -165.8,
        "otherOperatingExpensesTotal": 29.2,
        "period": "2024-04-30",
        "pretaxIncome": 996.4,
        "provisionforIncomeTaxes": 252.4,
        "researchDevelopment": 49.1,
        "revenue": 8178.7,
        "sgaExpense": 1397.1,
        "totalOperatingExpense": 1666.5,
        "totalOtherIncomeExpenseNet": -25.3,
        "year": 2024
      },
      {
        "costOfGoodsSold": 5721,
        "depreciationAmortization": 206.9,
        "dilutedAverageSharesOutstanding": 106.2,
        "dilutedEPS": -0.86,
        "ebit": 1187.1,
        "grossIncome": 2808.2,
        "interestExpense": 152,
        "interestIncomeExpense": -152,
        "netIncome": -91.2,
        "netIncomeAfterTaxes": -91.3,
        "nonRecurringItems": -1036.5,
        "otherOperatingExpensesTotal": -40.8,
        "period": "2023-04-30",
        "pretaxIncome": -9.2,
        "provisionforIncomeTaxes": 82.1,
        "researchDevelopment": 47.3,
        "revenue": 8529.2,
        "sgaExpense": 1407.7,
        "totalOperatingExpense": 1621.1,
        "totalOtherIncomeExpenseNet": -7.8,
        "year": 2023
      },
      {
        "costOfGoodsSold": 5298.2,
        "depreciationAmortization": 223.6,
        "dilutedAverageSharesOutstanding": 107.9,
        "dilutedEPS": 5.84,
        "ebit": 1182.2,
        "grossIncome": 2700.7,
        "interestExpense": 160.9,
        "interestIncomeExpense": -160.9,
        "netIncome": 629.9,
        "netIncomeAfterTaxes": 631.7,
        "nonRecurringItems": -158.4,
        "otherOperatingExpensesTotal": -65.4,
        "period": "2022-04-30",
        "pretaxIncome": 843.8,
        "provisionforIncomeTaxes": 212.1,
        "revenue": 7998.9,
        "sgaExpense": 1360.3,
        "totalOperatingExpense": 1518.5,
        "totalOtherIncomeExpenseNet": -19.1,
        "year": 2022
      },
      {
        "costOfGoodsSold": 4864,
        "depreciationAmortization": 233,
        "dilutedAverageSharesOutstanding": 112,
        "dilutedEPS": 7.79,
        "ebit": 1411.3,
        "grossIncome": 3138.7,
        "interestExpense": 177.1,
        "interestIncomeExpense": -177.1,
        "netIncome": 872.6,
        "netIncomeAfterTaxes": 876.3,
        "nonRecurringItems": -24.5,
        "otherOperatingExpensesTotal": -28.7,
        "period": "2021-04-30",
        "pretaxIncome": 1171.9,
        "provisionforIncomeTaxes": 295.6,
        "researchDevelopment": 57.7,
        "revenue": 8002.7,
        "sgaExpense": 1465.4,
        "totalOperatingExpense": 1727.4,
        "totalOtherIncomeExpenseNet": -37.8,
        "year": 2021
      },
      {
        "costOfGoodsSold": 4799,
        "depreciationAmortization": 236.3,
        "dilutedAverageSharesOutstanding": 113.4,
        "dilutedEPS": 6.84,
        "ebit": 1292,
        "grossIncome": 3002,
        "interestExpense": 189.2,
        "interestIncomeExpense": -189.2,
        "netIncome": 775.1,
        "netIncomeAfterTaxes": 779.5,
        "nonRecurringItems": -68.9,
        "otherOperatingExpensesTotal": -0.6,
        "period": "2020-04-30",
        "pretaxIncome": 1026.7,
        "provisionforIncomeTaxes": 247.2,
        "researchDevelopment": 57.7,
        "revenue": 7801,
        "sgaExpense": 1416.6,
        "totalOperatingExpense": 1710,
        "totalOtherIncomeExpenseNet": -7.2,
        "year": 2020
      },
      {
        "costOfGoodsSold": 4922.3,
        "depreciationAmortization": 240.3,
        "dilutedAverageSharesOutstanding": 113.1,
        "dilutedEPS": 4.53,
        "ebit": 1170.1,
        "grossIncome": 2915.7,
        "interestExpense": 207.9,
        "interestIncomeExpense": -207.9,
        "netIncome": 511.8,
        "netIncomeAfterTaxes": 514.4,
        "nonRecurringItems": -241.5,
        "otherOperatingExpensesTotal": -3.3,
        "period": "2019-04-30",
        "pretaxIncome": 701.6,
        "provisionforIncomeTaxes": 187.2,
        "researchDevelopment": 56,
        "revenue": 7838,
        "sgaExpense": 1452.6,
        "totalOperatingExpense": 1745.6,
        "totalOtherIncomeExpenseNet": -19.1,
        "year": 2019
      },
      {
        "costOfGoodsSold": 4517.1,
        "depreciationAmortization": 206.8,
        "dilutedAverageSharesOutstanding": 113,
        "dilutedEPS": 11.78,
        "ebit": 1270.2,
        "grossIncome": 2840,
        "interestExpense": 174.1,
        "interestIncomeExpense": -174.1,
        "netIncome": 1331.8,
        "netIncomeAfterTaxes": 572.8,
        "nonRecurringItems": -226.2,
        "otherOperatingExpensesTotal": 0.1,
        "period": "2018-04-30",
        "pretaxIncome": 861,
        "provisionforIncomeTaxes": 288.2,
        "researchDevelopment": 56,
        "revenue": 7357.1,
        "sgaExpense": 1306.9,
        "totalOperatingExpense": 1569.8,
        "totalOtherIncomeExpenseNet": -8.9,
        "year": 2018
      },
      {
        "costOfGoodsSold": 4551.3,
        "depreciationAmortization": 207.3,
        "dilutedAverageSharesOutstanding": 115.6,
        "dilutedEPS": 5.1,
        "ebit": 1258.4,
        "grossIncome": 2841,
        "interestExpense": 163.1,
        "interestIncomeExpense": -163.1,
        "netIncome": 589.5,
        "netIncomeAfterTaxes": 592.3,
        "nonRecurringItems": -215.8,
        "otherOperatingExpensesTotal": -4.3,
        "period": "2017-04-30",
        "pretaxIncome": 878.4,
        "provisionforIncomeTaxes": 286.1,
        "researchDevelopment": 58.1,
        "revenue": 7392.3,
        "sgaExpense": 1321.5,
        "totalOperatingExpense": 1582.6,
        "totalOtherIncomeExpenseNet": -1.1,
        "year": 2017
      },
      {
        "costOfGoodsSold": 4831.2,
        "depreciationAmortization": 208.4,
        "dilutedAverageSharesOutstanding": 119,
        "dilutedEPS": 5.76,
        "ebit": 1293.4,
        "grossIncome": 2980,
        "interestExpense": 171.1,
        "interestIncomeExpense": -171.1,
        "netIncome": 685.7,
        "netIncomeAfterTaxes": 688.7,
        "nonRecurringItems": -148.1,
        "otherOperatingExpensesTotal": -32.1,
        "period": "2016-04-30",
        "pretaxIncome": 977.9,
        "provisionforIncomeTaxes": 289.2,
        "revenue": 7811.2,
        "sgaExpense": 1510.3,
        "totalOperatingExpense": 1686.6,
        "totalOtherIncomeExpenseNet": 3.7,
        "year": 2016
      }
    ],
    "symbol": "SJM"
  }
}