{
  "symbol": "ATO",
  "statement": "ic",
  "frequency": "annual",
  "timestamp": "2025-09-19T13:56:23.982763",
  "data": {
    "financials": [
      {
        "costOfGoodsSold": 933.693,
        "depreciationAmortization": 669.972,
        "dilutedAverageSharesOutstanding": 152.666,
        "dilutedEPS": 6.8276,
        "ebit": 1355.362,
        "grossIncome": 3231.494,
        "interestExpense": 190.632,
        "interestIncomeExpense": -164.183,
        "netIncome": 1042.342,
        "netIncomeAfterTaxes": 1042.895,
        "operationsMaintenance": 819.137,
        "otherOperatingExpensesTotal": 387.023,
        "period": "2024-09-30",
        "pretaxIncome": 1235.776,
        "provisionforIncomeTaxes": 192.881,
        "revenue": 4165.187,
        "totalOperatingExpense": 1876.132,
        "totalOtherIncomeExpenseNet": 44.597,
        "year": 2024
      },
      {
        "costOfGoodsSold": 1452.2,
        "depreciationAmortization": 604.3,
        "dilutedAverageSharesOutstanding": 145.2,
        "dilutedEPS": 6.1,
        "ebit": 1067.1,
        "grossIncome": 2823.2,
        "interestExpense": 137.281,
        "interestIncomeExpense": -137.3,
        "netIncome": 885.3,
        "netIncomeAfterTaxes": 885.9,
        "operationsMaintenance": 764.9,
        "otherOperatingExpensesTotal": 386.8,
        "period": "2023-09-30",
        "pretaxIncome": 999.6,
        "provisionforIncomeTaxes": 113.8,
        "revenue": 4275.4,
        "totalOperatingExpense": 1756,
        "totalOtherIncomeExpenseNet": 69.8,
        "year": 2023
      },
      {
        "costOfGoodsSold": 1682.7,
        "depreciationAmortization": 535.7,
        "dilutedAverageSharesOutstanding": 138.1,
        "dilutedEPS": 5.6,
        "ebit": 921,
        "grossIncome": 2519,
        "interestExpense": 102.811,
        "interestIncomeExpense": -102.8,
        "netIncome": 773.9,
        "netIncomeAfterTaxes": 774.4,
        "operationsMaintenance": 710.2,
        "otherOperatingExpensesTotal": 352.2,
        "period": "2022-09-30",
        "pretaxIncome": 851.9,
        "provisionforIncomeTaxes": 77.5,
        "revenue": 4201.7,
        "totalOperatingExpense": 1598,
        "totalOtherIncomeExpenseNet": 33.7,
        "year": 2022
      },
      {
        "costOfGoodsSold": 1032.7,
        "depreciationAmortization": 478,
        "dilutedAverageSharesOutstanding": 129.8,
        "dilutedEPS": 5.12,
        "ebit": 905,
        "grossIncome": 2374.8,
        "interestExpense": 83.554,
        "interestIncomeExpense": -83.6,
        "netIncome": 665.1,
        "netIncomeAfterTaxes": 665.6,
        "operationsMaintenance": 679,
        "otherOperatingExpensesTotal": 312.8,
        "period": "2021-09-30",
        "pretaxIncome": 819.3,
        "provisionforIncomeTaxes": 153.7,
        "revenue": 3407.5,
        "totalOperatingExpense": 1469.8,
        "totalOtherIncomeExpenseNet": -2.1,
        "year": 2021
      },
      {
        "costOfGoodsSold": 658.9,
        "depreciationAmortization": 429.8,
        "dilutedAverageSharesOutstanding": 122.9,
        "dilutedEPS": 4.89,
        "ebit": 824.1,
        "grossIncome": 2162.2,
        "interestExpense": 84.474,
        "interestIncomeExpense": -84.5,
        "netIncome": 601,
        "netIncomeAfterTaxes": 601.4,
        "operationsMaintenance": 629.6,
        "otherOperatingExpensesTotal": 278.8,
        "period": "2020-09-30",
        "pretaxIncome": 746.8,
        "provisionforIncomeTaxes": 145.4,
        "revenue": 2821.1,
        "totalOperatingExpense": 1338.1,
        "totalOtherIncomeExpenseNet": 7.2,
        "year": 2020
      },
      {
        "costOfGoodsSold": 858.8,
        "depreciationAmortization": 391.5,
        "dilutedAverageSharesOutstanding": 117.5,
        "dilutedEPS": 4.35,
        "ebit": 746.1,
        "grossIncome": 2043,
        "interestExpense": 103.153,
        "interestIncomeExpense": -103.2,
        "netIncome": 511,
        "netIncomeAfterTaxes": 511.4,
        "operationsMaintenance": 630.3,
        "otherOperatingExpensesTotal": 275.2,
        "period": "2019-09-30",
        "pretaxIncome": 650.3,
        "provisionforIncomeTaxes": 138.9,
        "revenue": 2901.8,
        "totalOperatingExpense": 1297,
        "totalOtherIncomeExpenseNet": 7.4,
        "year": 2019
      },
      {
        "costOfGoodsSold": 1167.8,
        "depreciationAmortization": 361.1,
        "dilutedAverageSharesOutstanding": 111,
        "dilutedEPS": 5.42,
        "ebit": 723.1,
        "grossIncome": 1947.7,
        "interestExpense": 106.646,
        "interestIncomeExpense": -106.6,
        "netIncome": 602.5,
        "netIncomeAfterTaxes": 444.3,
        "operationsMaintenance": 599.6,
        "otherOperatingExpensesTotal": 263.9,
        "period": "2018-09-30",
        "pretaxIncome": 611.1,
        "provisionforIncomeTaxes": 166.9,
        "revenue": 3115.5,
        "totalOperatingExpense": 1224.6,
        "totalOtherIncomeExpenseNet": -5.3,
        "year": 2018
      },
      {
        "costOfGoodsSold": 925.5,
        "depreciationAmortization": 319.4,
        "dilutedAverageSharesOutstanding": 106.1,
        "dilutedEPS": 3.73,
        "ebit": 727.5,
        "grossIncome": 1834.2,
        "interestExpense": 120.182,
        "interestIncomeExpense": -120.2,
        "netIncome": 395.9,
        "netIncomeAfterTaxes": 382.7,
        "operationsMaintenance": 546.8,
        "otherOperatingExpensesTotal": 240.4,
        "period": "2017-09-30",
        "pretaxIncome": 604.1,
        "provisionforIncomeTaxes": 221.4,
        "revenue": 2759.7,
        "totalOperatingExpense": 1106.7,
        "totalOtherIncomeExpenseNet": -3.3,
        "year": 2017
      },
      {
        "costOfGoodsSold": 746.2,
        "depreciationAmortization": 290.8,
        "dilutedAverageSharesOutstanding": 103.5,
        "dilutedEPS": 3.37,
        "ebit": 657.2,
        "grossIncome": 1708.4,
        "interestExpense": 114.812,
        "interestIncomeExpense": -114.8,
        "netIncome": 349.6,
        "netIncomeAfterTaxes": 345.5,
        "operationsMaintenance": 538.6,
        "otherOperatingExpensesTotal": 221.8,
        "period": "2016-09-30",
        "pretaxIncome": 542.2,
        "provisionforIncomeTaxes": 196.6,
        "revenue": 2454.6,
        "totalOperatingExpense": 1051.2,
        "totalOtherIncomeExpenseNet": -0.2,
        "year": 2016
      },
      {
        "costOfGoodsSold": 1295.7,
        "depreciationAmortization": 272.4,
        "dilutedAverageSharesOutstanding": 101.9,
        "dilutedEPS": 3.08,
        "ebit": 612.2,
        "grossIncome": 1631.3,
        "interestExpense": 116.241,
        "interestIncomeExpense": -116.2,
        "netIncome": 314.5,
        "netIncomeAfterTaxes": 305.6,
        "operationsMaintenance": 516.4,
        "otherOperatingExpensesTotal": 230.3,
        "period": "2015-09-30",
        "pretaxIncome": 495.2,
        "provisionforIncomeTaxes": 189.5,
        "revenue": 2927,
        "totalOperatingExpense": 1019.1,
        "totalOtherIncomeExpenseNet": -0.8,
        "year": 2015
      }
    ],
    "symbol": "ATO"
  }
}