{
  "symbol": "AOS",
  "statement": "ic",
  "frequency": "quarterly",
  "timestamp": "2025-09-19T14:33:38.844374",
  "data": {
    "financials": [
      {
        "costOfGoodsSold": 614.2,
        "dilutedAverageSharesOutstanding": 142.4835,
        "dilutedEPS": 1.0682,
        "ebit": 206.2,
        "grossIncome": 397.1,
        "interestExpense": 4.6,
        "interestIncomeExpense": -4.6,
        "netIncome": 152.2,
        "netIncomeAfterTaxes": 152.2,
        "otherOperatingExpensesTotal": -0.4,
        "period": "2025-06-30",
        "pretaxIncome": 201.6,
        "provisionforIncomeTaxes": 49.4,
        "revenue": 1011.3,
        "sgaExpense": 191.3,
        "totalOperatingExpense": 190.9
      },
      {
        "costOfGoodsSold": 588.5,
        "dilutedAverageSharesOutstanding": 144.4077,
        "dilutedEPS": 0.9459,
        "ebit": 184,
        "grossIncome": 375.4,
        "interestExpense": 2.9,
        "interestIncomeExpense": -2.9,
        "netIncome": 136.6,
        "netIncomeAfterTaxes": 136.6,
        "otherOperatingExpensesTotal": -1.2,
        "period": "2025-03-31",
        "pretaxIncome": 181.1,
        "provisionforIncomeTaxes": 44.5,
        "revenue": 963.9,
        "sgaExpense": 192.6,
        "totalOperatingExpense": 191.4
      },
      {
        "costOfGoodsSold": 574.3,
        "dilutedAverageSharesOutstanding": 145.748,
        "dilutedEPS": 0.7527,
        "ebit": 165.1,
        "grossIncome": 338.1,
        "interestExpense": 2.4,
        "interestIncomeExpense": -2.4,
        "netIncome": 109.7,
        "netIncomeAfterTaxes": 109.7,
        "nonRecurringItems": -17.6,
        "otherOperatingExpensesTotal": -9,
        "period": "2024-12-31",
        "pretaxIncome": 145.1,
        "provisionforIncomeTaxes": 35.4,
        "revenue": 912.4,
        "sgaExpense": 182,
        "totalOperatingExpense": 173
      },
      {
        "costOfGoodsSold": 565.3,
        "dilutedAverageSharesOutstanding": 146.7003,
        "dilutedEPS": 0.8187,
        "ebit": 158.1,
        "grossIncome": 337.3,
        "interestExpense": 1.5,
        "interestIncomeExpense": -1.5,
        "netIncome": 120.1,
        "netIncomeAfterTaxes": 120.1,
        "nonRecurringItems": 0,
        "otherOperatingExpensesTotal": 2.6,
        "period": "2024-09-30",
        "pretaxIncome": 156.6,
        "provisionforIncomeTaxes": 36.5,
        "revenue": 902.6,
        "sgaExpense": 176.6,
        "totalOperatingExpense": 179.2
      },
      {
        "costOfGoodsSold": 628.3,
        "dilutedAverageSharesOutstanding": 147.5996,
        "dilutedEPS": 1.0583,
        "ebit": 208.4,
        "grossIncome": 396,
        "interestExpense": 1.8,
        "interestIncomeExpense": -1.8,
        "netIncome": 156.2,
        "netIncomeAfterTaxes": 156.2,
        "nonRecurringItems": 0,
        "otherOperatingExpensesTotal": -0.9,
        "period": "2024-06-30",
        "pretaxIncome": 206.6,
        "provisionforIncomeTaxes": 50.4,
        "revenue": 1024.3,
        "sgaExpense": 188.5,
        "totalOperatingExpense": 187.6
      },
      {
        "costOfGoodsSold": 594.1,
        "dilutedAverageSharesOutstanding": 148.2975,
        "dilutedEPS": 0.9953,
        "ebit": 193.7,
        "grossIncome": 384.7,
        "interestExpense": 1,
        "interestIncomeExpense": -1,
        "netIncome": 147.6,
        "netIncomeAfterTaxes": 147.6,
        "nonRecurringItems": 0,
        "otherOperatingExpensesTotal": -1.2,
        "period": "2024-03-31",
        "pretaxIncome": 192.7,
        "provisionforIncomeTaxes": 45.1,
        "revenue": 978.8,
        "sgaExpense": 192.2,
        "totalOperatingExpense": 191
      },
      {
        "costOfGoodsSold": 618.3,
        "dilutedAverageSharesOutstanding": 149.4189,
        "dilutedEPS": 0.9189,
        "ebit": 181.2,
        "grossIncome": 369.8,
        "interestExpense": 1.1,
        "interestIncomeExpense": -1.1,
        "netIncome": 137.3,
        "netIncomeAfterTaxes": 137.3,
        "nonRecurringItems": -3.2,
        "otherOperatingExpensesTotal": 3.6,
        "period": "2023-12-31",
        "pretaxIncome": 176.9,
        "provisionforIncomeTaxes": 39.6,
        "revenue": 988.1,
        "sgaExpense": 185,
        "totalOperatingExpense": 188.6
      },
      {
        "costOfGoodsSold": 581.3,
        "dilutedAverageSharesOutstanding": 151.2,
        "dilutedEPS": 0.9,
        "ebit": 178.8,
        "grossIncome": 356.2,
        "interestExpense": 2.4,
        "interestIncomeExpense": -2.4,
        "netIncome": 135.4,
        "netIncomeAfterTaxes": 135.4,
        "nonRecurringItems": 0,
        "otherOperatingExpensesTotal": 2.5,
        "period": "2023-09-30",
        "pretaxIncome": 176.4,
        "provisionforIncomeTaxes": 41,
        "revenue": 937.5,
        "sgaExpense": 174.9,
        "totalOperatingExpense": 177.4
      },
      {
        "costOfGoodsSold": 576.1,
        "dilutedAverageSharesOutstanding": 151.5,
        "dilutedEPS": 1.04,
        "ebit": 213.4,
        "grossIncome": 384.7,
        "interestExpense": 4.5,
        "interestIncomeExpense": -4.5,
        "netIncome": 157,
        "netIncomeAfterTaxes": 157,
        "nonRecurringItems": 0,
        "otherOperatingExpensesTotal": -9,
        "period": "2023-06-30",
        "pretaxIncome": 208.9,
        "provisionforIncomeTaxes": 51.9,
        "revenue": 960.8,
        "sgaExpense": 180.3,
        "totalOperatingExpense": 171.3
      },
      {
        "costOfGoodsSold": 592.3,
        "dilutedAverageSharesOutstanding": 151.9,
        "dilutedEPS": 0.84,
        "ebit": 190.9,
        "grossIncome": 374.1,
        "interestExpense": 4,
        "interestIncomeExpense": -4,
        "netIncome": 126.9,
        "netIncomeAfterTaxes": 126.9,
        "nonRecurringItems": -15.6,
        "otherOperatingExpensesTotal": -4,
        "period": "2023-03-31",
        "pretaxIncome": 171.3,
        "provisionforIncomeTaxes": 44.4,
        "revenue": 966.4,
        "sgaExpense": 187.2,
        "totalOperatingExpense": 183.2
      },
      {
        "costOfGoodsSold": 587.5,
        "dilutedAverageSharesOutstanding": 152.3,
        "dilutedEPS": -0.79,
        "ebit": -239.5,
        "grossIncome": 348.6,
        "interestExpense": 3.4,
        "interestIncomeExpense": -3.4,
        "netIncome": -120.1,
        "netIncomeAfterTaxes": -120.1,
        "nonRecurringItems": 0,
        "otherOperatingExpensesTotal": 419.2,
        "period": "2022-12-31",
        "pretaxIncome": -242.9,
        "provisionforIncomeTaxes": -122.8,
        "revenue": 936.1,
        "sgaExpense": 168.9,
        "totalOperatingExpense": 588.1
      },
      {
        "costOfGoodsSold": 569.2,
        "dilutedAverageSharesOutstanding": 155.1,
        "dilutedEPS": 0.71,
        "ebit": 147.1,
        "grossIncome": 305,
        "interestExpense": 2.4,
        "interestIncomeExpense": -2.4,
        "netIncome": 109.8,
        "netIncomeAfterTaxes": 109.8,
        "otherOperatingExpensesTotal": 2.4,
        "period": "2022-09-30",
        "pretaxIncome": 144.7,
        "provisionforIncomeTaxes": 34.9,
        "revenue": 874.2,
        "sgaExpense": 155.5,
        "totalOperatingExpense": 157.9
      },
      {
        "costOfGoodsSold": 631.5,
        "dilutedAverageSharesOutstanding": 156.6,
        "dilutedEPS": 0.81,
        "ebit": 167.4,
        "grossIncome": 334.4,
        "interestExpense": 2.1,
        "interestIncomeExpense": -2.1,
        "netIncome": 126.2,
        "netIncomeAfterTaxes": 126.2,
        "otherOperatingExpensesTotal": 0.3,
        "period": "2022-06-30",
        "pretaxIncome": 165.3,
        "provisionforIncomeTaxes": 39.1,
        "revenue": 965.9,
        "sgaExpense": 166.7,
        "totalOperatingExpense": 167
      },
      {
        "costOfGoodsSold": 636.1,
        "dilutedAverageSharesOutstanding": 158.3,
        "dilutedEPS": 0.76,
        "ebit": 158.1,
        "grossIncome": 341.6,
        "interestExpense": 1.5,
        "interestIncomeExpense": -1.5,
        "netIncome": 119.8,
        "netIncomeAfterTaxes": 119.8,
        "otherOperatingExpensesTotal": 3.7,
        "period": "2022-03-31",
        "pretaxIncome": 156.6,
        "provisionforIncomeTaxes": 36.8,
        "revenue": 977.7,
        "sgaExpense": 179.8,
        "totalOperatingExpense": 183.5
      },
      {
        "costOfGoodsSold": 634.9,
        "dilutedAverageSharesOutstanding": 160.2,
        "dilutedEPS": 0.87,
        "ebit": 183.2,
        "grossIncome": 360.6,
        "interestExpense": 1.4,
        "interestIncomeExpense": -1.4,
        "netIncome": 139.6,
        "netIncomeAfterTaxes": 139.6,
        "nonRecurringItems": 0,
        "otherOperatingExpensesTotal": -6.8,
        "period": "2021-12-31",
        "pretaxIncome": 181.8,
        "provisionforIncomeTaxes": 42.2,
        "revenue": 995.5,
        "sgaExpense": 184.2,
        "totalOperatingExpense": 177.4
      },
      {
        "costOfGoodsSold": 574.3,
        "dilutedAverageSharesOutstanding": 160.6,
        "dilutedEPS": 0.82,
        "ebit": 167.4,
        "grossIncome": 340.3,
        "interestExpense": 1,
        "interestIncomeExpense": -1,
        "netIncome": 131.6,
        "netIncomeAfterTaxes": 131.6,
        "nonRecurringItems": 0,
        "otherOperatingExpensesTotal": -4.7,
        "period": "2021-09-30",
        "pretaxIncome": 166.4,
        "provisionforIncomeTaxes": 34.8,
        "revenue": 914.6,
        "sgaExpense": 177.6,
        "totalOperatingExpense": 172.9
      },
      {
        "costOfGoodsSold": 538.4,
        "dilutedAverageSharesOutstanding": 161.7,
        "dilutedEPS": 0.73,
        "ebit": 152.2,
        "grossIncome": 321.4,
        "interestExpense": 0.9,
        "interestIncomeExpense": -0.9,
        "netIncome": 118.2,
        "netIncomeAfterTaxes": 118.2,
        "nonRecurringItems": 0,
        "otherOperatingExpensesTotal": -3.9,
        "period": "2021-06-30",
        "pretaxIncome": 151.3,
        "provisionforIncomeTaxes": 33.1,
        "revenue": 859.8,
        "sgaExpense": 173.1,
        "totalOperatingExpense": 169.2
      },
      {
        "costOfGoodsSold": 480.4,
        "dilutedAverageSharesOutstanding": 162.8,
        "dilutedEPS": 0.6,
        "ebit": 127.1,
        "grossIncome": 288.6,
        "interestExpense": 1,
        "interestIncomeExpense": -1,
        "netIncome": 97.7,
        "netIncomeAfterTaxes": 97.7,
        "otherOperatingExpensesTotal": -5,
        "period": "2021-03-31",
        "pretaxIncome": 126.1,
        "provisionforIncomeTaxes": 28.4,
        "revenue": 769,
        "sgaExpense": 166.5,
        "totalOperatingExpense": 161.5
      },
      {
        "costOfGoodsSold": 510.4,
        "dilutedAverageSharesOutstanding": 162.9,
        "dilutedEPS": 0.74,
        "ebit": 152.9,
        "grossIncome": 324.1,
        "interestExpense": 1,
        "interestIncomeExpense": -1,
        "netIncome": 120,
        "netIncomeAfterTaxes": 120,
        "nonRecurringItems": 0,
        "otherOperatingExpensesTotal": 0,
        "period": "2020-12-31",
        "pretaxIncome": 151.9,
        "provisionforIncomeTaxes": 31.9,
        "revenue": 834.5,
        "sgaExpense": 171.2,
        "totalOperatingExpense": 171.2
      },
      {
        "costOfGoodsSold": 462.9,
        "dilutedAverageSharesOutstanding": 162.5,
        "dilutedEPS": 0.65,
        "ebit": 140.5,
        "grossIncome": 297.1,
        "interestExpense": 1.6,
        "interestIncomeExpense": -1.6,
        "netIncome": 105.4,
        "netIncomeAfterTaxes": 105.4,
        "nonRecurringItems": -1.6,
        "otherOperatingExpensesTotal": -2.8,
        "period": "2020-09-30",
        "pretaxIncome": 137.3,
        "provisionforIncomeTaxes": 31.9,
        "revenue": 760,
        "sgaExpense": 159.4,
        "totalOperatingExpense": 156.6
      },
      {
        "costOfGoodsSold": 416.4,
        "dilutedAverageSharesOutstanding": 162.2,
        "dilutedEPS": 0.42,
        "ebit": 95.6,
        "grossIncome": 247.5,
        "interestExpense": 2.5,
        "interestIncomeExpense": -2.5,
        "netIncome": 67.8,
        "netIncomeAfterTaxes": 67.8,
        "nonRecurringItems": -6.1,
        "otherOperatingExpensesTotal": -4,
        "period": "2020-06-30",
        "pretaxIncome": 87,
        "provisionforIncomeTaxes": 19.2,
        "revenue": 663.9,
        "sgaExpense": 155.9,
        "totalOperatingExpense": 151.9
      },
      {
        "costOfGoodsSold": 397.4,
        "dilutedAverageSharesOutstanding": 162.9,
        "dilutedEPS": 0.32,
        "ebit": 69.9,
        "grossIncome": 239.5,
        "interestExpense": 2.2,
        "interestIncomeExpense": -2.2,
        "netIncome": 51.7,
        "netIncomeAfterTaxes": 51.7,
        "otherOperatingExpensesTotal": -4.2,
        "period": "2020-03-31",
        "pretaxIncome": 67.7,
        "provisionforIncomeTaxes": 16,
        "revenue": 636.9,
        "sgaExpense": 173.8,
        "totalOperatingExpense": 169.6
      },
      {
        "costOfGoodsSold": 455.9,
        "dilutedAverageSharesOutstanding": 164.2,
        "dilutedEPS": 0.56,
        "ebit": 118,
        "grossIncome": 295,
        "interestExpense": 2.5,
        "interestIncomeExpense": -2.5,
        "netIncome": 91.3,
        "netIncomeAfterTaxes": 91.3,
        "nonRecurringItems": 0,
        "otherOperatingExpensesTotal": -2.9,
        "period": "2019-12-31",
        "pretaxIncome": 115.5,
        "provisionforIncomeTaxes": 24.2,
        "revenue": 750.9,
        "sgaExpense": 179.9,
        "totalOperatingExpense": 177
      },
      {
        "costOfGoodsSold": 444,
        "dilutedAverageSharesOutstanding": 165.5,
        "dilutedEPS": 0.53,
        "ebit": 115.9,
        "grossIncome": 284.2,
        "interestExpense": 3.1,
        "interestIncomeExpense": -3.1,
        "netIncome": 87.3,
        "netIncomeAfterTaxes": 87.3,
        "nonRecurringItems": 0,
        "otherOperatingExpensesTotal": -4,
        "period": "2019-09-30",
        "pretaxIncome": 112.8,
        "provisionforIncomeTaxes": 25.5,
        "revenue": 728.2,
        "sgaExpense": 172.3,
        "totalOperatingExpense": 168.3
      },
      {
        "costOfGoodsSold": 456.7,
        "dilutedAverageSharesOutstanding": 168.1,
        "dilutedEPS": 0.61,
        "ebit": 135.6,
        "grossIncome": 308.7,
        "interestExpense": 3.4,
        "interestIncomeExpense": -3.4,
        "netIncome": 102.1,
        "netIncomeAfterTaxes": 102.1,
        "nonRecurringItems": 0,
        "otherOperatingExpensesTotal": -5.6,
        "period": "2019-06-30",
        "pretaxIncome": 132.2,
        "provisionforIncomeTaxes": 30.1,
        "revenue": 765.4,
        "sgaExpense": 178.7,
        "totalOperatingExpense": 173.1
      },
      {
        "costOfGoodsSold": 455.4,
        "dilutedAverageSharesOutstanding": 169.1,
        "dilutedEPS": 0.53,
        "ebit": 113.6,
        "grossIncome": 292.8,
        "interestExpense": 2,
        "interestIncomeExpense": -2,
        "netIncome": 89.3,
        "netIncomeAfterTaxes": 89.3,
        "nonRecurringItems": 0,
        "otherOperatingExpensesTotal": -5.5,
        "period": "2019-03-31",
        "pretaxIncome": 111.6,
        "provisionforIncomeTaxes": 22.3,
        "revenue": 748.2,
        "sgaExpense": 184.7,
        "totalOperatingExpense": 179.2
      },
      {
        "costOfGoodsSold": 475.5,
        "dilutedAverageSharesOutstanding": 170.6,
        "dilutedEPS": 0.74,
        "ebit": 156.6,
        "grossIncome": 337,
        "interestExpense": 1.8,
        "interestIncomeExpense": -1.8,
        "netIncome": 126.3,
        "netIncomeAfterTaxes": 126.3,
        "nonRecurringItems": 0,
        "otherOperatingExpensesTotal": -5.7,
        "period": "2018-12-31",
        "pretaxIncome": 154.8,
        "provisionforIncomeTaxes": 28.5,
        "revenue": 812.5,
        "sgaExpense": 186.1,
        "totalOperatingExpense": 180.4
      },
      {
        "costOfGoodsSold": 448.1,
        "dilutedAverageSharesOutstanding": 172.1,
        "dilutedEPS": 0.61,
        "ebit": 133.5,
        "grossIncome": 306,
        "interestExpense": 2,
        "interestIncomeExpense": -2,
        "netIncome": 104.6,
        "netIncomeAfterTaxes": 104.6,
        "nonRecurringItems": 0,
        "otherOperatingExpensesTotal": -5.1,
        "period": "2018-09-30",
        "pretaxIncome": 131.5,
        "provisionforIncomeTaxes": 26.9,
        "revenue": 754.1,
        "sgaExpense": 177.6,
        "totalOperatingExpense": 172.5
      },
      {
        "costOfGoodsSold": 492.3,
        "dilutedAverageSharesOutstanding": 172.7,
        "dilutedEPS": 0.66,
        "ebit": 148.4,
        "grossIncome": 341,
        "interestExpense": 2.3,
        "interestIncomeExpense": -2.3,
        "netIncome": 114.5,
        "netIncomeAfterTaxes": 114.5,
        "nonRecurringItems": 0,
        "otherOperatingExpensesTotal": -4.6,
        "period": "2018-06-30",
        "pretaxIncome": 146.1,
        "provisionforIncomeTaxes": 31.6,
        "revenue": 833.3,
        "sgaExpense": 197.2,
        "totalOperatingExpense": 192.6
      },
      {
        "costOfGoodsSold": 466.5,
        "dilutedAverageSharesOutstanding": 173.4,
        "dilutedEPS": 0.57,
        "ebit": 134.4,
        "grossIncome": 321.5,
        "interestExpense": 2.3,
        "interestIncomeExpense": -2.3,
        "netIncome": 98.8,
        "netIncomeAfterTaxes": 98.8,
        "nonRecurringItems": -6.7,
        "otherOperatingExpensesTotal": -5.8,
        "period": "2018-03-31",
        "pretaxIncome": 125.4,
        "provisionforIncomeTaxes": 26.6,
        "revenue": 788,
        "sgaExpense": 192.9,
        "totalOperatingExpense": 187.1
      },
      {
        "costOfGoodsSold": 446.3,
        "dilutedAverageSharesOutstanding": 173.8,
        "dilutedEPS": 0.13,
        "ebit": 143.7,
        "grossIncome": 322.3,
        "interestExpense": 2.9,
        "interestIncomeExpense": -2.9,
        "netIncome": 22.7,
        "netIncomeAfterTaxes": 104.5,
        "nonRecurringItems": 0,
        "otherOperatingExpensesTotal": -5.9,
        "period": "2017-12-31",
        "pretaxIncome": 140.8,
        "provisionforIncomeTaxes": 36.3,
        "revenue": 768.6,
        "sgaExpense": 184.5,
        "totalOperatingExpense": 178.6
      },
      {
        "costOfGoodsSold": 444.9,
        "dilutedAverageSharesOutstanding": 174.4,
        "dilutedEPS": 0.54,
        "ebit": 134.1,
        "grossIncome": 305,
        "interestExpense": 2.5,
        "interestIncomeExpense": -2.5,
        "netIncome": 93.7,
        "netIncomeAfterTaxes": 93.7,
        "nonRecurringItems": 0,
        "otherOperatingExpensesTotal": -5.9,
        "period": "2017-09-30",
        "pretaxIncome": 131.6,
        "provisionforIncomeTaxes": 37.9,
        "revenue": 749.9,
        "sgaExpense": 176.8,
        "totalOperatingExpense": 170.9
      },
      {
        "costOfGoodsSold": 435.4,
        "dilutedAverageSharesOutstanding": 176.8,
        "dilutedEPS": 0.53,
        "ebit": 130.5,
        "grossIncome": 302.8,
        "interestExpense": 2.5,
        "interestIncomeExpense": -2.5,
        "netIncome": 92.4,
        "netIncomeAfterTaxes": 92.4,
        "otherOperatingExpensesTotal": -7.1,
        "period": "2017-06-30",
        "pretaxIncome": 128,
        "provisionforIncomeTaxes": 35.6,
        "revenue": 738.2,
        "sgaExpense": 179.4,
        "totalOperatingExpense": 172.3
      },
      {
        "costOfGoodsSold": 437.7,
        "dilutedAverageSharesOutstanding": 175.4,
        "dilutedEPS": 0.5,
        "ebit": 122.6,
        "grossIncome": 302.3,
        "interestExpense": 2.2,
        "interestIncomeExpense": -2.2,
        "netIncome": 87.7,
        "netIncomeAfterTaxes": 87.7,
        "otherOperatingExpensesTotal": -2.4,
        "period": "2017-03-31",
        "pretaxIncome": 120.4,
        "provisionforIncomeTaxes": 32.7,
        "revenue": 740,
        "sgaExpense": 182.1,
        "totalOperatingExpense": 179.7
      },
      {
        "costOfGoodsSold": 408.5,
        "dilutedAverageSharesOutstanding": 175.9,
        "dilutedEPS": 0.47,
        "ebit": 118,
        "grossIncome": 289.6,
        "interestExpense": 1.6,
        "interestIncomeExpense": -1.6,
        "netIncome": 82.7,
        "netIncomeAfterTaxes": 82.7,
        "otherOperatingExpensesTotal": -3.2,
        "period": "2016-12-31",
        "pretaxIncome": 116.4,
        "provisionforIncomeTaxes": 33.7,
        "revenue": 698.1,
        "sgaExpense": 174.8,
        "totalOperatingExpense": 171.6
      },
      {
        "costOfGoodsSold": 400.6,
        "dilutedAverageSharesOutstanding": 176.5,
        "dilutedEPS": 0.47,
        "ebit": 120.5,
        "grossIncome": 283.3,
        "interestExpense": 2.1,
        "interestIncomeExpense": -2.1,
        "netIncome": 83.2,
        "netIncomeAfterTaxes": 83.2,
        "otherOperatingExpensesTotal": -1.9,
        "period": "2016-09-30",
        "pretaxIncome": 118.4,
        "provisionforIncomeTaxes": 35.2,
        "revenue": 683.9,
        "sgaExpense": 164.7,
        "totalOperatingExpense": 162.8
      },
      {
        "costOfGoodsSold": 383.3,
        "dilutedAverageSharesOutstanding": 177,
        "dilutedEPS": 0.49,
        "ebit": 126,
        "grossIncome": 283.7,
        "interestExpense": 1.9,
        "interestIncomeExpense": -1.9,
        "netIncome": 87.1,
        "netIncomeAfterTaxes": 87.1,
        "otherOperatingExpensesTotal": -2.3,
        "period": "2016-06-30",
        "pretaxIncome": 124.1,
        "provisionforIncomeTaxes": 37,
        "revenue": 667,
        "sgaExpense": 160,
        "totalOperatingExpense": 157.7
      },
      {
        "costOfGoodsSold": 374.2,
        "dilutedAverageSharesOutstanding": 177.8,
        "dilutedEPS": 0.41,
        "ebit": 105.3,
        "grossIncome": 262.7,
        "interestExpense": 1.7,
        "interestIncomeExpense": -1.7,
        "netIncome": 73.5,
        "netIncomeAfterTaxes": 73.5,
        "otherOperatingExpensesTotal": -2,
        "period": "2016-03-31",
        "pretaxIncome": 103.6,
        "provisionforIncomeTaxes": 30.1,
        "revenue": 636.9,
        "sgaExpense": 159.4,
        "totalOperatingExpense": 157.4
      },
      {
        "costOfGoodsSold": 378.8,
        "dilutedAverageSharesOutstanding": 177.3,
        "dilutedEPS": 0.45,
        "ebit": 110.7,
        "grossIncome": 260.6,
        "interestExpense": 1.4,
        "interestIncomeExpense": -1.4,
        "netIncome": 79.8,
        "netIncomeAfterTaxes": 79.8,
        "nonRecurringItems": 0,
        "otherOperatingExpensesTotal": -3.2,
        "period": "2015-12-31",
        "pretaxIncome": 109.3,
        "provisionforIncomeTaxes": 29.5,
        "revenue": 639.4,
        "sgaExpense": 153.1,
        "totalOperatingExpense": 149.9
      },
      {
        "costOfGoodsSold": 368.4,
        "dilutedAverageSharesOutstanding": 178.7,
        "dilutedEPS": 0.41,
        "ebit": 108.8,
        "grossIncome": 256.7,
        "interestExpense": 1.6,
        "interestIncomeExpense": -1.6,
        "netIncome": 73.6,
        "netIncomeAfterTaxes": 73.6,
        "otherOperatingExpensesTotal": -2.2,
        "period": "2015-09-30",
        "pretaxIncome": 107.2,
        "provisionforIncomeTaxes": 33.6,
        "revenue": 625.1,
        "sgaExpense": 150.1,
        "totalOperatingExpense": 147.9
      }
    ],
    "symbol": "AOS"
  }
}