{
  "symbol": "IQV",
  "statement": "ic",
  "frequency": "annual",
  "timestamp": "2025-09-19T14:02:21.036880",
  "data": {
    "financials": [
      {
        "costOfGoodsSold": 10030,
        "depreciationAmortization": 1114,
        "dilutedAverageSharesOutstanding": 183.4,
        "dilutedEPS": 7.4864,
        "ebit": 2269,
        "equityEarningsAffiliates": 5,
        "grossIncome": 5375,
        "interestExpense": 670,
        "interestIncomeExpense": -623,
        "netIncome": 1373,
        "netIncomeAfterTaxes": 1368,
        "nonRecurringItems": -67,
        "period": "2024-12-31",
        "pretaxIncome": 1669,
        "provisionforIncomeTaxes": 301,
        "revenue": 15405,
        "sgaExpense": 1992,
        "totalOperatingExpense": 3106,
        "totalOtherIncomeExpenseNet": 90,
        "year": 2024
      },
      {
        "costOfGoodsSold": 9745,
        "depreciationAmortization": 1125,
        "dilutedAverageSharesOutstanding": 186.3,
        "dilutedEPS": 7.2893,
        "ebit": 2061,
        "equityEarningsAffiliates": 0,
        "grossIncome": 5239,
        "interestExpense": 672,
        "interestIncomeExpense": -636,
        "minorityInterest": 0,
        "netIncome": 1358,
        "netIncomeAfterTaxes": 1358,
        "nonRecurringItems": -90,
        "period": "2023-12-31",
        "pretaxIncome": 1459,
        "provisionforIncomeTaxes": 101,
        "revenue": 14984,
        "sgaExpense": 2053,
        "totalOperatingExpense": 3178,
        "totalOtherIncomeExpenseNet": 124,
        "year": 2023
      },
      {
        "costOfGoodsSold": 9382,
        "depreciationAmortization": 1130,
        "dilutedAverageSharesOutstanding": 191,
        "dilutedEPS": 5.72,
        "ebit": 1827,
        "equityEarningsAffiliates": -12,
        "grossIncome": 5028,
        "interestExpense": 416,
        "interestIncomeExpense": -403,
        "minorityInterest": 0,
        "netIncome": 1091,
        "netIncomeAfterTaxes": 1103,
        "nonRecurringItems": -28,
        "period": "2022-12-31",
        "pretaxIncome": 1363,
        "provisionforIncomeTaxes": 260,
        "revenue": 14410,
        "sgaExpense": 2071,
        "totalOperatingExpense": 3201,
        "totalOtherIncomeExpenseNet": -33,
        "year": 2022
      },
      {
        "costOfGoodsSold": 9233,
        "depreciationAmortization": 1264,
        "dilutedAverageSharesOutstanding": 195,
        "dilutedEPS": 4.95,
        "ebit": 1413,
        "equityEarningsAffiliates": 6,
        "grossIncome": 4641,
        "interestExpense": 375,
        "interestIncomeExpense": -369,
        "minorityInterest": -5,
        "netIncome": 966,
        "netIncomeAfterTaxes": 965,
        "nonRecurringItems": -46,
        "period": "2021-12-31",
        "pretaxIncome": 1128,
        "provisionforIncomeTaxes": 163,
        "revenue": 13874,
        "sgaExpense": 1964,
        "totalOperatingExpense": 3228,
        "totalOtherIncomeExpenseNet": 130,
        "year": 2021
      },
      {
        "costOfGoodsSold": 7500,
        "depreciationAmortization": 1287,
        "dilutedAverageSharesOutstanding": 195,
        "dilutedEPS": 1.43,
        "ebit": 783,
        "equityEarningsAffiliates": 7,
        "grossIncome": 3859,
        "interestExpense": 416,
        "interestIncomeExpense": -410,
        "minorityInterest": -29,
        "netIncome": 279,
        "netIncomeAfterTaxes": 301,
        "nonRecurringItems": -65,
        "period": "2020-12-31",
        "pretaxIncome": 373,
        "provisionforIncomeTaxes": 72,
        "revenue": 11359,
        "sgaExpense": 1789,
        "totalOperatingExpense": 3076,
        "totalOtherIncomeExpenseNet": 65,
        "year": 2020
      },
      {
        "costOfGoodsSold": 7300,
        "depreciationAmortization": 1202,
        "dilutedAverageSharesOutstanding": 200,
        "dilutedEPS": 0.96,
        "ebit": 852,
        "equityEarningsAffiliates": -9,
        "grossIncome": 3788,
        "interestExpense": 447,
        "interestIncomeExpense": -438,
        "minorityInterest": -36,
        "netIncome": 191,
        "netIncomeAfterTaxes": 236,
        "nonRecurringItems": -99,
        "period": "2019-12-31",
        "pretaxIncome": 352,
        "provisionforIncomeTaxes": 116,
        "revenue": 11088,
        "sgaExpense": 1734,
        "totalOperatingExpense": 2936,
        "totalOtherIncomeExpenseNet": 37,
        "year": 2019
      },
      {
        "costOfGoodsSold": 6746,
        "depreciationAmortization": 1141,
        "dilutedAverageSharesOutstanding": 208,
        "dilutedEPS": 1.24,
        "ebit": 809,
        "equityEarningsAffiliates": 15,
        "grossIncome": 3666,
        "interestExpense": 414,
        "interestIncomeExpense": -406,
        "minorityInterest": -25,
        "netIncome": 259,
        "netIncomeAfterTaxes": 234,
        "nonRecurringItems": -70,
        "period": "2018-12-31",
        "pretaxIncome": 328,
        "provisionforIncomeTaxes": 94,
        "revenue": 10412,
        "sgaExpense": 1716,
        "totalOperatingExpense": 2857,
        "totalOtherIncomeExpenseNet": -5,
        "year": 2018
      },
      {
        "costOfGoodsSold": 6301,
        "depreciationAmortization": 1011,
        "dilutedAverageSharesOutstanding": 223,
        "dilutedEPS": 5.72,
        "ebit": 768,
        "equityEarningsAffiliates": 10,
        "grossIncome": 3401,
        "interestExpense": 346,
        "interestIncomeExpense": -339,
        "minorityInterest": -19,
        "netIncome": 1277,
        "netIncomeAfterTaxes": 320,
        "nonRecurringItems": -122,
        "period": "2017-12-31",
        "pretaxIncome": 294,
        "provisionforIncomeTaxes": -26,
        "revenue": 9702,
        "sgaExpense": 1622,
        "totalOperatingExpense": 2633,
        "totalOtherIncomeExpenseNet": -13,
        "year": 2017
      },
      {
        "costOfGoodsSold": 4748,
        "depreciationAmortization": 289,
        "dilutedAverageSharesOutstanding": 152,
        "dilutedEPS": 0.47,
        "ebit": 762,
        "equityEarningsAffiliates": -4,
        "grossIncome": 2067,
        "interestExpense": 144,
        "interestIncomeExpense": -140,
        "minorityInterest": -15,
        "netIncome": 72,
        "netIncomeAfterTaxes": 91,
        "nonRecurringItems": -217,
        "period": "2016-12-31",
        "pretaxIncome": 416,
        "provisionforIncomeTaxes": 325,
        "revenue": 6815,
        "sgaExpense": 1016,
        "totalOperatingExpense": 1305,
        "totalOtherIncomeExpenseNet": 11,
        "year": 2016
      },
      {
        "costOfGoodsSold": 4137,
        "dilutedAverageSharesOutstanding": 126,
        "dilutedEPS": 3.08,
        "ebit": 680,
        "equityEarningsAffiliates": 8,
        "grossIncome": 1601,
        "interestExpense": 101.792,
        "interestIncomeExpense": -97,
        "minorityInterest": -1,
        "netIncome": 387,
        "netIncomeAfterTaxes": 380,
        "nonRecurringItems": -41,
        "period": "2015-12-31",
        "pretaxIncome": 539,
        "provisionforIncomeTaxes": 159,
        "revenue": 5738,
        "sgaExpense": 921,
        "totalOperatingExpense": 921,
        "totalOtherIncomeExpenseNet": -2,
        "year": 2015
      }
    ],
    "symbol": "IQV"
  }
}