{
  "symbol": "LNT",
  "statement": "ic",
  "frequency": "quarterly",
  "timestamp": "2025-09-19T13:55:34.733656",
  "data": {
    "financials": [
      {
        "costOfGoodsSold": 30,
        "depreciationAmortization": 208,
        "dilutedAverageSharesOutstanding": 257,
        "dilutedEPS": 0.68,
        "ebit": 223,
        "grossIncome": 931,
        "interestExpense": 101,
        "interestIncomeExpense": -91,
        "netIncome": 174,
        "netIncomeAfterTaxes": 174,
        "nonRecurringItems": 0,
        "operationsMaintenance": 319,
        "otherOperatingExpensesTotal": 31,
        "otherRevenue": 34,
        "period": "2025-06-30",
        "pretaxIncome": 131,
        "provisionforIncomeTaxes": -43,
        "purchasedFuelPowerGas": 150,
        "revenue": 961,
        "totalOperatingExpense": 708,
        "totalOtherIncomeExpenseNet": -1
      },
      {
        "costOfGoodsSold": 137,
        "depreciationAmortization": 211,
        "dilutedAverageSharesOutstanding": 257,
        "dilutedEPS": 0.83,
        "ebit": 257,
        "grossIncome": 991,
        "interestExpense": 101,
        "interestIncomeExpense": -88,
        "netIncome": 213,
        "netIncomeAfterTaxes": 213,
        "operationsMaintenance": 318,
        "otherOperatingExpensesTotal": 30,
        "otherRevenue": 35,
        "period": "2025-03-31",
        "pretaxIncome": 166,
        "provisionforIncomeTaxes": -47,
        "purchasedFuelPowerGas": 175,
        "revenue": 1128,
        "totalOperatingExpense": 734,
        "totalOtherIncomeExpenseNet": -3
      },
      {
        "costOfGoodsSold": 72,
        "depreciationAmortization": 201,
        "dilutedAverageSharesOutstanding": 257,
        "dilutedEPS": 0.58,
        "ebit": 221,
        "grossIncome": 904,
        "interestExpense": 103,
        "interestIncomeExpense": -86,
        "netIncome": 150,
        "netIncomeAfterTaxes": 150,
        "nonRecurringItems": 0,
        "operationsMaintenance": 315,
        "otherOperatingExpensesTotal": 32,
        "otherRevenue": 40,
        "period": "2024-12-31",
        "pretaxIncome": 140,
        "provisionforIncomeTaxes": -10,
        "purchasedFuelPowerGas": 135,
        "revenue": 976,
        "totalOperatingExpense": 683,
        "totalOtherIncomeExpenseNet": 5
      },
      {
        "costOfGoodsSold": 13,
        "depreciationAmortization": 195,
        "dilutedAverageSharesOutstanding": 257,
        "dilutedEPS": 1.15,
        "ebit": 313,
        "grossIncome": 1068,
        "interestExpense": 94,
        "interestIncomeExpense": -80,
        "netIncome": 295,
        "netIncomeAfterTaxes": 295,
        "nonRecurringItems": 0,
        "operationsMaintenance": 339,
        "otherOperatingExpensesTotal": 29,
        "otherRevenue": 33,
        "period": "2024-09-30",
        "pretaxIncome": 233,
        "provisionforIncomeTaxes": -62,
        "purchasedFuelPowerGas": 192,
        "revenue": 1081,
        "totalOperatingExpense": 755,
        "totalOtherIncomeExpenseNet": 0
      },
      {
        "costOfGoodsSold": 25,
        "depreciationAmortization": 188,
        "dilutedAverageSharesOutstanding": 257,
        "dilutedEPS": 0.34,
        "ebit": 190,
        "grossIncome": 869,
        "interestExpense": 89,
        "interestIncomeExpense": -74,
        "netIncome": 87,
        "netIncomeAfterTaxes": 87,
        "nonRecurringItems": -60,
        "operationsMaintenance": 324,
        "otherOperatingExpensesTotal": 29,
        "otherRevenue": 36,
        "period": "2024-06-30",
        "pretaxIncome": 54,
        "provisionforIncomeTaxes": -33,
        "purchasedFuelPowerGas": 138,
        "revenue": 894,
        "totalOperatingExpense": 679,
        "totalOtherIncomeExpenseNet": -2
      },
      {
        "costOfGoodsSold": 114,
        "depreciationAmortization": 189,
        "dilutedAverageSharesOutstanding": 256.5,
        "dilutedEPS": 0.616,
        "ebit": 222,
        "grossIncome": 917,
        "interestExpense": 88,
        "interestIncomeExpense": -73,
        "netIncome": 158,
        "netIncomeAfterTaxes": 158,
        "operationsMaintenance": 312,
        "otherOperatingExpensesTotal": 31,
        "otherRevenue": 35,
        "period": "2024-03-31",
        "pretaxIncome": 148,
        "provisionforIncomeTaxes": -10,
        "purchasedFuelPowerGas": 163,
        "revenue": 1031,
        "totalOperatingExpense": 695,
        "totalOtherIncomeExpenseNet": -1
      },
      {
        "costOfGoodsSold": 73,
        "depreciationAmortization": 173,
        "dilutedAverageSharesOutstanding": 256,
        "dilutedEPS": 0.4727,
        "ebit": 183,
        "grossIncome": 888,
        "interestExpense": 76,
        "interestIncomeExpense": -60,
        "netIncome": 121,
        "netIncomeAfterTaxes": 121,
        "operationsMaintenance": 321,
        "otherOperatingExpensesTotal": 28,
        "otherRevenue": 38,
        "period": "2023-12-31",
        "pretaxIncome": 122,
        "provisionforIncomeTaxes": 1,
        "purchasedFuelPowerGas": 183,
        "revenue": 961,
        "totalOperatingExpense": 705,
        "totalOtherIncomeExpenseNet": -1
      },
      {
        "costOfGoodsSold": 12,
        "depreciationAmortization": 170,
        "dilutedAverageSharesOutstanding": 253.8,
        "dilutedEPS": 1.02,
        "ebit": 322,
        "grossIncome": 1065,
        "interestExpense": 71,
        "interestIncomeExpense": -57,
        "netIncome": 259,
        "netIncomeAfterTaxes": 259,
        "operationsMaintenance": 314,
        "otherOperatingExpensesTotal": 28,
        "otherRevenue": 35,
        "period": "2023-09-30",
        "pretaxIncome": 264,
        "provisionforIncomeTaxes": 5,
        "purchasedFuelPowerGas": 231,
        "revenue": 1077,
        "totalOperatingExpense": 743,
        "totalOtherIncomeExpenseNet": -1
      },
      {
        "costOfGoodsSold": 34,
        "depreciationAmortization": 167,
        "dilutedAverageSharesOutstanding": 251.8,
        "dilutedEPS": 0.64,
        "ebit": 217,
        "grossIncome": 879,
        "interestExpense": 72,
        "interestIncomeExpense": -58,
        "netIncome": 160,
        "netIncomeAfterTaxes": 160,
        "operationsMaintenance": 302,
        "otherOperatingExpensesTotal": 28,
        "otherRevenue": 37,
        "period": "2023-06-30",
        "pretaxIncome": 160,
        "provisionforIncomeTaxes": 0,
        "purchasedFuelPowerGas": 165,
        "revenue": 913,
        "totalOperatingExpense": 662,
        "totalOtherIncomeExpenseNet": 1
      },
      {
        "costOfGoodsSold": 181,
        "depreciationAmortization": 166,
        "dilutedAverageSharesOutstanding": 251.4,
        "dilutedEPS": 0.65,
        "ebit": 222,
        "grossIncome": 896,
        "interestExpense": 75,
        "interestIncomeExpense": -58,
        "netIncome": 163,
        "netIncomeAfterTaxes": 163,
        "operationsMaintenance": 320,
        "otherOperatingExpensesTotal": 31,
        "otherRevenue": 33,
        "period": "2023-03-31",
        "pretaxIncome": 161,
        "provisionforIncomeTaxes": -2,
        "purchasedFuelPowerGas": 157,
        "revenue": 1077,
        "totalOperatingExpense": 674,
        "totalOtherIncomeExpenseNet": -3
      },
      {
        "costOfGoodsSold": 147,
        "depreciationAmortization": 170,
        "dilutedAverageSharesOutstanding": 251.5,
        "dilutedEPS": 0.43,
        "ebit": 159,
        "grossIncome": 911,
        "interestExpense": 64,
        "interestIncomeExpense": -50,
        "netIncome": 107,
        "netIncomeAfterTaxes": 107,
        "operationsMaintenance": 357,
        "otherOperatingExpensesTotal": 28,
        "otherRevenue": 37,
        "period": "2022-12-31",
        "pretaxIncome": 103,
        "provisionforIncomeTaxes": -4,
        "purchasedFuelPowerGas": 197,
        "revenue": 1058,
        "totalOperatingExpense": 752,
        "totalOtherIncomeExpenseNet": -6
      },
      {
        "costOfGoodsSold": 26,
        "depreciationAmortization": 169,
        "dilutedAverageSharesOutstanding": 251.3,
        "dilutedEPS": 0.9,
        "ebit": 309,
        "grossIncome": 1109,
        "interestExpense": 73,
        "interestIncomeExpense": -68,
        "netIncome": 227,
        "netIncomeAfterTaxes": 227,
        "operationsMaintenance": 329,
        "otherOperatingExpensesTotal": 28,
        "otherRevenue": 34,
        "period": "2022-09-30",
        "pretaxIncome": 241,
        "provisionforIncomeTaxes": 14,
        "purchasedFuelPowerGas": 274,
        "revenue": 1135,
        "totalOperatingExpense": 800,
        "totalOtherIncomeExpenseNet": 0
      },
      {
        "costOfGoodsSold": 48,
        "depreciationAmortization": 166,
        "dilutedAverageSharesOutstanding": 251.1,
        "dilutedEPS": 0.63,
        "ebit": 212,
        "grossIncome": 895,
        "interestExpense": 65,
        "interestIncomeExpense": -49,
        "netIncome": 159,
        "netIncomeAfterTaxes": 159,
        "operationsMaintenance": 299,
        "otherOperatingExpensesTotal": 27,
        "otherRevenue": 37,
        "period": "2022-06-30",
        "pretaxIncome": 163,
        "provisionforIncomeTaxes": 4,
        "purchasedFuelPowerGas": 191,
        "revenue": 943,
        "totalOperatingExpense": 683,
        "totalOtherIncomeExpenseNet": 0
      },
      {
        "costOfGoodsSold": 168,
        "depreciationAmortization": 166,
        "dilutedAverageSharesOutstanding": 250.9,
        "dilutedEPS": 0.77,
        "ebit": 248,
        "grossIncome": 900,
        "interestExpense": 63,
        "interestIncomeExpense": -48,
        "netIncome": 192,
        "netIncomeAfterTaxes": 192,
        "operationsMaintenance": 291,
        "otherOperatingExpensesTotal": 27,
        "otherRevenue": 33,
        "period": "2022-03-31",
        "pretaxIncome": 200,
        "provisionforIncomeTaxes": 8,
        "purchasedFuelPowerGas": 168,
        "revenue": 1068,
        "totalOperatingExpense": 652,
        "totalOtherIncomeExpenseNet": 0
      },
      {
        "costOfGoodsSold": 109,
        "depreciationAmortization": 163,
        "dilutedAverageSharesOutstanding": 251,
        "dilutedEPS": 0.35,
        "ebit": 132,
        "grossIncome": 818,
        "interestExpense": 62,
        "interestIncomeExpense": -47,
        "netIncome": 88,
        "netIncomeAfterTaxes": 95,
        "operationsMaintenance": 333,
        "otherOperatingExpensesTotal": 26,
        "otherRevenue": 36,
        "period": "2021-12-31",
        "pretaxIncome": 87,
        "provisionforIncomeTaxes": -8,
        "purchasedFuelPowerGas": 164,
        "revenue": 927,
        "totalOperatingExpense": 686,
        "totalOtherIncomeExpenseNet": 2
      },
      {
        "costOfGoodsSold": 18,
        "depreciationAmortization": 165,
        "dilutedAverageSharesOutstanding": 250.8,
        "dilutedEPS": 1.02,
        "ebit": 289,
        "grossIncome": 1006,
        "interestExpense": 61,
        "interestIncomeExpense": -48,
        "netIncome": 256,
        "netIncomeAfterTaxes": 259,
        "operationsMaintenance": 319,
        "otherOperatingExpensesTotal": 26,
        "otherRevenue": 35,
        "period": "2021-09-30",
        "pretaxIncome": 238,
        "provisionforIncomeTaxes": -21,
        "purchasedFuelPowerGas": 207,
        "revenue": 1024,
        "totalOperatingExpense": 717,
        "totalOtherIncomeExpenseNet": -3
      },
      {
        "costOfGoodsSold": 31,
        "depreciationAmortization": 165,
        "dilutedAverageSharesOutstanding": 250.6,
        "dilutedEPS": 0.57,
        "ebit": 176,
        "grossIncome": 786,
        "interestExpense": 64,
        "interestIncomeExpense": -45,
        "netIncome": 144,
        "netIncomeAfterTaxes": 146,
        "operationsMaintenance": 281,
        "otherOperatingExpensesTotal": 26,
        "otherRevenue": 31,
        "period": "2021-06-30",
        "pretaxIncome": 129,
        "provisionforIncomeTaxes": -17,
        "purchasedFuelPowerGas": 138,
        "revenue": 817,
        "totalOperatingExpense": 610,
        "totalOtherIncomeExpenseNet": -2
      },
      {
        "costOfGoodsSold": 100,
        "depreciationAmortization": 164,
        "dilutedAverageSharesOutstanding": 250.4,
        "dilutedEPS": 0.68,
        "ebit": 198,
        "grossIncome": 801,
        "interestExpense": 65,
        "interestIncomeExpense": -50,
        "netIncome": 171,
        "netIncomeAfterTaxes": 174,
        "operationsMaintenance": 280,
        "otherOperatingExpensesTotal": 26,
        "otherRevenue": 30,
        "period": "2021-03-31",
        "pretaxIncome": 146,
        "provisionforIncomeTaxes": -28,
        "purchasedFuelPowerGas": 133,
        "revenue": 901,
        "totalOperatingExpense": 603,
        "totalOtherIncomeExpenseNet": -2
      },
      {
        "costOfGoodsSold": 65,
        "depreciationAmortization": 161,
        "dilutedAverageSharesOutstanding": 250.5,
        "dilutedEPS": 0.26,
        "ebit": 112,
        "grossIncome": 752,
        "interestExpense": 64,
        "interestIncomeExpense": -49,
        "netIncome": 64,
        "netIncomeAfterTaxes": 66,
        "operationsMaintenance": 328,
        "otherOperatingExpensesTotal": 26,
        "otherRevenue": 34,
        "period": "2020-12-31",
        "pretaxIncome": 56,
        "provisionforIncomeTaxes": -10,
        "purchasedFuelPowerGas": 125,
        "revenue": 817,
        "totalOperatingExpense": 640,
        "totalOtherIncomeExpenseNet": -7
      },
      {
        "costOfGoodsSold": 11,
        "depreciationAmortization": 156,
        "dilutedAverageSharesOutstanding": 250,
        "dilutedEPS": 0.98,
        "ebit": 272,
        "grossIncome": 909,
        "interestExpense": 55,
        "interestIncomeExpense": -40,
        "netIncome": 246,
        "netIncomeAfterTaxes": 249,
        "operationsMaintenance": 275,
        "otherOperatingExpensesTotal": 27,
        "otherRevenue": 26,
        "period": "2020-09-30",
        "pretaxIncome": 229,
        "provisionforIncomeTaxes": -20,
        "purchasedFuelPowerGas": 179,
        "revenue": 920,
        "totalOperatingExpense": 637,
        "totalOtherIncomeExpenseNet": -3
      },
      {
        "costOfGoodsSold": 20.9,
        "depreciationAmortization": 152.1,
        "dilutedAverageSharesOutstanding": 249.8,
        "dilutedEPS": 0.54,
        "ebit": 168.1,
        "grossIncome": 742.2,
        "interestExpense": 54.4,
        "interestIncomeExpense": -37,
        "netIncome": 134.4,
        "netIncomeAfterTaxes": 136.9,
        "operationsMaintenance": 231.4,
        "otherOperatingExpensesTotal": 27.1,
        "otherRevenue": 29,
        "period": "2020-06-30",
        "pretaxIncome": 128.6,
        "provisionforIncomeTaxes": -8.3,
        "purchasedFuelPowerGas": 163.5,
        "revenue": 763.1,
        "totalOperatingExpense": 574.1,
        "totalOtherIncomeExpenseNet": -2.5
      },
      {
        "costOfGoodsSold": 85,
        "depreciationAmortization": 146.3,
        "dilutedAverageSharesOutstanding": 244.6,
        "dilutedEPS": 0.7,
        "ebit": 188.3,
        "grossIncome": 830.7,
        "interestExpense": 45.9,
        "interestIncomeExpense": -32.5,
        "netIncome": 170,
        "netIncomeAfterTaxes": 172.6,
        "operationsMaintenance": 284.4,
        "otherOperatingExpensesTotal": 27.6,
        "otherRevenue": 33.2,
        "period": "2020-03-31",
        "pretaxIncome": 153.9,
        "provisionforIncomeTaxes": -18.7,
        "purchasedFuelPowerGas": 184.1,
        "revenue": 915.7,
        "totalOperatingExpense": 642.4,
        "totalOtherIncomeExpenseNet": -1.9
      },
      {
        "costOfGoodsSold": 70.6,
        "depreciationAmortization": 143.6,
        "dilutedAverageSharesOutstanding": 241.4,
        "dilutedEPS": 0.46,
        "ebit": 160.9,
        "grossIncome": 809.5,
        "interestExpense": 42,
        "interestIncomeExpense": -24.2,
        "netIncome": 111.5,
        "netIncomeAfterTaxes": 114,
        "operationsMaintenance": 303.5,
        "otherOperatingExpensesTotal": 26.5,
        "otherRevenue": 34.3,
        "period": "2019-12-31",
        "pretaxIncome": 133.3,
        "provisionforIncomeTaxes": 19.3,
        "purchasedFuelPowerGas": 175,
        "revenue": 880.1,
        "totalOperatingExpense": 648.6,
        "totalOtherIncomeExpenseNet": -3.4
      },
      {
        "costOfGoodsSold": 9.1,
        "depreciationAmortization": 143.8,
        "dilutedAverageSharesOutstanding": 239.9,
        "dilutedEPS": 0.94,
        "ebit": 290.2,
        "grossIncome": 981.1,
        "interestExpense": 46.4,
        "interestIncomeExpense": -34.8,
        "netIncome": 226,
        "netIncomeAfterTaxes": 228.6,
        "operationsMaintenance": 301.2,
        "otherOperatingExpensesTotal": 27.4,
        "otherRevenue": 32.8,
        "period": "2019-09-30",
        "pretaxIncome": 251.7,
        "provisionforIncomeTaxes": 23.1,
        "purchasedFuelPowerGas": 218.5,
        "revenue": 990.2,
        "totalOperatingExpense": 690.9,
        "totalOtherIncomeExpenseNet": -3.7
      },
      {
        "costOfGoodsSold": 20.4,
        "depreciationAmortization": 142.9,
        "dilutedAverageSharesOutstanding": 238.1,
        "dilutedEPS": 0.4,
        "ebit": 149.8,
        "grossIncome": 769.8,
        "interestExpense": 50.9,
        "interestIncomeExpense": -38.2,
        "netIncome": 94.6,
        "netIncomeAfterTaxes": 97.1,
        "operationsMaintenance": 284.7,
        "otherOperatingExpensesTotal": 27.6,
        "otherRevenue": 33.8,
        "period": "2019-06-30",
        "pretaxIncome": 108.3,
        "provisionforIncomeTaxes": 11.2,
        "purchasedFuelPowerGas": 164.8,
        "revenue": 790.2,
        "totalOperatingExpense": 620,
        "totalOtherIncomeExpenseNet": -3.3
      },
      {
        "costOfGoodsSold": 121.6,
        "depreciationAmortization": 136.9,
        "dilutedAverageSharesOutstanding": 236.6,
        "dilutedEPS": 0.53,
        "ebit": 176.8,
        "grossIncome": 865.6,
        "interestExpense": 40.9,
        "interestIncomeExpense": -30,
        "netIncome": 125.1,
        "netIncomeAfterTaxes": 127.7,
        "operationsMaintenance": 304.2,
        "otherOperatingExpensesTotal": 29.3,
        "otherRevenue": 28,
        "period": "2019-03-31",
        "pretaxIncome": 142.8,
        "provisionforIncomeTaxes": 15.1,
        "purchasedFuelPowerGas": 218.4,
        "revenue": 987.2,
        "totalOperatingExpense": 688.8,
        "totalOtherIncomeExpenseNet": -4
      },
      {
        "costOfGoodsSold": 82.3,
        "depreciationAmortization": 130.5,
        "dilutedAverageSharesOutstanding": 235.7,
        "dilutedEPS": 0.36,
        "ebit": 121.4,
        "grossIncome": 791.2,
        "interestExpense": 39.4,
        "interestIncomeExpense": -26.4,
        "netIncome": 85.3,
        "netIncomeAfterTaxes": 87.8,
        "nonRecurringItems": 0,
        "operationsMaintenance": 297.5,
        "otherOperatingExpensesTotal": 26.3,
        "otherRevenue": 21.8,
        "period": "2018-12-31",
        "pretaxIncome": 93.4,
        "provisionforIncomeTaxes": 5.6,
        "purchasedFuelPowerGas": 215.5,
        "revenue": 873.5,
        "totalOperatingExpense": 669.8,
        "totalOtherIncomeExpenseNet": -1.6
      },
      {
        "costOfGoodsSold": 11.3,
        "depreciationAmortization": 129,
        "dilutedAverageSharesOutstanding": 235.2,
        "dilutedEPS": 0.87,
        "ebit": 256.1,
        "grossIncome": 917.3,
        "interestExpense": 44.5,
        "interestIncomeExpense": -34.7,
        "netIncome": 205.5,
        "netIncomeAfterTaxes": 202.5,
        "operationsMaintenance": 277.5,
        "otherOperatingExpensesTotal": 26.9,
        "otherRevenue": 22.6,
        "period": "2018-09-30",
        "pretaxIncome": 219.8,
        "provisionforIncomeTaxes": 17.3,
        "purchasedFuelPowerGas": 227.8,
        "revenue": 928.6,
        "totalOperatingExpense": 661.2,
        "totalOtherIncomeExpenseNet": -1.6
      },
      {
        "costOfGoodsSold": 27.5,
        "depreciationAmortization": 127,
        "dilutedAverageSharesOutstanding": 232,
        "dilutedEPS": 0.43,
        "ebit": 151.2,
        "grossIncome": 788.6,
        "interestExpense": 43.2,
        "interestIncomeExpense": -32.7,
        "netIncome": 100.4,
        "netIncomeAfterTaxes": 102.9,
        "operationsMaintenance": 277.7,
        "otherOperatingExpensesTotal": 24.2,
        "otherRevenue": 21.2,
        "period": "2018-06-30",
        "pretaxIncome": 116.5,
        "provisionforIncomeTaxes": 13.6,
        "purchasedFuelPowerGas": 208.5,
        "revenue": 816.1,
        "totalOperatingExpense": 637.4,
        "totalOtherIncomeExpenseNet": -2
      },
      {
        "costOfGoodsSold": 111.2,
        "depreciationAmortization": 120.4,
        "dilutedAverageSharesOutstanding": 231.4,
        "dilutedEPS": 0.52,
        "ebit": 165.7,
        "grossIncome": 805.1,
        "interestExpense": 44.3,
        "interestIncomeExpense": -23,
        "netIncome": 120.9,
        "netIncomeAfterTaxes": 123.5,
        "operationsMaintenance": 288.8,
        "otherOperatingExpensesTotal": 27,
        "otherRevenue": 22,
        "period": "2018-03-31",
        "pretaxIncome": 140.3,
        "provisionforIncomeTaxes": 16.8,
        "purchasedFuelPowerGas": 203.2,
        "revenue": 916.3,
        "totalOperatingExpense": 639.4,
        "totalOtherIncomeExpenseNet": -2.4
      },
      {
        "costOfGoodsSold": 75.9,
        "depreciationAmortization": 119.1,
        "dilutedAverageSharesOutstanding": 231.2,
        "dilutedEPS": 0.4,
        "ebit": 134,
        "grossIncome": 780.2,
        "interestExpense": 43.6,
        "interestIncomeExpense": -31.7,
        "netIncome": 93.8,
        "netIncomeAfterTaxes": 78.2,
        "nonRecurringItems": 0,
        "operationsMaintenance": 297.2,
        "otherOperatingExpensesTotal": 26.5,
        "otherRevenue": 22.3,
        "period": "2017-12-31",
        "pretaxIncome": 98.1,
        "provisionforIncomeTaxes": 19.9,
        "purchasedFuelPowerGas": 203.4,
        "revenue": 856.1,
        "totalOperatingExpense": 646.2,
        "totalOtherIncomeExpenseNet": -4.2
      },
      {
        "costOfGoodsSold": 15,
        "depreciationAmortization": 120.7,
        "dilutedAverageSharesOutstanding": 231,
        "dilutedEPS": 0.73,
        "ebit": 236.3,
        "grossIncome": 891.9,
        "interestExpense": 44.3,
        "interestIncomeExpense": -34.2,
        "netIncome": 168.8,
        "netIncomeAfterTaxes": 171.4,
        "operationsMaintenance": 285.3,
        "otherOperatingExpensesTotal": 27,
        "otherRevenue": 20.5,
        "period": "2017-09-30",
        "pretaxIncome": 197.5,
        "provisionforIncomeTaxes": 26.1,
        "purchasedFuelPowerGas": 222.6,
        "revenue": 906.9,
        "totalOperatingExpense": 655.6,
        "totalOtherIncomeExpenseNet": -4.6
      },
      {
        "costOfGoodsSold": 28.3,
        "depreciationAmortization": 115,
        "dilutedAverageSharesOutstanding": 229,
        "dilutedEPS": 0.41,
        "ebit": 153.7,
        "grossIncome": 737,
        "interestExpense": 42.7,
        "interestIncomeExpense": -31.4,
        "netIncome": 94.3,
        "netIncomeAfterTaxes": 96.8,
        "operationsMaintenance": 258.3,
        "otherOperatingExpensesTotal": 25.7,
        "otherRevenue": 21.8,
        "period": "2017-06-30",
        "pretaxIncome": 118,
        "provisionforIncomeTaxes": 21.2,
        "purchasedFuelPowerGas": 184.3,
        "revenue": 765.3,
        "totalOperatingExpense": 583.3,
        "totalOtherIncomeExpenseNet": -4.3
      },
      {
        "costOfGoodsSold": 92.2,
        "depreciationAmortization": 107,
        "dilutedAverageSharesOutstanding": 227.6,
        "dilutedEPS": 0.43,
        "ebit": 147.2,
        "grossIncome": 761.7,
        "interestExpense": 35.3,
        "interestIncomeExpense": -23.8,
        "netIncome": 100.4,
        "netIncomeAfterTaxes": 101.6,
        "operationsMaintenance": 273.3,
        "otherOperatingExpensesTotal": 26.4,
        "otherRevenue": 22,
        "period": "2017-03-31",
        "pretaxIncome": 119.2,
        "provisionforIncomeTaxes": 17.6,
        "purchasedFuelPowerGas": 207.8,
        "revenue": 853.9,
        "totalOperatingExpense": 614.5,
        "totalOtherIncomeExpenseNet": -4.2
      },
      {
        "costOfGoodsSold": 62,
        "depreciationAmortization": 102.9,
        "dilutedAverageSharesOutstanding": 227.4,
        "dilutedEPS": 0.28,
        "ebit": 117,
        "grossIncome": 735,
        "interestExpense": 33.2,
        "interestIncomeExpense": -22.4,
        "netIncome": 62.7,
        "netIncomeAfterTaxes": 65.5,
        "nonRecurringItems": 0,
        "operationsMaintenance": 282.3,
        "otherOperatingExpensesTotal": 25.1,
        "otherRevenue": 23.9,
        "period": "2016-12-31",
        "pretaxIncome": 77.7,
        "provisionforIncomeTaxes": 12.2,
        "purchasedFuelPowerGas": 207.7,
        "revenue": 797,
        "totalOperatingExpense": 618,
        "totalOtherIncomeExpenseNet": -16.9
      },
      {
        "costOfGoodsSold": 12.5,
        "depreciationAmortization": 104.1,
        "dilutedAverageSharesOutstanding": 227.2,
        "dilutedEPS": 0.57,
        "ebit": 249,
        "grossIncome": 912.1,
        "interestExpense": 33,
        "interestIncomeExpense": -23.7,
        "netIncome": 128.4,
        "netIncomeAfterTaxes": 131.4,
        "nonRecurringItems": -86.4,
        "operationsMaintenance": 287.2,
        "otherOperatingExpensesTotal": 25.9,
        "otherRevenue": 20.8,
        "period": "2016-09-30",
        "pretaxIncome": 138.9,
        "provisionforIncomeTaxes": 7.5,
        "purchasedFuelPowerGas": 245.9,
        "revenue": 924.6,
        "totalOperatingExpense": 663.1
      },
      {
        "costOfGoodsSold": 24.6,
        "depreciationAmortization": 102.1,
        "dilutedAverageSharesOutstanding": 227,
        "dilutedEPS": 0.37,
        "ebit": 128.6,
        "grossIncome": 730,
        "interestExpense": 32.7,
        "interestIncomeExpense": -23.6,
        "netIncome": 83.9,
        "netIncomeAfterTaxes": 86.9,
        "operationsMaintenance": 274.8,
        "otherOperatingExpensesTotal": 25,
        "otherRevenue": 21.7,
        "period": "2016-06-30",
        "pretaxIncome": 105,
        "provisionforIncomeTaxes": 18.1,
        "purchasedFuelPowerGas": 199.5,
        "revenue": 754.6,
        "totalOperatingExpense": 601.4
      },
      {
        "costOfGoodsSold": 95.2,
        "depreciationAmortization": 102.5,
        "dilutedAverageSharesOutstanding": 226.8,
        "dilutedEPS": 0.43,
        "ebit": 145.9,
        "grossIncome": 748.6,
        "interestExpense": 34.8,
        "interestIncomeExpense": -24.1,
        "netIncome": 96.5,
        "netIncomeAfterTaxes": 100.2,
        "operationsMaintenance": 273,
        "otherOperatingExpensesTotal": 26.3,
        "otherRevenue": 22.7,
        "period": "2016-03-31",
        "pretaxIncome": 121.8,
        "provisionforIncomeTaxes": 21.6,
        "purchasedFuelPowerGas": 200.9,
        "revenue": 843.8,
        "totalOperatingExpense": 602.7
      },
      {
        "costOfGoodsSold": 52.8,
        "depreciationAmortization": 101.4,
        "dilutedAverageSharesOutstanding": 226.6,
        "dilutedEPS": 0.16,
        "ebit": 79.2,
        "grossIncome": 687.3,
        "interestExpense": 35.8,
        "interestIncomeExpense": -30.6,
        "netIncome": 34.1,
        "netIncomeAfterTaxes": 37.7,
        "operationsMaintenance": 290.8,
        "otherOperatingExpensesTotal": 25.1,
        "otherRevenue": 24,
        "period": "2015-12-31",
        "pretaxIncome": 48.6,
        "provisionforIncomeTaxes": 10.9,
        "purchasedFuelPowerGas": 190.8,
        "revenue": 740.1,
        "totalOperatingExpense": 608.1
      },
      {
        "costOfGoodsSold": 13.6,
        "depreciationAmortization": 99.3,
        "dilutedAverageSharesOutstanding": 226.4,
        "dilutedEPS": 0.8,
        "ebit": 235.9,
        "grossIncome": 885.3,
        "interestExpense": 36.7,
        "interestIncomeExpense": -25.5,
        "netIncome": 179.9,
        "netIncomeAfterTaxes": 182.6,
        "operationsMaintenance": 278.7,
        "otherOperatingExpensesTotal": 25.6,
        "otherRevenue": 25.1,
        "period": "2015-09-30",
        "pretaxIncome": 210.4,
        "provisionforIncomeTaxes": 27.8,
        "purchasedFuelPowerGas": 245.8,
        "revenue": 898.9,
        "totalOperatingExpense": 649.4
      }
    ],
    "symbol": "LNT"
  }
}