{
  "symbol": "CSGP",
  "statement": "ic",
  "frequency": "quarterly",
  "timestamp": "2025-09-19T13:58:36.763330",
  "data": {
    "financials": [
      {
        "costOfGoodsSold": 167.8,
        "depreciationAmortization": 26.5,
        "dilutedAverageSharesOutstanding": 424.3,
        "dilutedEPS": 0.0146,
        "ebit": -27.2,
        "grossIncome": 613.5,
        "interestExpense": 4.4,
        "interestIncomeExpense": 35,
        "netIncome": 6.2,
        "netIncomeAfterTaxes": 6.2,
        "period": "2025-06-30",
        "pretaxIncome": 21.6,
        "provisionforIncomeTaxes": 15.4,
        "researchDevelopment": 95.9,
        "revenue": 781.3,
        "sgaExpense": 518.3,
        "totalOperatingExpense": 640.7,
        "totalOtherIncomeExpenseNet": 13.8
      },
      {
        "costOfGoodsSold": 153.3,
        "depreciationAmortization": 17.2,
        "dilutedAverageSharesOutstanding": 410.5,
        "dilutedEPS": -0.0361,
        "ebit": -42.8,
        "grossIncome": 578.9,
        "interestExpense": 5,
        "interestIncomeExpense": 34.9,
        "netIncome": -14.8,
        "netIncomeAfterTaxes": -14.8,
        "period": "2025-03-31",
        "pretaxIncome": -6.7,
        "provisionforIncomeTaxes": 8.1,
        "researchDevelopment": 92.5,
        "revenue": 732.2,
        "sgaExpense": 512,
        "totalOperatingExpense": 621.7,
        "totalOtherIncomeExpenseNet": 1.2
      },
      {
        "costOfGoodsSold": 140.9,
        "depreciationAmortization": 12.8,
        "dilutedAverageSharesOutstanding": 408.4,
        "dilutedEPS": 0.1464,
        "ebit": 40,
        "grossIncome": 568.5,
        "interestExpense": 5.6,
        "interestIncomeExpense": 49,
        "netIncome": 59.8,
        "netIncomeAfterTaxes": 59.8,
        "period": "2024-12-31",
        "pretaxIncome": 85,
        "provisionforIncomeTaxes": 25.2,
        "researchDevelopment": 79.5,
        "revenue": 709.4,
        "sgaExpense": 436.2,
        "totalOperatingExpense": 528.5,
        "totalOtherIncomeExpenseNet": -4
      },
      {
        "costOfGoodsSold": 140.6,
        "depreciationAmortization": 10.3,
        "dilutedAverageSharesOutstanding": 408,
        "dilutedEPS": 0.1299,
        "ebit": 23.7,
        "grossIncome": 552,
        "interestExpense": 5.8,
        "interestIncomeExpense": 55.9,
        "netIncome": 53,
        "netIncomeAfterTaxes": 53,
        "period": "2024-09-30",
        "pretaxIncome": 77.7,
        "provisionforIncomeTaxes": 24.7,
        "researchDevelopment": 78.9,
        "revenue": 692.6,
        "sgaExpense": 439.1,
        "totalOperatingExpense": 528.3,
        "totalOtherIncomeExpenseNet": -1.9
      },
      {
        "costOfGoodsSold": 135.8,
        "depreciationAmortization": 10.2,
        "dilutedAverageSharesOutstanding": 407.4,
        "dilutedEPS": 0.0471,
        "ebit": -16.1,
        "grossIncome": 542,
        "interestExpense": 6.6,
        "interestIncomeExpense": 54.3,
        "netIncome": 19.2,
        "netIncomeAfterTaxes": 19.2,
        "period": "2024-06-30",
        "pretaxIncome": 35.9,
        "provisionforIncomeTaxes": 16.7,
        "researchDevelopment": 77.7,
        "revenue": 677.8,
        "sgaExpense": 470.2,
        "totalOperatingExpense": 558.1,
        "totalOtherIncomeExpenseNet": -2.3
      },
      {
        "costOfGoodsSold": 141.2,
        "depreciationAmortization": 11,
        "dilutedAverageSharesOutstanding": 407.3,
        "dilutedEPS": 0.0165,
        "ebit": -42.8,
        "grossIncome": 515.2,
        "interestExpense": 6.5,
        "interestIncomeExpense": 56.9,
        "netIncome": 6.7,
        "netIncomeAfterTaxes": 6.7,
        "period": "2024-03-31",
        "pretaxIncome": 11.5,
        "provisionforIncomeTaxes": 4.8,
        "researchDevelopment": 80.7,
        "revenue": 656.4,
        "sgaExpense": 466.3,
        "totalOperatingExpense": 558,
        "totalOtherIncomeExpenseNet": -2.6
      },
      {
        "costOfGoodsSold": 136.276,
        "depreciationAmortization": 10.889,
        "dilutedAverageSharesOutstanding": 407.461,
        "dilutedEPS": 0.2368,
        "ebit": 69.339,
        "grossIncome": 503.783,
        "interestExpense": 6.92,
        "interestIncomeExpense": 63.944,
        "netIncome": 96.475,
        "netIncomeAfterTaxes": 96.475,
        "period": "2023-12-31",
        "pretaxIncome": 132.803,
        "provisionforIncomeTaxes": 36.328,
        "researchDevelopment": 68.087,
        "revenue": 640.059,
        "sgaExpense": 355.468,
        "totalOperatingExpense": 434.444,
        "totalOtherIncomeExpenseNet": -0.48
      },
      {
        "costOfGoodsSold": 123.7,
        "depreciationAmortization": 10.3,
        "dilutedAverageSharesOutstanding": 407.2,
        "dilutedEPS": 0.22,
        "ebit": 61.6,
        "grossIncome": 501,
        "interestExpense": 6.683,
        "interestIncomeExpense": 59.2,
        "netIncome": 90.6,
        "netIncomeAfterTaxes": 90.6,
        "period": "2023-09-30",
        "pretaxIncome": 120.5,
        "provisionforIncomeTaxes": 29.9,
        "researchDevelopment": 66.3,
        "revenue": 624.7,
        "sgaExpense": 362.9,
        "totalOperatingExpense": 439.4,
        "totalOtherIncomeExpenseNet": -0.3
      },
      {
        "costOfGoodsSold": 112.4,
        "depreciationAmortization": 10.4,
        "dilutedAverageSharesOutstanding": 406.8,
        "dilutedEPS": 0.25,
        "ebit": 79.1,
        "grossIncome": 493.5,
        "interestExpense": 7.6,
        "interestIncomeExpense": 52.8,
        "netIncome": 100.5,
        "netIncomeAfterTaxes": 100.5,
        "period": "2023-06-30",
        "pretaxIncome": 131.7,
        "provisionforIncomeTaxes": 31.1,
        "researchDevelopment": 61.9,
        "revenue": 605.9,
        "sgaExpense": 342.1,
        "totalOperatingExpense": 414.4,
        "totalOtherIncomeExpenseNet": -0.3
      },
      {
        "costOfGoodsSold": 119.2,
        "depreciationAmortization": 10.6,
        "dilutedAverageSharesOutstanding": 406.2,
        "dilutedEPS": 0.21,
        "ebit": 72.2,
        "grossIncome": 465.2,
        "interestExpense": 7.597,
        "interestIncomeExpense": 44.9,
        "netIncome": 87.1,
        "netIncomeAfterTaxes": 87.1,
        "period": "2023-03-31",
        "pretaxIncome": 116.4,
        "provisionforIncomeTaxes": 29.2,
        "researchDevelopment": 65.1,
        "revenue": 584.4,
        "sgaExpense": 317.3,
        "totalOperatingExpense": 392.9,
        "totalOtherIncomeExpenseNet": -0.8
      },
      {
        "costOfGoodsSold": 109.2,
        "depreciationAmortization": 12.9,
        "dilutedAverageSharesOutstanding": 406.1,
        "dilutedEPS": 0.31,
        "ebit": 127.2,
        "grossIncome": 464.2,
        "interestExpense": 7.594,
        "interestIncomeExpense": 32.3,
        "netIncome": 124.4,
        "netIncomeAfterTaxes": 124.4,
        "period": "2022-12-31",
        "pretaxIncome": 159.5,
        "provisionforIncomeTaxes": 35.2,
        "researchDevelopment": 57.1,
        "revenue": 573.3,
        "sgaExpense": 267,
        "totalOperatingExpense": 337,
        "totalOtherIncomeExpenseNet": 0.1
      },
      {
        "costOfGoodsSold": 108.4,
        "depreciationAmortization": 29.7,
        "dilutedAverageSharesOutstanding": 396.2,
        "dilutedEPS": 0.18,
        "ebit": 85.3,
        "grossIncome": 448.6,
        "interestExpense": 7.593,
        "interestIncomeExpense": 12,
        "netIncome": 72.3,
        "netIncomeAfterTaxes": 72.3,
        "period": "2022-09-30",
        "pretaxIncome": 97.4,
        "provisionforIncomeTaxes": 25.1,
        "researchDevelopment": 54.9,
        "revenue": 556.9,
        "sgaExpense": 278.7,
        "totalOperatingExpense": 363.2,
        "totalOtherIncomeExpenseNet": 0.1
      },
      {
        "costOfGoodsSold": 101,
        "depreciationAmortization": 14.9,
        "dilutedAverageSharesOutstanding": 394.5,
        "dilutedEPS": 0.21,
        "ebit": 110.2,
        "grossIncome": 435.3,
        "interestExpense": 7.59,
        "interestIncomeExpense": -2,
        "netIncome": 83.5,
        "netIncomeAfterTaxes": 83.5,
        "period": "2022-06-30",
        "pretaxIncome": 108.1,
        "provisionforIncomeTaxes": 24.7,
        "researchDevelopment": 50.2,
        "revenue": 536.3,
        "sgaExpense": 260,
        "totalOperatingExpense": 325.1,
        "totalOtherIncomeExpenseNet": 0
      },
      {
        "costOfGoodsSold": 95.5,
        "depreciationAmortization": 16.1,
        "dilutedAverageSharesOutstanding": 394.2,
        "dilutedEPS": 0.23,
        "ebit": 128.3,
        "grossIncome": 420.3,
        "interestExpense": 7.588,
        "interestIncomeExpense": -6.8,
        "netIncome": 89.3,
        "netIncomeAfterTaxes": 89.3,
        "period": "2022-03-31",
        "pretaxIncome": 121.4,
        "provisionforIncomeTaxes": 32.1,
        "researchDevelopment": 52.2,
        "revenue": 515.8,
        "sgaExpense": 223.7,
        "totalOperatingExpense": 292.1,
        "totalOtherIncomeExpenseNet": 0
      },
      {
        "costOfGoodsSold": 86.3,
        "depreciationAmortization": 18.9,
        "dilutedAverageSharesOutstanding": 394.5,
        "dilutedEPS": 0.24,
        "ebit": 140.4,
        "grossIncome": 420.5,
        "interestExpense": 7.585,
        "interestIncomeExpense": -7.4,
        "netIncome": 92.9,
        "netIncomeAfterTaxes": 92.9,
        "period": "2021-12-31",
        "pretaxIncome": 133.4,
        "provisionforIncomeTaxes": 40.5,
        "researchDevelopment": 50.5,
        "revenue": 506.8,
        "sgaExpense": 210.7,
        "totalOperatingExpense": 280.1,
        "totalOtherIncomeExpenseNet": 0.4
      },
      {
        "costOfGoodsSold": 92.6,
        "depreciationAmortization": 19.1,
        "dilutedAverageSharesOutstanding": 394.3,
        "dilutedEPS": 0.16,
        "ebit": 89.7,
        "grossIncome": 406.7,
        "interestExpense": 7.583,
        "interestIncomeExpense": -7.4,
        "netIncome": 64.3,
        "netIncomeAfterTaxes": 64.3,
        "period": "2021-09-30",
        "pretaxIncome": 83.3,
        "provisionforIncomeTaxes": 19,
        "researchDevelopment": 51.2,
        "revenue": 499.3,
        "sgaExpense": 246.6,
        "totalOperatingExpense": 317,
        "totalOtherIncomeExpenseNet": 1
      },
      {
        "costOfGoodsSold": 89.6,
        "depreciationAmortization": 18.3,
        "dilutedAverageSharesOutstanding": 394.1,
        "dilutedEPS": 0.16,
        "ebit": 101,
        "grossIncome": 390.8,
        "interestExpense": 7.581,
        "interestIncomeExpense": -7.4,
        "netIncome": 61.1,
        "netIncomeAfterTaxes": 61.1,
        "period": "2021-06-30",
        "pretaxIncome": 94,
        "provisionforIncomeTaxes": 32.8,
        "researchDevelopment": 47,
        "revenue": 480.3,
        "sgaExpense": 224.4,
        "totalOperatingExpense": 289.7,
        "totalOtherIncomeExpenseNet": 0.4
      },
      {
        "costOfGoodsSold": 88.7,
        "depreciationAmortization": 18.4,
        "dilutedAverageSharesOutstanding": 393.7,
        "dilutedEPS": 0.19,
        "ebit": 101.2,
        "grossIncome": 368.9,
        "interestExpense": 7.578,
        "interestIncomeExpense": -7.4,
        "netIncome": 74.2,
        "netIncomeAfterTaxes": 74.2,
        "period": "2021-03-31",
        "pretaxIncome": 93.3,
        "provisionforIncomeTaxes": 19.1,
        "researchDevelopment": 45.4,
        "revenue": 457.7,
        "sgaExpense": 203.9,
        "totalOperatingExpense": 267.8,
        "totalOtherIncomeExpenseNet": -0.6
      },
      {
        "costOfGoodsSold": 78.2,
        "depreciationAmortization": 17.8,
        "dilutedAverageSharesOutstanding": 393.9,
        "dilutedEPS": 0.09,
        "ebit": 55.2,
        "grossIncome": 366.2,
        "interestIncomeExpense": -7.9,
        "netIncome": 35.8,
        "netIncomeAfterTaxes": 35.8,
        "period": "2020-12-31",
        "pretaxIncome": 46.4,
        "provisionforIncomeTaxes": 10.7,
        "researchDevelopment": 40,
        "revenue": 444.4,
        "sgaExpense": 253.3,
        "totalOperatingExpense": 311,
        "totalOtherIncomeExpenseNet": -0.9
      },
      {
        "costOfGoodsSold": 77.9,
        "depreciationAmortization": 18.3,
        "dilutedAverageSharesOutstanding": 394,
        "dilutedEPS": 0.15,
        "ebit": 76.8,
        "grossIncome": 347.8,
        "interestIncomeExpense": -7.5,
        "netIncome": 58.2,
        "netIncomeAfterTaxes": 58.2,
        "period": "2020-09-30",
        "pretaxIncome": 68.9,
        "provisionforIncomeTaxes": 10.7,
        "researchDevelopment": 39.1,
        "revenue": 425.6,
        "sgaExpense": 213.6,
        "totalOperatingExpense": 270.9,
        "totalOtherIncomeExpenseNet": -0.3
      },
      {
        "costOfGoodsSold": 74,
        "depreciationAmortization": 14.9,
        "dilutedAverageSharesOutstanding": 377.3,
        "dilutedEPS": 0.16,
        "ebit": 81.3,
        "grossIncome": 323.1,
        "interestIncomeExpense": -3.6,
        "netIncome": 60.4,
        "netIncomeAfterTaxes": 60.4,
        "period": "2020-06-30",
        "pretaxIncome": 77.2,
        "provisionforIncomeTaxes": 16.9,
        "researchDevelopment": 37.6,
        "revenue": 397.2,
        "sgaExpense": 189.3,
        "totalOperatingExpense": 241.8,
        "totalOtherIncomeExpenseNet": -0.5
      },
      {
        "costOfGoodsSold": 78.9,
        "depreciationAmortization": 11.5,
        "dilutedAverageSharesOutstanding": 367.8,
        "dilutedEPS": 0.2,
        "ebit": 75.9,
        "grossIncome": 312.9,
        "interestExpense": 0.3,
        "interestIncomeExpense": 4.2,
        "netIncome": 72.8,
        "netIncomeAfterTaxes": 72.8,
        "period": "2020-03-31",
        "pretaxIncome": 78.4,
        "provisionforIncomeTaxes": 5.6,
        "researchDevelopment": 40.2,
        "revenue": 391.8,
        "sgaExpense": 185.4,
        "totalOperatingExpense": 237.1,
        "totalOtherIncomeExpenseNet": -1.7
      },
      {
        "costOfGoodsSold": 75,
        "depreciationAmortization": 11.5,
        "dilutedAverageSharesOutstanding": 366.8,
        "dilutedEPS": 0.24,
        "ebit": 101,
        "grossIncome": 299.7,
        "interestExpense": 0.2,
        "interestIncomeExpense": 13.6,
        "netIncome": 87.9,
        "netIncomeAfterTaxes": 87.9,
        "nonRecurringItems": 0,
        "period": "2019-12-31",
        "pretaxIncome": 114.3,
        "provisionforIncomeTaxes": 26.4,
        "researchDevelopment": 35.4,
        "revenue": 374.7,
        "sgaExpense": 151.8,
        "totalOperatingExpense": 198.7,
        "totalOtherIncomeExpenseNet": -0.3
      },
      {
        "costOfGoodsSold": 71.2,
        "depreciationAmortization": 7.6,
        "dilutedAverageSharesOutstanding": 366.5,
        "dilutedEPS": 0.21,
        "ebit": 94.3,
        "grossIncome": 281.6,
        "interestExpense": 0.3,
        "interestIncomeExpense": 5.1,
        "netIncome": 78.6,
        "netIncomeAfterTaxes": 78.6,
        "period": "2019-09-30",
        "pretaxIncome": 98.9,
        "provisionforIncomeTaxes": 20.3,
        "researchDevelopment": 31.5,
        "revenue": 352.8,
        "sgaExpense": 148.2,
        "totalOperatingExpense": 187.3,
        "totalOtherIncomeExpenseNet": -0.4
      },
      {
        "costOfGoodsSold": 71.9,
        "depreciationAmortization": 7.2,
        "dilutedAverageSharesOutstanding": 366.3,
        "dilutedEPS": 0.17,
        "ebit": 74.8,
        "grossIncome": 271.8,
        "interestExpense": 0.2,
        "interestIncomeExpense": 5.7,
        "netIncome": 63.2,
        "netIncomeAfterTaxes": 63.2,
        "period": "2019-06-30",
        "pretaxIncome": 80,
        "provisionforIncomeTaxes": 16.8,
        "researchDevelopment": 27.4,
        "revenue": 343.8,
        "sgaExpense": 162.4,
        "totalOperatingExpense": 197.1,
        "totalOtherIncomeExpenseNet": -0.5
      },
      {
        "costOfGoodsSold": 71.2,
        "depreciationAmortization": 7.7,
        "dilutedAverageSharesOutstanding": 365.7,
        "dilutedEPS": 0.23,
        "ebit": 93.5,
        "grossIncome": 257.3,
        "interestExpense": 0.2,
        "interestIncomeExpense": 4.7,
        "netIncome": 85.2,
        "netIncomeAfterTaxes": 85.2,
        "period": "2019-03-31",
        "pretaxIncome": 97.7,
        "provisionforIncomeTaxes": 12.5,
        "researchDevelopment": 27,
        "revenue": 328.4,
        "sgaExpense": 129.1,
        "totalOperatingExpense": 163.7,
        "totalOtherIncomeExpenseNet": -0.5
      },
      {
        "costOfGoodsSold": 68.2,
        "depreciationAmortization": 7.9,
        "dilutedAverageSharesOutstanding": 364.8,
        "dilutedEPS": 0.23,
        "ebit": 105.7,
        "grossIncome": 247.3,
        "interestIncomeExpense": 4.6,
        "netIncome": 83.5,
        "netIncomeAfterTaxes": 83.5,
        "nonRecurringItems": 0,
        "period": "2018-12-31",
        "pretaxIncome": 109.6,
        "provisionforIncomeTaxes": 26.1,
        "researchDevelopment": 25.6,
        "revenue": 315.6,
        "sgaExpense": 108.2,
        "totalOperatingExpense": 141.7,
        "totalOtherIncomeExpenseNet": -0.7
      },
      {
        "costOfGoodsSold": 72.1,
        "depreciationAmortization": 8.3,
        "dilutedAverageSharesOutstanding": 365.2,
        "dilutedEPS": 0.16,
        "ebit": 70.7,
        "grossIncome": 233.5,
        "interestExpense": 1,
        "interestIncomeExpense": 2,
        "netIncome": 58.8,
        "netIncomeAfterTaxes": 58.8,
        "period": "2018-09-30",
        "pretaxIncome": 73,
        "provisionforIncomeTaxes": 14.2,
        "researchDevelopment": 26.2,
        "revenue": 305.5,
        "sgaExpense": 128.3,
        "totalOperatingExpense": 162.7,
        "totalOtherIncomeExpenseNet": 0.3
      },
      {
        "costOfGoodsSold": 67.1,
        "depreciationAmortization": 8.8,
        "dilutedAverageSharesOutstanding": 364.5,
        "dilutedEPS": 0.12,
        "ebit": 43.8,
        "grossIncome": 229.9,
        "interestExpense": 0.71,
        "interestIncomeExpense": 1.9,
        "netIncome": 43.8,
        "netIncomeAfterTaxes": 43.8,
        "period": "2018-06-30",
        "pretaxIncome": 45.7,
        "provisionforIncomeTaxes": 1.9,
        "researchDevelopment": 26.3,
        "revenue": 297,
        "sgaExpense": 151,
        "totalOperatingExpense": 186.1,
        "totalOtherIncomeExpenseNet": 0
      },
      {
        "costOfGoodsSold": 62.5,
        "depreciationAmortization": 5.8,
        "dilutedAverageSharesOutstanding": 363.5,
        "dilutedEPS": 0.14,
        "ebit": 53.4,
        "grossIncome": 211.2,
        "interestExpense": 0.219,
        "interestIncomeExpense": 2.8,
        "netIncome": 52.2,
        "netIncomeAfterTaxes": 52.2,
        "period": "2018-03-31",
        "pretaxIncome": 55.7,
        "provisionforIncomeTaxes": 3.5,
        "researchDevelopment": 22.9,
        "revenue": 273.7,
        "sgaExpense": 129.1,
        "totalOperatingExpense": 157.8,
        "totalOtherIncomeExpenseNet": -0.5
      },
      {
        "costOfGoodsSold": 58.3,
        "depreciationAmortization": 4,
        "dilutedAverageSharesOutstanding": 361.2,
        "dilutedEPS": 0.12,
        "ebit": 50.8,
        "grossIncome": 195.7,
        "interestIncomeExpense": 2.5,
        "netIncome": 44.2,
        "netIncomeAfterTaxes": 37.2,
        "nonRecurringItems": -3.8,
        "period": "2017-12-31",
        "pretaxIncome": 48.7,
        "provisionforIncomeTaxes": 11.5,
        "researchDevelopment": 21.8,
        "revenue": 254,
        "sgaExpense": 119.1,
        "totalOperatingExpense": 144.9,
        "totalOtherIncomeExpenseNet": -0.7
      },
      {
        "costOfGoodsSold": 55.5,
        "depreciationAmortization": 4.3,
        "dilutedAverageSharesOutstanding": 328.1,
        "dilutedEPS": 0.1,
        "ebit": 57.5,
        "grossIncome": 192.1,
        "interestExpense": 0.67,
        "interestIncomeExpense": -0.1,
        "netIncome": 34.2,
        "netIncomeAfterTaxes": 34.2,
        "period": "2017-09-30",
        "pretaxIncome": 55.2,
        "provisionforIncomeTaxes": 21,
        "researchDevelopment": 21.5,
        "revenue": 247.5,
        "sgaExpense": 108.7,
        "totalOperatingExpense": 134.5,
        "totalOtherIncomeExpenseNet": -2.2
      },
      {
        "costOfGoodsSold": 55.3,
        "depreciationAmortization": 4.6,
        "dilutedAverageSharesOutstanding": 327.4,
        "dilutedEPS": 0.07,
        "ebit": 27.9,
        "grossIncome": 181.9,
        "interestExpense": 0.715,
        "interestIncomeExpense": -0.1,
        "netIncome": 22.2,
        "netIncomeAfterTaxes": 22.2,
        "period": "2017-06-30",
        "pretaxIncome": 25.8,
        "provisionforIncomeTaxes": 3.6,
        "researchDevelopment": 23.1,
        "revenue": 237.2,
        "sgaExpense": 126.3,
        "totalOperatingExpense": 154,
        "totalOtherIncomeExpenseNet": -2
      },
      {
        "costOfGoodsSold": 51.3,
        "depreciationAmortization": 4.8,
        "dilutedAverageSharesOutstanding": 325.6,
        "dilutedEPS": 0.07,
        "ebit": 37.7,
        "grossIncome": 175.2,
        "interestExpense": 0.772,
        "interestIncomeExpense": -0.3,
        "netIncome": 22.1,
        "netIncomeAfterTaxes": 22.1,
        "period": "2017-03-31",
        "pretaxIncome": 35.4,
        "provisionforIncomeTaxes": 13.3,
        "researchDevelopment": 22.4,
        "revenue": 226.6,
        "sgaExpense": 110.4,
        "totalOperatingExpense": 137.6,
        "totalOtherIncomeExpenseNet": -1.9
      },
      {
        "costOfGoodsSold": 46,
        "depreciationAmortization": 5.1,
        "dilutedAverageSharesOutstanding": 324.8,
        "dilutedEPS": 0.09,
        "ebit": 46.9,
        "grossIncome": 172.3,
        "interestExpense": 1,
        "interestIncomeExpense": 0.2,
        "netIncome": 29.6,
        "netIncomeAfterTaxes": 29.6,
        "period": "2016-12-31",
        "pretaxIncome": 45.5,
        "provisionforIncomeTaxes": 15.9,
        "researchDevelopment": 19.9,
        "revenue": 218.3,
        "sgaExpense": 100.4,
        "totalOperatingExpense": 125.4,
        "totalOtherIncomeExpenseNet": -1.6
      },
      {
        "costOfGoodsSold": 42.2,
        "depreciationAmortization": 5.6,
        "dilutedAverageSharesOutstanding": 324.4,
        "dilutedEPS": 0.07,
        "ebit": 39.6,
        "grossIncome": 170.5,
        "interestExpense": 0.797,
        "interestIncomeExpense": -0.5,
        "netIncome": 23.2,
        "netIncomeAfterTaxes": 23.2,
        "period": "2016-09-30",
        "pretaxIncome": 37.4,
        "provisionforIncomeTaxes": 14.2,
        "researchDevelopment": 19.4,
        "revenue": 212.7,
        "sgaExpense": 106,
        "totalOperatingExpense": 130.9,
        "totalOtherIncomeExpenseNet": -1.7
      },
      {
        "costOfGoodsSold": 42.7,
        "depreciationAmortization": 5.8,
        "dilutedAverageSharesOutstanding": 324.5,
        "dilutedEPS": 0.05,
        "ebit": 28.1,
        "grossIncome": 164.2,
        "interestExpense": 0.799,
        "interestIncomeExpense": -0.6,
        "netIncome": 15.6,
        "netIncomeAfterTaxes": 15.6,
        "period": "2016-06-30",
        "pretaxIncome": 25.8,
        "provisionforIncomeTaxes": 10.2,
        "researchDevelopment": 19.5,
        "revenue": 206.9,
        "sgaExpense": 110.7,
        "totalOperatingExpense": 136.1,
        "totalOtherIncomeExpenseNet": -1.7
      },
      {
        "costOfGoodsSold": 42.9,
        "depreciationAmortization": 6.2,
        "dilutedAverageSharesOutstanding": 323.8,
        "dilutedEPS": 0.05,
        "ebit": 30.3,
        "grossIncome": 156.8,
        "interestExpense": 0.811,
        "interestIncomeExpense": -0.7,
        "netIncome": 16.7,
        "netIncomeAfterTaxes": 16.7,
        "period": "2016-03-31",
        "pretaxIncome": 27.9,
        "provisionforIncomeTaxes": 11.2,
        "researchDevelopment": 17.6,
        "revenue": 199.7,
        "sgaExpense": 102.7,
        "totalOperatingExpense": 126.5,
        "totalOtherIncomeExpenseNet": -1.7
      },
      {
        "costOfGoodsSold": 45.1,
        "depreciationAmortization": 6.7,
        "dilutedAverageSharesOutstanding": 320,
        "dilutedEPS": 0.07,
        "ebit": 35.5,
        "grossIncome": 147.9,
        "interestExpense": 0.5,
        "interestIncomeExpense": -0.4,
        "netIncome": 23,
        "netIncomeAfterTaxes": 23,
        "period": "2015-12-31",
        "pretaxIncome": 33.2,
        "provisionforIncomeTaxes": 10.2,
        "researchDevelopment": 16.7,
        "revenue": 193,
        "sgaExpense": 89,
        "totalOperatingExpense": 112.4,
        "totalOtherIncomeExpenseNet": -1.9
      },
      {
        "costOfGoodsSold": 53.7,
        "depreciationAmortization": 7.2,
        "dilutedAverageSharesOutstanding": 319.8,
        "dilutedEPS": -0.02,
        "ebit": -0.4,
        "grossIncome": 135.4,
        "interestExpense": 0.83,
        "interestIncomeExpense": -0.8,
        "netIncome": -5.4,
        "netIncomeAfterTaxes": -5.4,
        "period": "2015-09-30",
        "pretaxIncome": -2.8,
        "provisionforIncomeTaxes": 2.6,
        "researchDevelopment": 17,
        "revenue": 189.1,
        "sgaExpense": 111.6,
        "totalOperatingExpense": 135.8,
        "totalOtherIncomeExpenseNet": -1.5
      }
    ],
    "symbol": "CSGP"
  }
}