{
  "symbol": "LOW",
  "statement": "ic",
  "frequency": "quarterly",
  "timestamp": "2025-09-19T14:03:21.908966",
  "data": {
    "financials": [
      {
        "costOfGoodsSold": 15858,
        "depreciationAmortization": 457,
        "dilutedAverageSharesOutstanding": 560,
        "dilutedEPS": 4.2696,
        "ebit": 3469,
        "grossIncome": 8101,
        "interestExpense": 354,
        "interestIncomeExpense": -313,
        "netIncome": 2391,
        "netIncomeAfterTaxes": 2398,
        "period": "2025-08-01",
        "pretaxIncome": 3156,
        "provisionforIncomeTaxes": 758,
        "revenue": 23959,
        "sgaExpense": 4175,
        "totalOperatingExpense": 4632
      },
      {
        "costOfGoodsSold": 13944,
        "depreciationAmortization": 446,
        "dilutedAverageSharesOutstanding": 560,
        "dilutedEPS": 2.9214,
        "ebit": 2494,
        "grossIncome": 6986,
        "interestExpense": 362,
        "interestIncomeExpense": -336,
        "netIncome": 1636,
        "netIncomeAfterTaxes": 1641,
        "period": "2025-05-02",
        "pretaxIncome": 2157,
        "provisionforIncomeTaxes": 516,
        "revenue": 20930,
        "sgaExpense": 4046,
        "totalOperatingExpense": 4492,
        "totalOtherIncomeExpenseNet": -1
      },
      {
        "costOfGoodsSold": 12456,
        "depreciationAmortization": 445,
        "dilutedAverageSharesOutstanding": 563,
        "dilutedEPS": 1.99,
        "ebit": 1830,
        "grossIncome": 6097,
        "interestExpense": 363,
        "interestIncomeExpense": -328,
        "netIncome": 1123,
        "netIncomeAfterTaxes": 1125,
        "period": "2025-01-31",
        "pretaxIncome": 1502,
        "provisionforIncomeTaxes": 377,
        "revenue": 18553,
        "sgaExpense": 3822,
        "totalOperatingExpense": 4267
      },
      {
        "costOfGoodsSold": 13374,
        "depreciationAmortization": 433,
        "dilutedAverageSharesOutstanding": 566,
        "dilutedEPS": 2.99,
        "ebit": 2536,
        "grossIncome": 6796,
        "interestExpense": 367,
        "interestIncomeExpense": -317,
        "netIncome": 1691,
        "netIncomeAfterTaxes": 1695,
        "period": "2024-11-01",
        "pretaxIncome": 2219,
        "provisionforIncomeTaxes": 524,
        "revenue": 20170,
        "sgaExpense": 3827,
        "totalOperatingExpense": 4260,
        "totalOtherIncomeExpenseNet": 0
      },
      {
        "costOfGoodsSold": 15691,
        "depreciationAmortization": 423,
        "dilutedAverageSharesOutstanding": 570,
        "dilutedEPS": 4.17,
        "ebit": 3447,
        "grossIncome": 7895,
        "interestExpense": 369,
        "interestIncomeExpense": -317,
        "netIncome": 2377,
        "netIncomeAfterTaxes": 2383,
        "period": "2024-08-02",
        "pretaxIncome": 3130,
        "provisionforIncomeTaxes": 747,
        "revenue": 23586,
        "sgaExpense": 4025,
        "totalOperatingExpense": 4448,
        "totalOtherIncomeExpenseNet": 0
      },
      {
        "costOfGoodsSold": 14274,
        "depreciationAmortization": 428,
        "dilutedAverageSharesOutstanding": 572,
        "dilutedEPS": 3.06,
        "ebit": 2653,
        "grossIncome": 7090,
        "interestExpense": 368,
        "interestIncomeExpense": -347,
        "netIncome": 1750,
        "netIncomeAfterTaxes": 1755,
        "period": "2024-05-03",
        "pretaxIncome": 2301,
        "provisionforIncomeTaxes": 546,
        "revenue": 21364,
        "sgaExpense": 4009,
        "totalOperatingExpense": 4437,
        "totalOtherIncomeExpenseNet": -5
      },
      {
        "costOfGoodsSold": 12575,
        "depreciationAmortization": 442,
        "dilutedAverageSharesOutstanding": 575,
        "dilutedEPS": 1.77,
        "ebit": 1609,
        "grossIncome": 6027,
        "interestExpense": 368,
        "interestIncomeExpense": -345,
        "netIncome": 1018,
        "netIncomeAfterTaxes": 1020,
        "nonRecurringItems": 79,
        "period": "2024-02-02",
        "pretaxIncome": 1339,
        "provisionforIncomeTaxes": 319,
        "revenue": 18602,
        "sgaExpense": 3976,
        "totalOperatingExpense": 4418,
        "totalOtherIncomeExpenseNet": -4
      },
      {
        "costOfGoodsSold": 13580,
        "depreciationAmortization": 434,
        "dilutedAverageSharesOutstanding": 577,
        "dilutedEPS": 3.07,
        "ebit": 2696,
        "grossIncome": 6891,
        "interestExpense": 370,
        "interestIncomeExpense": -343,
        "netIncome": 1769,
        "netIncomeAfterTaxes": 1773,
        "period": "2023-11-03",
        "pretaxIncome": 2351,
        "provisionforIncomeTaxes": 578,
        "revenue": 20471,
        "sgaExpense": 3761,
        "totalOperatingExpense": 4195,
        "totalOtherIncomeExpenseNet": -2
      },
      {
        "costOfGoodsSold": 16557,
        "depreciationAmortization": 427,
        "dilutedAverageSharesOutstanding": 585,
        "dilutedEPS": 4.56,
        "ebit": 3886,
        "grossIncome": 8399,
        "interestExpense": 374,
        "interestIncomeExpense": -339,
        "netIncome": 2666,
        "netIncomeAfterTaxes": 2673,
        "period": "2023-08-04",
        "pretaxIncome": 3545,
        "provisionforIncomeTaxes": 872,
        "revenue": 24956,
        "sgaExpense": 4086,
        "totalOperatingExpense": 4513,
        "totalOtherIncomeExpenseNet": -2
      },
      {
        "costOfGoodsSold": 14820,
        "depreciationAmortization": 415,
        "dilutedAverageSharesOutstanding": 596,
        "dilutedEPS": 3.78,
        "ebit": 3288,
        "grossIncome": 7527,
        "interestExpense": 362,
        "interestIncomeExpense": -346,
        "netIncome": 2254,
        "netIncomeAfterTaxes": 2260,
        "period": "2023-05-05",
        "pretaxIncome": 2939,
        "provisionforIncomeTaxes": 679,
        "revenue": 22347,
        "sgaExpense": 3824,
        "totalOperatingExpense": 4239,
        "totalOtherIncomeExpenseNet": -3
      },
      {
        "costOfGoodsSold": 15188,
        "depreciationAmortization": 421,
        "dilutedAverageSharesOutstanding": 604,
        "dilutedEPS": 1.58,
        "ebit": 1704,
        "grossIncome": 7257,
        "interestExpense": 333,
        "interestIncomeExpense": -317,
        "netIncome": 954,
        "netIncomeAfterTaxes": 958,
        "nonRecurringItems": 0,
        "period": "2023-02-03",
        "pretaxIncome": 1383,
        "provisionforIncomeTaxes": 425,
        "revenue": 22445,
        "sgaExpense": 5132,
        "totalOperatingExpense": 5553,
        "totalOtherIncomeExpenseNet": -4
      },
      {
        "costOfGoodsSold": 15661,
        "depreciationAmortization": 451,
        "dilutedAverageSharesOutstanding": 620,
        "dilutedEPS": 0.25,
        "ebit": 924,
        "grossIncome": 7818,
        "interestExpense": 305,
        "interestIncomeExpense": -291,
        "netIncome": 152,
        "netIncomeAfterTaxes": 154,
        "period": "2022-10-28",
        "pretaxIncome": 629,
        "provisionforIncomeTaxes": 475,
        "revenue": 23479,
        "sgaExpense": 6443,
        "totalOperatingExpense": 6894,
        "totalOtherIncomeExpenseNet": -4
      },
      {
        "costOfGoodsSold": 18343,
        "depreciationAmortization": 449,
        "dilutedAverageSharesOutstanding": 639,
        "dilutedEPS": 4.67,
        "ebit": 4229,
        "grossIncome": 9133,
        "interestExpense": 263,
        "interestIncomeExpense": -258,
        "netIncome": 2983,
        "netIncomeAfterTaxes": 2992,
        "period": "2022-07-29",
        "pretaxIncome": 3965,
        "provisionforIncomeTaxes": 973,
        "revenue": 27476,
        "sgaExpense": 4455,
        "totalOperatingExpense": 4904,
        "totalOtherIncomeExpenseNet": -6
      },
      {
        "costOfGoodsSold": 15609,
        "depreciationAmortization": 445,
        "dilutedAverageSharesOutstanding": 662,
        "dilutedEPS": 3.51,
        "ebit": 3302,
        "grossIncome": 8050,
        "interestExpense": 237,
        "interestIncomeExpense": -235,
        "netIncome": 2325,
        "netIncomeAfterTaxes": 2333,
        "period": "2022-04-29",
        "pretaxIncome": 3059,
        "provisionforIncomeTaxes": 726,
        "revenue": 23659,
        "sgaExpense": 4303,
        "totalOperatingExpense": 4748,
        "totalOtherIncomeExpenseNet": -8
      },
      {
        "costOfGoodsSold": 14312,
        "depreciationAmortization": 436,
        "dilutedAverageSharesOutstanding": 678,
        "dilutedEPS": 1.77,
        "ebit": 1878,
        "grossIncome": 7027,
        "interestExpense": 221,
        "interestIncomeExpense": -219,
        "netIncome": 1202,
        "netIncomeAfterTaxes": 1207,
        "nonRecurringItems": -29,
        "period": "2022-01-28",
        "pretaxIncome": 1614,
        "provisionforIncomeTaxes": 407,
        "revenue": 21339,
        "sgaExpense": 4713,
        "totalOperatingExpense": 5149,
        "totalOtherIncomeExpenseNet": -16
      },
      {
        "costOfGoodsSold": 15331,
        "depreciationAmortization": 425,
        "dilutedAverageSharesOutstanding": 692,
        "dilutedEPS": 2.73,
        "ebit": 2836,
        "grossIncome": 7587,
        "interestExpense": 218,
        "interestIncomeExpense": -215,
        "netIncome": 1889,
        "netIncomeAfterTaxes": 1896,
        "nonRecurringItems": -47,
        "period": "2021-10-29",
        "pretaxIncome": 2566,
        "provisionforIncomeTaxes": 670,
        "revenue": 22918,
        "sgaExpense": 4326,
        "totalOperatingExpense": 4751,
        "totalOtherIncomeExpenseNet": -8
      },
      {
        "costOfGoodsSold": 18258,
        "depreciationAmortization": 409,
        "dilutedAverageSharesOutstanding": 707,
        "dilutedEPS": 4.25,
        "ebit": 4237,
        "grossIncome": 9312,
        "interestExpense": 213,
        "interestIncomeExpense": -210,
        "netIncome": 3007,
        "netIncomeAfterTaxes": 3018,
        "nonRecurringItems": -27,
        "period": "2021-07-30",
        "pretaxIncome": 3994,
        "provisionforIncomeTaxes": 976,
        "revenue": 27570,
        "sgaExpense": 4666,
        "totalOperatingExpense": 5075,
        "totalOtherIncomeExpenseNet": -6
      },
      {
        "costOfGoodsSold": 16292,
        "depreciationAmortization": 391,
        "dilutedAverageSharesOutstanding": 720,
        "dilutedEPS": 3.21,
        "ebit": 3304,
        "grossIncome": 8130,
        "interestExpense": 208,
        "interestIncomeExpense": -205,
        "netIncome": 2312,
        "netIncomeAfterTaxes": 2321,
        "nonRecurringItems": -59,
        "period": "2021-04-30",
        "pretaxIncome": 3034,
        "provisionforIncomeTaxes": 713,
        "revenue": 24422,
        "sgaExpense": 4435,
        "totalOperatingExpense": 4826,
        "totalOtherIncomeExpenseNet": -6
      },
      {
        "costOfGoodsSold": 13855,
        "depreciationAmortization": 391,
        "dilutedAverageSharesOutstanding": 738,
        "dilutedEPS": 1.32,
        "ebit": 1727,
        "grossIncome": 6456,
        "interestExpense": 204,
        "interestIncomeExpense": -198,
        "netIncome": 974,
        "netIncomeAfterTaxes": 978,
        "nonRecurringItems": -203,
        "period": "2021-01-29",
        "pretaxIncome": 1320,
        "provisionforIncomeTaxes": 342,
        "revenue": 20311,
        "sgaExpense": 4338,
        "totalOperatingExpense": 4729,
        "totalOtherIncomeExpenseNet": -6
      },
      {
        "costOfGoodsSold": 15009,
        "depreciationAmortization": 355,
        "dilutedAverageSharesOutstanding": 754,
        "dilutedEPS": 0.91,
        "ebit": 2476,
        "grossIncome": 7300,
        "interestExpense": 222,
        "interestIncomeExpense": -216,
        "netIncome": 689,
        "netIncomeAfterTaxes": 692,
        "nonRecurringItems": -1361,
        "period": "2020-10-30",
        "pretaxIncome": 894,
        "provisionforIncomeTaxes": 202,
        "revenue": 22309,
        "sgaExpense": 4469,
        "totalOperatingExpense": 4824,
        "totalOtherIncomeExpenseNet": -5
      },
      {
        "costOfGoodsSold": 17998,
        "depreciationAmortization": 327,
        "dilutedAverageSharesOutstanding": 753,
        "dilutedEPS": 3.74,
        "ebit": 4395,
        "grossIncome": 9304,
        "interestExpense": 221,
        "interestIncomeExpense": -213,
        "netIncome": 2816,
        "netIncomeAfterTaxes": 2828,
        "nonRecurringItems": -438,
        "period": "2020-07-31",
        "pretaxIncome": 3738,
        "provisionforIncomeTaxes": 910,
        "revenue": 27302,
        "sgaExpense": 4582,
        "totalOperatingExpense": 4909,
        "totalOtherIncomeExpenseNet": -6
      },
      {
        "costOfGoodsSold": 13162,
        "depreciationAmortization": 326,
        "dilutedAverageSharesOutstanding": 756,
        "dilutedEPS": 1.76,
        "ebit": 2342,
        "grossIncome": 6513,
        "interestExpense": 205,
        "interestIncomeExpense": -200,
        "netIncome": 1333,
        "netIncomeAfterTaxes": 1337,
        "nonRecurringItems": -351,
        "period": "2020-05-01",
        "pretaxIncome": 1786,
        "provisionforIncomeTaxes": 449,
        "revenue": 19675,
        "sgaExpense": 3845,
        "totalOperatingExpense": 4171,
        "totalOtherIncomeExpenseNet": -5
      },
      {
        "costOfGoodsSold": 11046,
        "depreciationAmortization": 338,
        "dilutedAverageSharesOutstanding": 763,
        "dilutedEPS": 0.67,
        "ebit": -153,
        "grossIncome": 4981,
        "interestExpense": 179,
        "interestIncomeExpense": -176,
        "netIncome": 508,
        "netIncomeAfterTaxes": 510,
        "nonRecurringItems": 1111,
        "period": "2020-01-31",
        "pretaxIncome": 775,
        "provisionforIncomeTaxes": 265,
        "revenue": 16027,
        "sgaExpense": 4796,
        "totalOperatingExpense": 5134,
        "totalOtherIncomeExpenseNet": -7
      },
      {
        "costOfGoodsSold": 11748,
        "depreciationAmortization": 310,
        "dilutedAverageSharesOutstanding": 770,
        "dilutedEPS": 1.36,
        "ebit": 1611,
        "grossIncome": 5640,
        "interestExpense": 178,
        "interestIncomeExpense": -173,
        "netIncome": 1046,
        "netIncomeAfterTaxes": 1049,
        "nonRecurringItems": -53,
        "period": "2019-11-01",
        "pretaxIncome": 1381,
        "provisionforIncomeTaxes": 332,
        "revenue": 17388,
        "sgaExpense": 3719,
        "totalOperatingExpense": 4029,
        "totalOtherIncomeExpenseNet": -4
      },
      {
        "costOfGoodsSold": 14252,
        "depreciationAmortization": 311,
        "dilutedAverageSharesOutstanding": 781,
        "dilutedEPS": 2.14,
        "ebit": 2381,
        "grossIncome": 6740,
        "interestExpense": 180,
        "interestIncomeExpense": -168,
        "netIncome": 1670,
        "netIncomeAfterTaxes": 1676,
        "period": "2019-08-02",
        "pretaxIncome": 2212,
        "provisionforIncomeTaxes": 536,
        "revenue": 20992,
        "sgaExpense": 4048,
        "totalOperatingExpense": 4359,
        "totalOtherIncomeExpenseNet": -1
      },
      {
        "costOfGoodsSold": 12160,
        "depreciationAmortization": 302,
        "dilutedAverageSharesOutstanding": 797,
        "dilutedEPS": 1.31,
        "ebit": 1417,
        "grossIncome": 5581,
        "interestExpense": 161,
        "interestIncomeExpense": -154,
        "netIncome": 1043,
        "netIncomeAfterTaxes": 1046,
        "period": "2019-05-03",
        "pretaxIncome": 1255,
        "provisionforIncomeTaxes": 209,
        "revenue": 17741,
        "sgaExpense": 3862,
        "totalOperatingExpense": 4164,
        "totalOtherIncomeExpenseNet": -8
      },
      {
        "costOfGoodsSold": 11610,
        "depreciationAmortization": 339,
        "dilutedAverageSharesOutstanding": 799,
        "dilutedEPS": -1.03,
        "ebit": 55,
        "grossIncome": 4037,
        "interestExpense": 158,
        "interestIncomeExpense": -151,
        "netIncome": -821,
        "netIncomeAfterTaxes": -822,
        "nonRecurringItems": -623,
        "period": "2019-02-01",
        "pretaxIncome": -725,
        "provisionforIncomeTaxes": 97,
        "revenue": 15647,
        "sgaExpense": 3643,
        "totalOperatingExpense": 3982,
        "totalOtherIncomeExpenseNet": -6
      },
      {
        "costOfGoodsSold": 12038,
        "depreciationAmortization": 423,
        "dilutedAverageSharesOutstanding": 807,
        "dilutedEPS": 0.78,
        "ebit": 1232,
        "grossIncome": 5377,
        "interestExpense": 160,
        "interestIncomeExpense": -151,
        "netIncome": 628,
        "netIncomeAfterTaxes": 629,
        "nonRecurringItems": -275,
        "period": "2018-11-02",
        "pretaxIncome": 804,
        "provisionforIncomeTaxes": 175,
        "revenue": 17415,
        "sgaExpense": 3722,
        "totalOperatingExpense": 4145,
        "totalOtherIncomeExpenseNet": -2
      },
      {
        "costOfGoodsSold": 14003,
        "depreciationAmortization": 336,
        "dilutedAverageSharesOutstanding": 814,
        "dilutedEPS": 1.86,
        "ebit": 2393,
        "grossIncome": 6885,
        "interestExpense": 160,
        "interestIncomeExpense": -151,
        "netIncome": 1515,
        "netIncomeAfterTaxes": 1520,
        "nonRecurringItems": -230,
        "period": "2018-08-03",
        "pretaxIncome": 2010,
        "provisionforIncomeTaxes": 490,
        "revenue": 20888,
        "sgaExpense": 4156,
        "totalOperatingExpense": 4492,
        "totalOtherIncomeExpenseNet": -2
      },
      {
        "costOfGoodsSold": 11612,
        "depreciationAmortization": 349,
        "dilutedAverageSharesOutstanding": 826,
        "dilutedEPS": 1.19,
        "ebit": 1465,
        "grossIncome": 5748,
        "interestExpense": 159,
        "interestIncomeExpense": -156,
        "netIncome": 985,
        "netIncomeAfterTaxes": 988,
        "period": "2018-05-04",
        "pretaxIncome": 1305,
        "provisionforIncomeTaxes": 317,
        "revenue": 17360,
        "sgaExpense": 3934,
        "totalOperatingExpense": 4283,
        "totalOtherIncomeExpenseNet": -4
      },
      {
        "costOfGoodsSold": 11243,
        "depreciationAmortization": 324,
        "dilutedAverageSharesOutstanding": 828,
        "dilutedEPS": 0.66,
        "ebit": 1098,
        "grossIncome": 4251,
        "interestExpense": 158,
        "interestIncomeExpense": -152,
        "netIncome": 553,
        "netIncomeAfterTaxes": 574,
        "nonRecurringItems": 0,
        "period": "2018-02-02",
        "pretaxIncome": 944,
        "provisionforIncomeTaxes": 370,
        "revenue": 15494,
        "sgaExpense": 2829,
        "totalOperatingExpense": 3153,
        "totalOtherIncomeExpenseNet": -2
      },
      {
        "costOfGoodsSold": 11057,
        "depreciationAmortization": 358,
        "dilutedAverageSharesOutstanding": 832,
        "dilutedEPS": 1.05,
        "ebit": 1547,
        "grossIncome": 5713,
        "interestExpense": 158,
        "interestIncomeExpense": -160,
        "netIncome": 870,
        "netIncomeAfterTaxes": 872,
        "nonRecurringItems": 0,
        "period": "2017-11-03",
        "pretaxIncome": 1387,
        "provisionforIncomeTaxes": 515,
        "revenue": 16770,
        "sgaExpense": 3808,
        "totalOperatingExpense": 4166,
        "totalOtherIncomeExpenseNet": 0
      },
      {
        "costOfGoodsSold": 12825,
        "depreciationAmortization": 357,
        "dilutedAverageSharesOutstanding": 842,
        "dilutedEPS": 1.68,
        "ebit": 2382,
        "grossIncome": 6670,
        "interestExpense": 160,
        "interestIncomeExpense": -155,
        "netIncome": 1413,
        "netIncomeAfterTaxes": 1419,
        "nonRecurringItems": 0,
        "period": "2017-08-04",
        "pretaxIncome": 2223,
        "provisionforIncomeTaxes": 804,
        "revenue": 19495,
        "sgaExpense": 3931,
        "totalOperatingExpense": 4288,
        "totalOtherIncomeExpenseNet": -4
      },
      {
        "costOfGoodsSold": 11060,
        "depreciationAmortization": 365,
        "dilutedAverageSharesOutstanding": 858,
        "dilutedEPS": 0.7,
        "ebit": 1559,
        "grossIncome": 5800,
        "interestExpense": 158,
        "interestIncomeExpense": -155,
        "netIncome": 600,
        "netIncomeAfterTaxes": 602,
        "nonRecurringItems": -464,
        "period": "2017-05-05",
        "pretaxIncome": 934,
        "provisionforIncomeTaxes": 332,
        "revenue": 16860,
        "sgaExpense": 3876,
        "totalOperatingExpense": 4241,
        "totalOtherIncomeExpenseNet": -6
      },
      {
        "costOfGoodsSold": 11142,
        "depreciationAmortization": 352,
        "dilutedAverageSharesOutstanding": 868,
        "dilutedEPS": 0.74,
        "ebit": 1269,
        "grossIncome": 4642,
        "interestExpense": 158,
        "interestIncomeExpense": -156,
        "netIncome": 643,
        "netIncomeAfterTaxes": 663,
        "period": "2017-02-03",
        "pretaxIncome": 1110,
        "provisionforIncomeTaxes": 447,
        "revenue": 15784,
        "sgaExpense": 3021,
        "totalOperatingExpense": 3373,
        "totalOtherIncomeExpenseNet": -3
      },
      {
        "costOfGoodsSold": 10332,
        "depreciationAmortization": 378,
        "dilutedAverageSharesOutstanding": 874,
        "dilutedEPS": 0.43,
        "ebit": 939,
        "grossIncome": 5407,
        "interestExpense": 163,
        "interestIncomeExpense": -163,
        "netIncome": 376,
        "netIncomeAfterTaxes": 379,
        "period": "2016-10-28",
        "pretaxIncome": 776,
        "provisionforIncomeTaxes": 397,
        "revenue": 15739,
        "sgaExpense": 4090,
        "totalOperatingExpense": 4468,
        "totalOtherIncomeExpenseNet": 0
      },
      {
        "costOfGoodsSold": 11972,
        "depreciationAmortization": 366,
        "dilutedAverageSharesOutstanding": 885,
        "dilutedEPS": 1.31,
        "ebit": 2051,
        "grossIncome": 6288,
        "interestExpense": 166,
        "interestIncomeExpense": -166,
        "netIncome": 1162,
        "netIncomeAfterTaxes": 1167,
        "period": "2016-07-29",
        "pretaxIncome": 1885,
        "provisionforIncomeTaxes": 718,
        "revenue": 18260,
        "sgaExpense": 3871,
        "totalOperatingExpense": 4237,
        "totalOtherIncomeExpenseNet": 0
      },
      {
        "costOfGoodsSold": 9896,
        "depreciationAmortization": 357,
        "dilutedAverageSharesOutstanding": 888.5,
        "dilutedEPS": 0.99,
        "ebit": 1587,
        "grossIncome": 5338,
        "interestExpense": 145,
        "interestIncomeExpense": -155,
        "netIncome": 881,
        "netIncomeAfterTaxes": 884,
        "period": "2016-04-29",
        "pretaxIncome": 1430,
        "provisionforIncomeTaxes": 546,
        "revenue": 15234,
        "sgaExpense": 3394,
        "totalOperatingExpense": 3751,
        "totalOtherIncomeExpenseNet": -2
      },
      {
        "costOfGoodsSold": 8648,
        "depreciationAmortization": 369,
        "dilutedAverageSharesOutstanding": 911,
        "dilutedEPS": 0.01,
        "ebit": 438,
        "grossIncome": 4588,
        "interestExpense": 140,
        "interestIncomeExpense": -139,
        "netIncome": 11,
        "netIncomeAfterTaxes": 11,
        "period": "2016-01-29",
        "pretaxIncome": 295,
        "provisionforIncomeTaxes": 284,
        "revenue": 13236,
        "sgaExpense": 3781,
        "totalOperatingExpense": 4150,
        "totalOtherIncomeExpenseNet": -4
      },
      {
        "costOfGoodsSold": 9370,
        "depreciationAmortization": 375,
        "dilutedAverageSharesOutstanding": 921,
        "dilutedEPS": 0.8,
        "ebit": 1328,
        "grossIncome": 4990,
        "interestExpense": 138,
        "interestIncomeExpense": -137,
        "netIncome": 733,
        "netIncomeAfterTaxes": 736,
        "period": "2015-10-30",
        "pretaxIncome": 1187,
        "provisionforIncomeTaxes": 451,
        "revenue": 14360,
        "sgaExpense": 3287,
        "totalOperatingExpense": 3662,
        "totalOtherIncomeExpenseNet": -4
      }
    ],
    "symbol": "LOW"
  }
}