{
  "symbol": "KIM",
  "statement": "ic",
  "frequency": "quarterly",
  "timestamp": "2025-09-19T14:02:48.387617",
  "data": {
    "financials": [
      {
        "costOfGoodsSold": 161.87,
        "depreciationAmortization": 156.323,
        "dilutedAverageSharesOutstanding": 675.079,
        "dilutedEPS": 0.2293,
        "ebit": 174.535,
        "equityEarningsAffiliates": 25.737,
        "gainLossOnDispositionOfAssets": 38.922,
        "grossIncome": 363.305,
        "interestExpense": 81.204,
        "interestIncomeExpense": -81.206,
        "minorityInterest": -1.956,
        "netIncome": 154.808,
        "netIncomeAfterTaxes": 139.205,
        "nonRecurringItems": -7.645,
        "period": "2025-06-30",
        "pretaxIncome": 139.571,
        "provisionforIncomeTaxes": 0.366,
        "revenue": 525.175,
        "sgaExpense": 32.447,
        "totalOperatingExpense": 188.77,
        "totalOtherIncomeExpenseNet": 14.965
      },
      {
        "costOfGoodsSold": 163.648,
        "depreciationAmortization": 158.453,
        "dilutedAverageSharesOutstanding": 677.299,
        "dilutedEPS": 0.18,
        "ebit": 180.131,
        "equityEarningsAffiliates": 23.384,
        "gainLossOnDispositionOfAssets": 0.887,
        "grossIncome": 372.976,
        "interestExpense": 80.377,
        "interestIncomeExpense": -80.386,
        "minorityInterest": -1.686,
        "netIncome": 124.53,
        "netIncomeAfterTaxes": 111.119,
        "nonRecurringItems": -0.534,
        "period": "2025-03-31",
        "pretaxIncome": 111.583,
        "provisionforIncomeTaxes": 0.464,
        "revenue": 536.624,
        "sgaExpense": 34.392,
        "totalOperatingExpense": 192.845,
        "totalOtherIncomeExpenseNet": 11.485
      },
      {
        "costOfGoodsSold": 168.104,
        "depreciationAmortization": 156.13,
        "dilutedAverageSharesOutstanding": 675.256,
        "dilutedEPS": 0.23,
        "ebit": 166.261,
        "equityEarningsAffiliates": 20.767,
        "gainLossOnDispositionOfAssets": 0.33,
        "grossIncome": 357.293,
        "interestExpense": 83.684,
        "interestIncomeExpense": -83.75,
        "minorityInterest": -1.961,
        "netIncome": 154.135,
        "netIncomeAfterTaxes": 147.232,
        "nonRecurringItems": -0.199,
        "period": "2024-12-31",
        "pretaxIncome": 100.294,
        "provisionforIncomeTaxes": -46.938,
        "revenue": 525.397,
        "sgaExpense": 34.902,
        "totalOperatingExpense": 191.032,
        "totalOtherIncomeExpenseNet": 17.652
      },
      {
        "costOfGoodsSold": 157.979,
        "depreciationAmortization": 144.688,
        "dilutedAverageSharesOutstanding": 671.577,
        "dilutedEPS": 0.19,
        "ebit": 171.115,
        "equityEarningsAffiliates": 21.197,
        "gainLossOnDispositionOfAssets": 0.551,
        "grossIncome": 349.653,
        "interestExpense": 76.216,
        "interestIncomeExpense": -76.137,
        "minorityInterest": -2.443,
        "netIncome": 125.644,
        "netIncomeAfterTaxes": 117.229,
        "nonRecurringItems": -0.375,
        "period": "2024-09-30",
        "pretaxIncome": 117.357,
        "provisionforIncomeTaxes": 0.128,
        "revenue": 507.632,
        "sgaExpense": 33.85,
        "totalOperatingExpense": 178.538,
        "totalOtherIncomeExpenseNet": 22.203
      },
      {
        "costOfGoodsSold": 158.157,
        "depreciationAmortization": 148.148,
        "dilutedAverageSharesOutstanding": 671.384,
        "dilutedEPS": 0.17,
        "ebit": 160.836,
        "equityEarningsAffiliates": 29.245,
        "gainLossOnDispositionOfAssets": 0.075,
        "grossIncome": 342.074,
        "interestExpense": 73.341,
        "interestIncomeExpense": -73.347,
        "minorityInterest": -2.314,
        "netIncome": 111.077,
        "netIncomeAfterTaxes": 92.807,
        "nonRecurringItems": -0.201,
        "period": "2024-06-30",
        "pretaxIncome": 93.024,
        "provisionforIncomeTaxes": 0.217,
        "revenue": 500.231,
        "sgaExpense": 33.09,
        "totalOperatingExpense": 181.238,
        "totalOtherIncomeExpenseNet": 5.661
      },
      {
        "costOfGoodsSold": 153.413,
        "depreciationAmortization": 154.719,
        "dilutedAverageSharesOutstanding": 670.118,
        "dilutedEPS": -0.03,
        "ebit": 159.324,
        "equityEarningsAffiliates": 22.439,
        "gainLossOnDispositionOfAssets": 0.318,
        "grossIncome": 350.341,
        "interestExpense": 74.565,
        "interestIncomeExpense": -102.251,
        "minorityInterest": -1.936,
        "netIncome": -19.596,
        "netIncomeAfterTaxes": -31.477,
        "nonRecurringItems": -28.947,
        "period": "2024-03-31",
        "pretaxIncome": 40.533,
        "provisionforIncomeTaxes": 72.01,
        "revenue": 503.754,
        "sgaExpense": 36.298,
        "totalOperatingExpense": 191.017,
        "totalOtherIncomeExpenseNet": 12.089
      },
      {
        "costOfGoodsSold": 144.7,
        "depreciationAmortization": 124.282,
        "dilutedAverageSharesOutstanding": 617.124,
        "dilutedEPS": 0.22,
        "ebit": 146.994,
        "equityEarningsAffiliates": 16.657,
        "gainLossOnDispositionOfAssets": 22.6,
        "grossIncome": 306.903,
        "interestExpense": 67.797,
        "interestIncomeExpense": -64.177,
        "minorityInterest": -2.468,
        "netIncome": 135.324,
        "netIncomeAfterTaxes": 125.456,
        "nonRecurringItems": -1.016,
        "period": "2023-12-31",
        "pretaxIncome": 125.281,
        "provisionforIncomeTaxes": -0.175,
        "revenue": 451.603,
        "sgaExpense": 35.627,
        "totalOperatingExpense": 159.909,
        "totalOtherIncomeExpenseNet": 20.88
      },
      {
        "costOfGoodsSold": 138.418,
        "depreciationAmortization": 127.437,
        "dilutedAverageSharesOutstanding": 617.271,
        "dilutedEPS": 0.18,
        "ebit": 146.513,
        "equityEarningsAffiliates": 18.357,
        "gainLossOnDispositionOfAssets": 0,
        "grossIncome": 307.647,
        "interestExpense": 60.424,
        "interestIncomeExpense": -47.199,
        "minorityInterest": -2.551,
        "netIncome": 111.313,
        "netIncomeAfterTaxes": 102.433,
        "nonRecurringItems": 4.813,
        "period": "2023-09-30",
        "pretaxIncome": 101.704,
        "provisionforIncomeTaxes": -0.729,
        "revenue": 446.065,
        "sgaExpense": 33.697,
        "totalOperatingExpense": 161.134,
        "totalOtherIncomeExpenseNet": -2.423
      },
      {
        "costOfGoodsSold": 136.839,
        "depreciationAmortization": 129.245,
        "dilutedAverageSharesOutstanding": 625.058,
        "dilutedEPS": 0.16,
        "ebit": 144.022,
        "equityEarningsAffiliates": 21.647,
        "gainLossOnDispositionOfAssets": 13.17,
        "grossIncome": 306.001,
        "interestExpense": 60.674,
        "interestIncomeExpense": -46.113,
        "minorityInterest": -2.644,
        "netIncome": 100.034,
        "netIncomeAfterTaxes": 87.623,
        "nonRecurringItems": 0,
        "period": "2023-06-30",
        "pretaxIncome": 118.65,
        "provisionforIncomeTaxes": 31.027,
        "revenue": 442.84,
        "sgaExpense": 32.734,
        "totalOperatingExpense": 161.979,
        "totalOtherIncomeExpenseNet": 7.571
      },
      {
        "costOfGoodsSold": 136.761,
        "depreciationAmortization": 126.301,
        "dilutedAverageSharesOutstanding": 618.503,
        "dilutedEPS": 0.46,
        "ebit": 145.081,
        "equityEarningsAffiliates": 26.326,
        "gainLossOnDispositionOfAssets": 39.206,
        "grossIncome": 306.131,
        "interestExpense": 61.306,
        "interestIncomeExpense": 122.666,
        "minorityInterest": -4.013,
        "netIncome": 282.085,
        "netIncomeAfterTaxes": 267.45,
        "nonRecurringItems": -11.806,
        "period": "2023-03-31",
        "pretaxIncome": 298.279,
        "provisionforIncomeTaxes": 30.829,
        "revenue": 442.892,
        "sgaExpense": 34.749,
        "totalOperatingExpense": 161.05,
        "totalOtherIncomeExpenseNet": 3.132
      },
      {
        "costOfGoodsSold": 142.62,
        "depreciationAmortization": 124.676,
        "dilutedAverageSharesOutstanding": 615.861,
        "dilutedEPS": -0.09,
        "ebit": 140.61,
        "equityEarningsAffiliates": 17.333,
        "gainLossOnDispositionOfAssets": 4.221,
        "grossIncome": 297.214,
        "interestExpense": 60.947,
        "interestIncomeExpense": -161.261,
        "minorityInterest": -2.71,
        "netIncome": -56.687,
        "netIncomeAfterTaxes": -64.402,
        "nonRecurringItems": -0.2,
        "period": "2022-12-31",
        "pretaxIncome": -6.652,
        "provisionforIncomeTaxes": 57.75,
        "revenue": 439.834,
        "sgaExpense": 31.928,
        "totalOperatingExpense": 156.604,
        "totalOtherIncomeExpenseNet": 9.978
      },
      {
        "costOfGoodsSold": 130.738,
        "depreciationAmortization": 125.419,
        "dilutedAverageSharesOutstanding": 618.018,
        "dilutedEPS": 0.08,
        "ebit": 147.569,
        "equityEarningsAffiliates": 33.093,
        "gainLossOnDispositionOfAssets": 3.821,
        "grossIncome": 302.665,
        "interestExpense": 52.391,
        "interestIncomeExpense": -127.882,
        "minorityInterest": 1.583,
        "netIncome": 51.065,
        "netIncomeAfterTaxes": 23.278,
        "nonRecurringItems": -7.495,
        "period": "2022-09-30",
        "pretaxIncome": 22.239,
        "provisionforIncomeTaxes": -1.039,
        "revenue": 433.403,
        "sgaExpense": 29.677,
        "totalOperatingExpense": 155.096,
        "totalOtherIncomeExpenseNet": 6.226
      },
      {
        "costOfGoodsSold": 129.929,
        "depreciationAmortization": 124.611,
        "dilutedAverageSharesOutstanding": 615.642,
        "dilutedEPS": -0.21,
        "ebit": 144.677,
        "equityEarningsAffiliates": 47.515,
        "gainLossOnDispositionOfAssets": 2.944,
        "grossIncome": 297.269,
        "interestExpense": 56.466,
        "interestIncomeExpense": -317.933,
        "minorityInterest": 11.226,
        "netIncome": -126.284,
        "netIncomeAfterTaxes": -178.242,
        "nonRecurringItems": -14.476,
        "period": "2022-06-30",
        "pretaxIncome": -178.146,
        "provisionforIncomeTaxes": 0.096,
        "revenue": 427.198,
        "sgaExpense": 27.981,
        "totalOperatingExpense": 152.592,
        "totalOtherIncomeExpenseNet": 6.642
      },
      {
        "costOfGoodsSold": 127.62,
        "depreciationAmortization": 130.294,
        "dilutedAverageSharesOutstanding": 616.293,
        "dilutedEPS": 0.37,
        "ebit": 139.387,
        "equityEarningsAffiliates": 28.943,
        "gainLossOnDispositionOfAssets": 4.193,
        "grossIncome": 299.629,
        "interestExpense": 57.019,
        "interestIncomeExpense": 64.745,
        "minorityInterest": 1.343,
        "netIncome": 230.481,
        "netIncomeAfterTaxes": 207.016,
        "nonRecurringItems": -7.445,
        "period": "2022-03-31",
        "pretaxIncome": 206.863,
        "provisionforIncomeTaxes": -0.153,
        "revenue": 427.249,
        "sgaExpense": 29.948,
        "totalOperatingExpense": 160.242,
        "totalOtherIncomeExpenseNet": 5.983
      },
      {
        "costOfGoodsSold": 133.601,
        "depreciationAmortization": 133.633,
        "dilutedAverageSharesOutstanding": 622.184,
        "dilutedEPS": 0.13,
        "ebit": 128.435,
        "equityEarningsAffiliates": 43.49,
        "gainLossOnDispositionOfAssets": 0,
        "grossIncome": 291.053,
        "interestExpense": 57.479,
        "interestIncomeExpense": -94.826,
        "minorityInterest": -0.268,
        "netIncome": 78.034,
        "netIncomeAfterTaxes": 38.459,
        "nonRecurringItems": -2.643,
        "period": "2021-12-31",
        "pretaxIncome": 38.942,
        "provisionforIncomeTaxes": 0.483,
        "revenue": 424.654,
        "sgaExpense": 28.985,
        "totalOperatingExpense": 162.618,
        "totalOtherIncomeExpenseNet": 7.976
      },
      {
        "costOfGoodsSold": 106.335,
        "depreciationAmortization": 114.238,
        "dilutedAverageSharesOutstanding": 548.766,
        "dilutedEPS": 0.91,
        "ebit": 122.13,
        "equityEarningsAffiliates": 21.564,
        "gainLossOnDispositionOfAssets": 1.975,
        "grossIncome": 262.272,
        "interestExpense": 52.126,
        "interestIncomeExpense": 405.001,
        "minorityInterest": -1.465,
        "netIncome": 497.307,
        "netIncomeAfterTaxes": 487.64,
        "nonRecurringItems": -47.848,
        "period": "2021-09-30",
        "pretaxIncome": 487.954,
        "provisionforIncomeTaxes": 0.314,
        "revenue": 368.607,
        "sgaExpense": 25.904,
        "totalOperatingExpense": 140.142,
        "totalOtherIncomeExpenseNet": 6.696
      },
      {
        "costOfGoodsSold": 89.484,
        "depreciationAmortization": 72.573,
        "dilutedAverageSharesOutstanding": 596.381,
        "dilutedEPS": 0.17,
        "ebit": 102.205,
        "equityEarningsAffiliates": 21.357,
        "gainLossOnDispositionOfAssets": 18.861,
        "grossIncome": 199.532,
        "interestExpense": 46.812,
        "interestIncomeExpense": -22.514,
        "minorityInterest": -0.421,
        "netIncome": 109.475,
        "netIncomeAfterTaxes": 95.761,
        "nonRecurringItems": -3.297,
        "period": "2021-06-30",
        "pretaxIncome": 97.036,
        "provisionforIncomeTaxes": 1.275,
        "revenue": 289.016,
        "sgaExpense": 24.754,
        "totalOperatingExpense": 97.327,
        "totalOtherIncomeExpenseNet": 1.781
      },
      {
        "costOfGoodsSold": 88.491,
        "depreciationAmortization": 74.876,
        "dilutedAverageSharesOutstanding": 432.46,
        "dilutedEPS": 0.3,
        "ebit": 94.463,
        "equityEarningsAffiliates": 21.539,
        "gainLossOnDispositionOfAssets": 10.005,
        "grossIncome": 193.817,
        "interestExpense": 47.716,
        "interestIncomeExpense": 13.369,
        "minorityInterest": -3.483,
        "netIncome": 130.785,
        "netIncomeAfterTaxes": 119.886,
        "nonRecurringItems": 0,
        "period": "2021-03-31",
        "pretaxIncome": 121.194,
        "provisionforIncomeTaxes": 1.308,
        "revenue": 282.308,
        "sgaExpense": 24.478,
        "totalOperatingExpense": 99.354,
        "totalOtherIncomeExpenseNet": 3.357
      },
      {
        "costOfGoodsSold": 91.615,
        "depreciationAmortization": 74.295,
        "dilutedAverageSharesOutstanding": 431.726,
        "dilutedEPS": 0.45,
        "ebit": 82.63,
        "equityEarningsAffiliates": 14.047,
        "gainLossOnDispositionOfAssets": 0.787,
        "grossIncome": 177.826,
        "interestExpense": 45.887,
        "interestIncomeExpense": 104.22,
        "minorityInterest": -0.565,
        "netIncome": 195.952,
        "netIncomeAfterTaxes": 187.752,
        "nonRecurringItems": -3.115,
        "period": "2020-12-31",
        "pretaxIncome": 188.248,
        "provisionforIncomeTaxes": 0.496,
        "revenue": 269.441,
        "sgaExpense": 20.901,
        "totalOperatingExpense": 95.196,
        "totalOtherIncomeExpenseNet": 3.726
      },
      {
        "costOfGoodsSold": 86.014,
        "depreciationAmortization": 71.704,
        "dilutedAverageSharesOutstanding": 429.994,
        "dilutedEPS": -0.1,
        "ebit": 73.279,
        "equityEarningsAffiliates": 22.388,
        "gainLossOnDispositionOfAssets": 0,
        "grossIncome": 173.778,
        "interestExpense": 46.942,
        "interestIncomeExpense": -123.873,
        "minorityInterest": -0.965,
        "netIncome": -44.999,
        "netIncomeAfterTaxes": -59.817,
        "nonRecurringItems": -7.935,
        "period": "2020-09-30",
        "pretaxIncome": -59.429,
        "provisionforIncomeTaxes": 0.388,
        "revenue": 259.792,
        "sgaExpense": 28.795,
        "totalOperatingExpense": 100.499,
        "totalOtherIncomeExpenseNet": -0.9
      },
      {
        "costOfGoodsSold": 80.445,
        "depreciationAmortization": 73.559,
        "dilutedAverageSharesOutstanding": 434.982,
        "dilutedEPS": 1.71,
        "ebit": 62.408,
        "equityEarningsAffiliates": 14.94,
        "gainLossOnDispositionOfAssets": 1.85,
        "grossIncome": 158.471,
        "interestExpense": 48.015,
        "interestIncomeExpense": 669.06,
        "minorityInterest": -0.225,
        "netIncome": 736.965,
        "netIncomeAfterTaxes": 733.178,
        "nonRecurringItems": -0.138,
        "period": "2020-06-30",
        "pretaxIncome": 733.229,
        "provisionforIncomeTaxes": 0.051,
        "revenue": 238.916,
        "sgaExpense": 22.504,
        "totalOperatingExpense": 96.063,
        "totalOtherIncomeExpenseNet": 0.049
      },
      {
        "costOfGoodsSold": 84.895,
        "depreciationAmortization": 69.397,
        "dilutedAverageSharesOutstanding": 431.349,
        "dilutedEPS": 0.19,
        "ebit": 114.435,
        "equityEarningsAffiliates": 24.606,
        "gainLossOnDispositionOfAssets": 3.847,
        "grossIncome": 204.849,
        "interestExpense": 46.06,
        "interestIncomeExpense": -50.726,
        "minorityInterest": -0.289,
        "netIncome": 83.312,
        "netIncomeAfterTaxes": 65.783,
        "nonRecurringItems": -2.974,
        "period": "2020-03-31",
        "pretaxIncome": 65.826,
        "provisionforIncomeTaxes": 0.043,
        "revenue": 289.744,
        "sgaExpense": 21.017,
        "totalOperatingExpense": 90.414,
        "totalOtherIncomeExpenseNet": 1.244
      },
      {
        "costOfGoodsSold": 90.757,
        "depreciationAmortization": 68.439,
        "dilutedAverageSharesOutstanding": 424.238,
        "dilutedEPS": 0.22,
        "ebit": 112.288,
        "equityEarningsAffiliates": 16.52,
        "gainLossOnDispositionOfAssets": 31.836,
        "grossIncome": 205.373,
        "interestExpense": 45.757,
        "interestIncomeExpense": -45.757,
        "minorityInterest": -0.624,
        "netIncome": 92.152,
        "netIncomeAfterTaxes": 93.523,
        "nonRecurringItems": -7.508,
        "period": "2019-12-31",
        "pretaxIncome": 93.786,
        "provisionforIncomeTaxes": 0.263,
        "revenue": 296.13,
        "sgaExpense": 24.646,
        "totalOperatingExpense": 93.085,
        "totalOtherIncomeExpenseNet": 2.927
      },
      {
        "costOfGoodsSold": 80.113,
        "depreciationAmortization": 68.874,
        "dilutedAverageSharesOutstanding": 421.002,
        "dilutedEPS": 0.14,
        "ebit": 110.052,
        "equityEarningsAffiliates": 20.938,
        "gainLossOnDispositionOfAssets": 9.025,
        "grossIncome": 202.758,
        "interestExpense": 43.146,
        "interestIncomeExpense": -43.146,
        "minorityInterest": -1.463,
        "netIncome": 58.394,
        "netIncomeAfterTaxes": 64.515,
        "nonRecurringItems": -19.609,
        "period": "2019-09-30",
        "pretaxIncome": 60.649,
        "provisionforIncomeTaxes": -3.866,
        "revenue": 282.871,
        "sgaExpense": 23.832,
        "totalOperatingExpense": 92.706,
        "totalOtherIncomeExpenseNet": 4.327
      },
      {
        "costOfGoodsSold": 83.146,
        "depreciationAmortization": 69.005,
        "dilutedAverageSharesOutstanding": 420.646,
        "dilutedEPS": 0.2,
        "ebit": 110.089,
        "equityEarningsAffiliates": 35.802,
        "gainLossOnDispositionOfAssets": 14.762,
        "grossIncome": 201.727,
        "interestExpense": 44.097,
        "interestIncomeExpense": -44.097,
        "minorityInterest": -0.36,
        "netIncome": 85.833,
        "netIncomeAfterTaxes": 65.585,
        "nonRecurringItems": -17.451,
        "period": "2019-06-30",
        "pretaxIncome": 65.241,
        "provisionforIncomeTaxes": -0.344,
        "revenue": 284.873,
        "sgaExpense": 22.633,
        "totalOperatingExpense": 91.638,
        "totalOtherIncomeExpenseNet": 1.938
      },
      {
        "costOfGoodsSold": 82.935,
        "depreciationAmortization": 71.561,
        "dilutedAverageSharesOutstanding": 420.763,
        "dilutedEPS": 0.24,
        "ebit": 114.683,
        "equityEarningsAffiliates": 24.978,
        "gainLossOnDispositionOfAssets": 23.595,
        "grossIncome": 212.075,
        "interestExpense": 44.395,
        "interestIncomeExpense": -44.395,
        "minorityInterest": -0.509,
        "netIncome": 101.01,
        "netIncomeAfterTaxes": 91.7,
        "nonRecurringItems": -4.175,
        "period": "2019-03-31",
        "pretaxIncome": 92.33,
        "provisionforIncomeTaxes": 0.63,
        "revenue": 295.01,
        "sgaExpense": 25.831,
        "totalOperatingExpense": 97.392,
        "totalOtherIncomeExpenseNet": 2.622
      },
      {
        "costOfGoodsSold": 80.806,
        "depreciationAmortization": 74.266,
        "dilutedAverageSharesOutstanding": 419.246,
        "dilutedEPS": 0.17,
        "ebit": 107.425,
        "equityEarningsAffiliates": 23.593,
        "gainLossOnDispositionOfAssets": 229.84,
        "grossIncome": 203.395,
        "interestExpense": 42.881,
        "interestIncomeExpense": -42.881,
        "minorityInterest": 0.214,
        "netIncome": 69.467,
        "netIncomeAfterTaxes": 244.815,
        "nonRecurringItems": -45.352,
        "period": "2018-12-31",
        "pretaxIncome": 247.398,
        "provisionforIncomeTaxes": 2.583,
        "revenue": 284.201,
        "sgaExpense": 21.704,
        "totalOperatingExpense": 95.97,
        "totalOtherIncomeExpenseNet": -1.634
      },
      {
        "costOfGoodsSold": 79.829,
        "depreciationAmortization": 74.972,
        "dilutedAverageSharesOutstanding": 419.764,
        "dilutedEPS": 0.19,
        "ebit": 105.542,
        "equityEarningsAffiliates": 21.578,
        "grossIncome": 203.251,
        "interestExpense": 44.081,
        "interestIncomeExpense": -44.081,
        "minorityInterest": -0.567,
        "netIncome": 81.102,
        "netIncomeAfterTaxes": 50.897,
        "nonRecurringItems": -16.098,
        "period": "2018-09-30",
        "pretaxIncome": 50.582,
        "provisionforIncomeTaxes": -0.315,
        "revenue": 283.08,
        "sgaExpense": 22.737,
        "totalOperatingExpense": 97.709,
        "totalOtherIncomeExpenseNet": 5.219
      },
      {
        "costOfGoodsSold": 81.341,
        "depreciationAmortization": 79.76,
        "dilutedAverageSharesOutstanding": 424.253,
        "dilutedEPS": 0.36,
        "ebit": 107.222,
        "equityEarningsAffiliates": 28.657,
        "grossIncome": 212.062,
        "interestExpense": 46.434,
        "interestIncomeExpense": -46.434,
        "minorityInterest": -0.423,
        "netIncome": 150.247,
        "netIncomeAfterTaxes": 41.912,
        "nonRecurringItems": -22.873,
        "period": "2018-06-30",
        "pretaxIncome": 41.192,
        "provisionforIncomeTaxes": -0.72,
        "revenue": 293.403,
        "sgaExpense": 25.08,
        "totalOperatingExpense": 104.84,
        "totalOtherIncomeExpenseNet": 3.277
      },
      {
        "costOfGoodsSold": 86.583,
        "depreciationAmortization": 81.382,
        "dilutedAverageSharesOutstanding": 422.582,
        "dilutedEPS": 0.31,
        "ebit": 111.584,
        "equityEarningsAffiliates": 26.889,
        "grossIncome": 217.495,
        "interestExpense": 49.943,
        "interestIncomeExpense": -49.943,
        "minorityInterest": 0.108,
        "netIncome": 128.892,
        "netIncomeAfterTaxes": 60.122,
        "nonRecurringItems": -7.646,
        "period": "2018-03-31",
        "pretaxIncome": 60.174,
        "provisionforIncomeTaxes": 0.052,
        "revenue": 304.078,
        "sgaExpense": 24.529,
        "totalOperatingExpense": 105.911,
        "totalOtherIncomeExpenseNet": 6.179
      },
      {
        "costOfGoodsSold": 84.575,
        "depreciationAmortization": 85.024,
        "dilutedAverageSharesOutstanding": 423.734,
        "dilutedEPS": 0.17,
        "ebit": 112.137,
        "equityEarningsAffiliates": 28.768,
        "grossIncome": 230.65,
        "interestExpense": 52.126,
        "interestIncomeExpense": -49.317,
        "minorityInterest": 0.33,
        "netIncome": 72.929,
        "netIncomeAfterTaxes": 25.462,
        "nonRecurringItems": -33.051,
        "period": "2017-12-31",
        "pretaxIncome": 25.706,
        "provisionforIncomeTaxes": 0.244,
        "revenue": 315.225,
        "sgaExpense": 33.489,
        "totalOperatingExpense": 118.513,
        "totalOtherIncomeExpenseNet": -4.063
      },
      {
        "costOfGoodsSold": 74.324,
        "depreciationAmortization": 88.443,
        "dilutedAverageSharesOutstanding": 424.311,
        "dilutedEPS": 0.24,
        "ebit": 102.789,
        "equityEarningsAffiliates": 29.051,
        "grossIncome": 220.521,
        "interestExpense": 47.258,
        "interestIncomeExpense": -47.258,
        "minorityInterest": -1.186,
        "netIncome": 101.431,
        "netIncomeAfterTaxes": 52.632,
        "nonRecurringItems": -4.697,
        "period": "2017-09-30",
        "pretaxIncome": 51.935,
        "provisionforIncomeTaxes": -0.697,
        "revenue": 294.845,
        "sgaExpense": 29.289,
        "totalOperatingExpense": 117.732,
        "totalOtherIncomeExpenseNet": 1.101
      },
      {
        "costOfGoodsSold": 76.947,
        "depreciationAmortization": 95.27,
        "dilutedAverageSharesOutstanding": 424.944,
        "dilutedEPS": 0.31,
        "ebit": 95.63,
        "equityEarningsAffiliates": 112.497,
        "grossIncome": 220.229,
        "interestExpense": 46.09,
        "interestIncomeExpense": -46.09,
        "minorityInterest": -11.258,
        "netIncome": 131.214,
        "netIncomeAfterTaxes": 22.294,
        "nonRecurringItems": -29.719,
        "period": "2017-06-30",
        "pretaxIncome": 21.26,
        "provisionforIncomeTaxes": -1.034,
        "revenue": 297.176,
        "sgaExpense": 29.329,
        "totalOperatingExpense": 124.599,
        "totalOtherIncomeExpenseNet": 1.439
      },
      {
        "costOfGoodsSold": 75.282,
        "depreciationAmortization": 92.074,
        "dilutedAverageSharesOutstanding": 424.514,
        "dilutedEPS": 0.15,
        "ebit": 94.254,
        "equityEarningsAffiliates": 28.608,
        "grossIncome": 218.306,
        "interestExpense": 46.482,
        "interestIncomeExpense": -46.482,
        "minorityInterest": -1.482,
        "netIncome": 64.755,
        "netIncomeAfterTaxes": 47.921,
        "nonRecurringItems": -1.617,
        "period": "2017-03-31",
        "pretaxIncome": 47.428,
        "provisionforIncomeTaxes": -0.493,
        "revenue": 293.588,
        "sgaExpense": 31.978,
        "totalOperatingExpense": 124.052,
        "totalOtherIncomeExpenseNet": 1.273
      },
      {
        "costOfGoodsSold": 81.912,
        "depreciationAmortization": 90.884,
        "dilutedAverageSharesOutstanding": 424.134,
        "dilutedEPS": 0.16,
        "ebit": 96.957,
        "equityEarningsAffiliates": 38.09,
        "grossIncome": 215.114,
        "interestExpense": 43.067,
        "interestIncomeExpense": -42.416,
        "minorityInterest": -2.413,
        "netIncome": 66.193,
        "netIncomeAfterTaxes": 31.746,
        "nonRecurringItems": -25.14,
        "period": "2016-12-31",
        "pretaxIncome": 30.999,
        "provisionforIncomeTaxes": -0.747,
        "revenue": 297.026,
        "sgaExpense": 27.273,
        "totalOperatingExpense": 118.157,
        "totalOtherIncomeExpenseNet": 1.598
      },
      {
        "costOfGoodsSold": 73.021,
        "depreciationAmortization": 96.827,
        "dilutedAverageSharesOutstanding": 420.073,
        "dilutedEPS": -0.13,
        "ebit": 86.153,
        "equityEarningsAffiliates": 21.895,
        "grossIncome": 212.055,
        "interestExpense": 46.552,
        "interestIncomeExpense": -46.075,
        "minorityInterest": -1.997,
        "netIncome": -55.602,
        "netIncomeAfterTaxes": -73.214,
        "nonRecurringItems": -55.747,
        "period": "2016-09-30",
        "pretaxIncome": -11.788,
        "provisionforIncomeTaxes": 61.426,
        "revenue": 285.076,
        "sgaExpense": 29.075,
        "totalOperatingExpense": 125.902,
        "totalOtherIncomeExpenseNet": 3.881
      },
      {
        "costOfGoodsSold": 71.742,
        "depreciationAmortization": 82.753,
        "dilutedAverageSharesOutstanding": 424.896,
        "dilutedEPS": 0.46,
        "ebit": 105.88,
        "equityEarningsAffiliates": 163.156,
        "grossIncome": 219.746,
        "interestExpense": 50.479,
        "interestIncomeExpense": -49.835,
        "minorityInterest": -1.437,
        "netIncome": 191.497,
        "netIncomeAfterTaxes": 2.422,
        "nonRecurringItems": -52.213,
        "period": "2016-06-30",
        "pretaxIncome": 2.176,
        "provisionforIncomeTaxes": -0.246,
        "revenue": 291.488,
        "sgaExpense": 31.113,
        "totalOperatingExpense": 113.866,
        "totalOtherIncomeExpenseNet": -1.656
      },
      {
        "costOfGoodsSold": 71.843,
        "depreciationAmortization": 84.856,
        "dilutedAverageSharesOutstanding": 418.017,
        "dilutedEPS": 0.31,
        "ebit": 105.099,
        "equityEarningsAffiliates": 80.732,
        "grossIncome": 225.359,
        "interestExpense": 52.451,
        "interestIncomeExpense": -52.745,
        "minorityInterest": -1.441,
        "netIncome": 128.524,
        "netIncomeAfterTaxes": 34.526,
        "nonRecurringItems": -5.84,
        "period": "2016-03-31",
        "pretaxIncome": 46.638,
        "provisionforIncomeTaxes": 12.112,
        "revenue": 297.202,
        "sgaExpense": 35.404,
        "totalOperatingExpense": 120.26,
        "totalOtherIncomeExpenseNet": 0.124
      },
      {
        "costOfGoodsSold": 80.729,
        "depreciationAmortization": 86.095,
        "dilutedAverageSharesOutstanding": 411.67,
        "dilutedEPS": 0.87,
        "ebit": 99.882,
        "equityEarningsAffiliates": 357.532,
        "grossIncome": 220.141,
        "interestExpense": 56.152,
        "interestIncomeExpense": -55.102,
        "minorityInterest": 0.49,
        "netIncome": 358.064,
        "netIncomeAfterTaxes": -18.415,
        "nonRecurringItems": -17.475,
        "period": "2015-12-31",
        "pretaxIncome": 29.882,
        "provisionforIncomeTaxes": 48.297,
        "revenue": 300.87,
        "sgaExpense": 34.164,
        "totalOperatingExpense": 120.259,
        "totalOtherIncomeExpenseNet": 2.577
      },
      {
        "costOfGoodsSold": 74.399,
        "depreciationAmortization": 103.708,
        "dilutedAverageSharesOutstanding": 412.686,
        "dilutedEPS": 0.15,
        "ebit": 81.045,
        "equityEarningsAffiliates": 28.555,
        "grossIncome": 213.983,
        "interestExpense": 54.031,
        "interestIncomeExpense": -48.339,
        "minorityInterest": -3.512,
        "netIncome": 62.594,
        "netIncomeAfterTaxes": 24.864,
        "nonRecurringItems": -6.058,
        "period": "2015-09-30",
        "pretaxIncome": 27.708,
        "provisionforIncomeTaxes": 2.844,
        "revenue": 288.382,
        "sgaExpense": 29.23,
        "totalOperatingExpense": 132.938,
        "totalOtherIncomeExpenseNet": 1.06
      }
    ],
    "symbol": "KIM"
  }
}