{
  "symbol": "KEYS",
  "statement": "ic",
  "frequency": "quarterly",
  "timestamp": "2025-09-19T14:02:44.906380",
  "data": {
    "financials": [
      {
        "costOfGoodsSold": 518,
        "dilutedAverageSharesOutstanding": 173,
        "dilutedEPS": 1.1041,
        "ebit": 234,
        "grossIncome": 834,
        "interestExpense": 28,
        "interestIncomeExpense": 3,
        "netIncome": 191,
        "netIncomeAfterTaxes": 191,
        "otherOperatingExpensesTotal": -4,
        "period": "2025-07-31",
        "pretaxIncome": 241,
        "provisionforIncomeTaxes": 50,
        "researchDevelopment": 250,
        "revenue": 1352,
        "sgaExpense": 354,
        "totalOperatingExpense": 600,
        "totalOtherIncomeExpenseNet": 4
      },
      {
        "costOfGoodsSold": 492,
        "dilutedAverageSharesOutstanding": 173,
        "dilutedEPS": 1.4856,
        "ebit": 207,
        "grossIncome": 814,
        "interestExpense": 20,
        "interestIncomeExpense": 116,
        "netIncome": 257,
        "netIncomeAfterTaxes": 257,
        "otherOperatingExpensesTotal": -3,
        "period": "2025-04-30",
        "pretaxIncome": 320,
        "provisionforIncomeTaxes": 63,
        "researchDevelopment": 250,
        "revenue": 1306,
        "sgaExpense": 360,
        "totalOperatingExpense": 607,
        "totalOtherIncomeExpenseNet": -3
      },
      {
        "costOfGoodsSold": 478,
        "dilutedAverageSharesOutstanding": 174,
        "dilutedEPS": 0.9713,
        "ebit": 218,
        "grossIncome": 820,
        "interestExpense": 20,
        "interestIncomeExpense": -69,
        "netIncome": 169,
        "netIncomeAfterTaxes": 169,
        "otherOperatingExpensesTotal": -8,
        "period": "2025-01-31",
        "pretaxIncome": 199,
        "provisionforIncomeTaxes": 30,
        "researchDevelopment": 249,
        "revenue": 1298,
        "sgaExpense": 361,
        "totalOperatingExpense": 602,
        "totalOtherIncomeExpenseNet": 50
      },
      {
        "costOfGoodsSold": 485,
        "dilutedAverageSharesOutstanding": 174,
        "dilutedEPS": -0.4195,
        "ebit": 230,
        "grossIncome": 802,
        "interestExpense": 23,
        "interestIncomeExpense": -2,
        "netIncome": -73,
        "netIncomeAfterTaxes": -73,
        "otherOperatingExpensesTotal": -4,
        "period": "2024-10-31",
        "pretaxIncome": 248,
        "provisionforIncomeTaxes": 321,
        "researchDevelopment": 233,
        "revenue": 1287,
        "sgaExpense": 343,
        "totalOperatingExpense": 572,
        "totalOtherIncomeExpenseNet": 20
      },
      {
        "costOfGoodsSold": 462,
        "dilutedAverageSharesOutstanding": 175,
        "dilutedEPS": 2.2229,
        "ebit": 205,
        "grossIncome": 755,
        "interestExpense": 21,
        "interestIncomeExpense": -2,
        "netIncome": 389,
        "netIncomeAfterTaxes": 389,
        "otherOperatingExpensesTotal": -5,
        "period": "2024-07-31",
        "pretaxIncome": 213,
        "provisionforIncomeTaxes": -176,
        "researchDevelopment": 226,
        "revenue": 1217,
        "sgaExpense": 329,
        "totalOperatingExpense": 550,
        "totalOtherIncomeExpenseNet": 10
      },
      {
        "costOfGoodsSold": 453,
        "dilutedAverageSharesOutstanding": 175,
        "dilutedEPS": 0.72,
        "ebit": 177,
        "grossIncome": 763,
        "interestExpense": 20,
        "interestIncomeExpense": -2,
        "netIncome": 126,
        "netIncomeAfterTaxes": 126,
        "otherOperatingExpensesTotal": -3,
        "period": "2024-04-30",
        "pretaxIncome": 175,
        "provisionforIncomeTaxes": 49,
        "researchDevelopment": 228,
        "revenue": 1216,
        "sgaExpense": 361,
        "totalOperatingExpense": 586,
        "totalOtherIncomeExpenseNet": 0
      },
      {
        "costOfGoodsSold": 446,
        "dilutedAverageSharesOutstanding": 176,
        "dilutedEPS": 0.9773,
        "ebit": 221,
        "grossIncome": 813,
        "interestExpense": 20,
        "interestIncomeExpense": 3,
        "netIncome": 172,
        "netIncomeAfterTaxes": 172,
        "otherOperatingExpensesTotal": -2,
        "period": "2024-01-31",
        "pretaxIncome": 229,
        "provisionforIncomeTaxes": 57,
        "researchDevelopment": 232,
        "revenue": 1259,
        "sgaExpense": 362,
        "totalOperatingExpense": 592,
        "totalOtherIncomeExpenseNet": 5
      },
      {
        "costOfGoodsSold": 467,
        "dilutedAverageSharesOutstanding": 179,
        "dilutedEPS": 1.2626,
        "ebit": 317,
        "grossIncome": 844,
        "interestExpense": 20,
        "interestIncomeExpense": 12,
        "netIncome": 226,
        "netIncomeAfterTaxes": 226,
        "otherOperatingExpensesTotal": -4,
        "period": "2023-10-31",
        "pretaxIncome": 276,
        "provisionforIncomeTaxes": 50,
        "researchDevelopment": 218,
        "revenue": 1311,
        "sgaExpense": 313,
        "totalOperatingExpense": 527,
        "totalOtherIncomeExpenseNet": -53
      },
      {
        "costOfGoodsSold": 486,
        "dilutedAverageSharesOutstanding": 179,
        "dilutedEPS": 1.61,
        "ebit": 365,
        "grossIncome": 896,
        "interestExpense": 19,
        "interestIncomeExpense": 10,
        "netIncome": 288,
        "netIncomeAfterTaxes": 288,
        "otherOperatingExpensesTotal": -3,
        "period": "2023-07-31",
        "pretaxIncome": 389,
        "provisionforIncomeTaxes": 101,
        "researchDevelopment": 215,
        "revenue": 1382,
        "sgaExpense": 319,
        "totalOperatingExpense": 531,
        "totalOtherIncomeExpenseNet": 14
      },
      {
        "costOfGoodsSold": 481,
        "dilutedAverageSharesOutstanding": 179,
        "dilutedEPS": 1.58,
        "ebit": 354,
        "grossIncome": 909,
        "interestExpense": 20,
        "interestIncomeExpense": 2,
        "netIncome": 283,
        "netIncomeAfterTaxes": 283,
        "otherOperatingExpensesTotal": -4,
        "period": "2023-04-30",
        "pretaxIncome": 361,
        "provisionforIncomeTaxes": 78,
        "researchDevelopment": 222,
        "revenue": 1390,
        "sgaExpense": 337,
        "totalOperatingExpense": 555,
        "totalOtherIncomeExpenseNet": 5
      },
      {
        "costOfGoodsSold": 498,
        "dilutedAverageSharesOutstanding": 180,
        "dilutedEPS": 1.44,
        "ebit": 322,
        "grossIncome": 883,
        "interestExpense": 19,
        "interestIncomeExpense": 0,
        "netIncome": 260,
        "netIncomeAfterTaxes": 260,
        "otherOperatingExpensesTotal": -4,
        "period": "2023-01-31",
        "pretaxIncome": 331,
        "provisionforIncomeTaxes": 71,
        "researchDevelopment": 227,
        "revenue": 1381,
        "sgaExpense": 338,
        "totalOperatingExpense": 561,
        "totalOtherIncomeExpenseNet": 9
      },
      {
        "costOfGoodsSold": 533,
        "dilutedAverageSharesOutstanding": 182,
        "dilutedEPS": 1.64,
        "ebit": 379,
        "grossIncome": 910,
        "interestExpense": 20,
        "interestIncomeExpense": -10,
        "netIncome": 299,
        "netIncomeAfterTaxes": 299,
        "otherOperatingExpensesTotal": -5,
        "period": "2022-10-31",
        "pretaxIncome": 368,
        "provisionforIncomeTaxes": 69,
        "researchDevelopment": 215,
        "revenue": 1443,
        "sgaExpense": 321,
        "totalOperatingExpense": 531,
        "totalOtherIncomeExpenseNet": -1
      },
      {
        "costOfGoodsSold": 499,
        "dilutedAverageSharesOutstanding": 181,
        "dilutedEPS": 1.87,
        "ebit": 357,
        "grossIncome": 877,
        "interestExpense": 20,
        "interestIncomeExpense": -16,
        "netIncome": 338,
        "netIncomeAfterTaxes": 338,
        "otherOperatingExpensesTotal": -3,
        "period": "2022-07-31",
        "pretaxIncome": 346,
        "provisionforIncomeTaxes": 8,
        "researchDevelopment": 206,
        "revenue": 1376,
        "sgaExpense": 317,
        "totalOperatingExpense": 520,
        "totalOtherIncomeExpenseNet": 5
      },
      {
        "costOfGoodsSold": 492,
        "dilutedAverageSharesOutstanding": 183,
        "dilutedEPS": 1.41,
        "ebit": 327,
        "grossIncome": 859,
        "interestExpense": 19,
        "interestIncomeExpense": -18,
        "netIncome": 258,
        "netIncomeAfterTaxes": 258,
        "otherOperatingExpensesTotal": 3,
        "period": "2022-04-30",
        "pretaxIncome": 307,
        "provisionforIncomeTaxes": 49,
        "researchDevelopment": 210,
        "revenue": 1351,
        "sgaExpense": 319,
        "totalOperatingExpense": 532,
        "totalOtherIncomeExpenseNet": -2
      },
      {
        "costOfGoodsSold": 446,
        "dilutedAverageSharesOutstanding": 184,
        "dilutedEPS": 1.24,
        "ebit": 271,
        "grossIncome": 804,
        "interestExpense": 20,
        "interestIncomeExpense": -19,
        "netIncome": 229,
        "netIncomeAfterTaxes": 229,
        "otherOperatingExpensesTotal": -3,
        "period": "2022-01-31",
        "pretaxIncome": 264,
        "provisionforIncomeTaxes": 35,
        "researchDevelopment": 210,
        "revenue": 1250,
        "sgaExpense": 326,
        "totalOperatingExpense": 533,
        "totalOtherIncomeExpenseNet": 12
      },
      {
        "costOfGoodsSold": 457,
        "dilutedAverageSharesOutstanding": 187,
        "dilutedEPS": 1.51,
        "ebit": 349,
        "grossIncome": 837,
        "interestExpense": 20,
        "interestIncomeExpense": -19,
        "netIncome": 282,
        "netIncomeAfterTaxes": 282,
        "otherOperatingExpensesTotal": -3,
        "period": "2021-10-31",
        "pretaxIncome": 337,
        "provisionforIncomeTaxes": 55,
        "researchDevelopment": 196,
        "revenue": 1294,
        "sgaExpense": 295,
        "totalOperatingExpense": 488,
        "totalOtherIncomeExpenseNet": 7
      },
      {
        "costOfGoodsSold": 458,
        "dilutedAverageSharesOutstanding": 186,
        "dilutedEPS": 1.37,
        "ebit": 284,
        "grossIncome": 788,
        "interestExpense": 20,
        "interestIncomeExpense": -19,
        "netIncome": 254,
        "netIncomeAfterTaxes": 254,
        "otherOperatingExpensesTotal": -5,
        "period": "2021-07-31",
        "pretaxIncome": 270,
        "provisionforIncomeTaxes": 16,
        "researchDevelopment": 207,
        "revenue": 1246,
        "sgaExpense": 302,
        "totalOperatingExpense": 504,
        "totalOtherIncomeExpenseNet": 5
      },
      {
        "costOfGoodsSold": 484,
        "dilutedAverageSharesOutstanding": 187,
        "dilutedEPS": 0.99,
        "ebit": 235,
        "grossIncome": 737,
        "interestExpense": 19,
        "interestIncomeExpense": -19,
        "netIncome": 186,
        "netIncomeAfterTaxes": 186,
        "otherOperatingExpensesTotal": -4,
        "period": "2021-04-30",
        "pretaxIncome": 208,
        "provisionforIncomeTaxes": 22,
        "researchDevelopment": 209,
        "revenue": 1221,
        "sgaExpense": 297,
        "totalOperatingExpense": 502,
        "totalOtherIncomeExpenseNet": -8
      },
      {
        "costOfGoodsSold": 473,
        "dilutedAverageSharesOutstanding": 188,
        "dilutedEPS": 0.91,
        "ebit": 212,
        "grossIncome": 707,
        "interestExpense": 20,
        "interestIncomeExpense": -19,
        "netIncome": 172,
        "netIncomeAfterTaxes": 172,
        "otherOperatingExpensesTotal": -5,
        "period": "2021-01-31",
        "pretaxIncome": 195,
        "provisionforIncomeTaxes": 23,
        "researchDevelopment": 199,
        "revenue": 1180,
        "sgaExpense": 301,
        "totalOperatingExpense": 495,
        "totalOtherIncomeExpenseNet": 2
      },
      {
        "costOfGoodsSold": 464,
        "dilutedAverageSharesOutstanding": 187,
        "dilutedEPS": 1.16,
        "ebit": 278,
        "grossIncome": 756,
        "interestExpense": 19,
        "interestIncomeExpense": -19,
        "netIncome": 217,
        "netIncomeAfterTaxes": 217,
        "nonRecurringItems": 0,
        "otherOperatingExpensesTotal": -2,
        "period": "2020-10-31",
        "pretaxIncome": 266,
        "provisionforIncomeTaxes": 49,
        "researchDevelopment": 193,
        "revenue": 1220,
        "sgaExpense": 287,
        "totalOperatingExpense": 478,
        "totalOtherIncomeExpenseNet": 7
      },
      {
        "costOfGoodsSold": 405,
        "dilutedAverageSharesOutstanding": 190,
        "dilutedEPS": 0.93,
        "ebit": 182,
        "grossIncome": 606,
        "interestExpense": 20,
        "interestIncomeExpense": -19,
        "netIncome": 176,
        "netIncomeAfterTaxes": 176,
        "otherOperatingExpensesTotal": -4,
        "period": "2020-07-31",
        "pretaxIncome": 185,
        "provisionforIncomeTaxes": 9,
        "researchDevelopment": 169,
        "revenue": 1011,
        "sgaExpense": 259,
        "totalOperatingExpense": 424,
        "totalOtherIncomeExpenseNet": 22
      },
      {
        "costOfGoodsSold": 379,
        "dilutedAverageSharesOutstanding": 189,
        "dilutedEPS": 0.38,
        "ebit": 102,
        "grossIncome": 516,
        "interestExpense": 20,
        "interestIncomeExpense": -19,
        "netIncome": 71,
        "netIncomeAfterTaxes": 71,
        "otherOperatingExpensesTotal": -3,
        "period": "2020-04-30",
        "pretaxIncome": 108,
        "provisionforIncomeTaxes": 37,
        "researchDevelopment": 166,
        "revenue": 895,
        "sgaExpense": 251,
        "totalOperatingExpense": 414,
        "totalOtherIncomeExpenseNet": 25
      },
      {
        "costOfGoodsSold": 440,
        "dilutedAverageSharesOutstanding": 191,
        "dilutedEPS": 0.85,
        "ebit": 203,
        "grossIncome": 655,
        "interestExpense": 19,
        "interestIncomeExpense": -13,
        "netIncome": 163,
        "netIncomeAfterTaxes": 163,
        "otherOperatingExpensesTotal": -35,
        "period": "2020-01-31",
        "pretaxIncome": 202,
        "provisionforIncomeTaxes": 39,
        "researchDevelopment": 187,
        "revenue": 1095,
        "sgaExpense": 300,
        "totalOperatingExpense": 452,
        "totalOtherIncomeExpenseNet": 12
      },
      {
        "costOfGoodsSold": 455,
        "dilutedAverageSharesOutstanding": 191,
        "dilutedEPS": 1.02,
        "ebit": 208,
        "grossIncome": 665,
        "interestExpense": 20,
        "interestIncomeExpense": -18,
        "netIncome": 195,
        "netIncomeAfterTaxes": 195,
        "nonRecurringItems": 0,
        "otherOperatingExpensesTotal": -5,
        "period": "2019-10-31",
        "pretaxIncome": 203,
        "provisionforIncomeTaxes": 8,
        "researchDevelopment": 176,
        "revenue": 1120,
        "sgaExpense": 286,
        "totalOperatingExpense": 457,
        "totalOtherIncomeExpenseNet": 13
      },
      {
        "costOfGoodsSold": 444,
        "dilutedAverageSharesOutstanding": 191,
        "dilutedEPS": 0.83,
        "ebit": 197,
        "grossIncome": 643,
        "interestExpense": 20,
        "interestIncomeExpense": -9,
        "netIncome": 159,
        "netIncomeAfterTaxes": 159,
        "otherOperatingExpensesTotal": -3,
        "period": "2019-07-31",
        "pretaxIncome": 199,
        "provisionforIncomeTaxes": 40,
        "researchDevelopment": 168,
        "revenue": 1087,
        "sgaExpense": 281,
        "totalOperatingExpense": 446,
        "totalOtherIncomeExpenseNet": 11
      },
      {
        "costOfGoodsSold": 442,
        "dilutedAverageSharesOutstanding": 191,
        "dilutedEPS": 0.8,
        "ebit": 185,
        "grossIncome": 648,
        "interestExpense": 20,
        "interestIncomeExpense": -16,
        "netIncome": 153,
        "netIncomeAfterTaxes": 153,
        "otherOperatingExpensesTotal": -8,
        "period": "2019-04-30",
        "pretaxIncome": 193,
        "provisionforIncomeTaxes": 40,
        "researchDevelopment": 171,
        "revenue": 1090,
        "sgaExpense": 300,
        "totalOperatingExpense": 463,
        "totalOtherIncomeExpenseNet": 24
      },
      {
        "costOfGoodsSold": 428,
        "dilutedAverageSharesOutstanding": 190,
        "dilutedEPS": 0.6,
        "ebit": 121,
        "grossIncome": 578,
        "interestExpense": 20,
        "interestIncomeExpense": -19,
        "netIncome": 114,
        "netIncomeAfterTaxes": 114,
        "nonRecurringItems": 0,
        "otherOperatingExpensesTotal": -4,
        "period": "2019-01-31",
        "pretaxIncome": 120,
        "provisionforIncomeTaxes": 6,
        "researchDevelopment": 173,
        "revenue": 1006,
        "sgaExpense": 288,
        "totalOperatingExpense": 457,
        "totalOtherIncomeExpenseNet": 18
      },
      {
        "costOfGoodsSold": 471,
        "dilutedAverageSharesOutstanding": 187,
        "dilutedEPS": -0.61,
        "ebit": 92,
        "grossIncome": 576,
        "interestExpense": 20,
        "interestIncomeExpense": -12,
        "netIncome": -114,
        "netIncomeAfterTaxes": -114,
        "nonRecurringItems": -709,
        "otherOperatingExpensesTotal": -15,
        "period": "2018-10-31",
        "pretaxIncome": -584,
        "provisionforIncomeTaxes": -470,
        "researchDevelopment": 171,
        "revenue": 1047,
        "sgaExpense": 328,
        "totalOperatingExpense": 484,
        "totalOtherIncomeExpenseNet": 45
      },
      {
        "costOfGoodsSold": 439,
        "dilutedAverageSharesOutstanding": 191,
        "dilutedEPS": 0.63,
        "ebit": 128,
        "grossIncome": 565,
        "interestExpense": 20,
        "interestIncomeExpense": -17,
        "netIncome": 121,
        "netIncomeAfterTaxes": 115,
        "nonRecurringItems": 0,
        "otherOperatingExpensesTotal": -3,
        "period": "2018-07-31",
        "pretaxIncome": 113,
        "provisionforIncomeTaxes": -2,
        "researchDevelopment": 151,
        "revenue": 1004,
        "sgaExpense": 289,
        "totalOperatingExpense": 437,
        "totalOtherIncomeExpenseNet": 2
      },
      {
        "costOfGoodsSold": 451,
        "dilutedAverageSharesOutstanding": 190,
        "dilutedEPS": 0.33,
        "ebit": 86,
        "grossIncome": 539,
        "interestExpense": 21,
        "interestIncomeExpense": -19,
        "netIncome": 64,
        "netIncomeAfterTaxes": 75,
        "otherOperatingExpensesTotal": -12,
        "period": "2018-04-30",
        "pretaxIncome": 83,
        "provisionforIncomeTaxes": 8,
        "researchDevelopment": 160,
        "revenue": 990,
        "sgaExpense": 305,
        "totalOperatingExpense": 453,
        "totalOtherIncomeExpenseNet": 16
      },
      {
        "costOfGoodsSold": 407,
        "dilutedAverageSharesOutstanding": 189,
        "dilutedEPS": 0.49,
        "ebit": -10,
        "grossIncome": 430,
        "interestExpense": 22,
        "interestIncomeExpense": -18,
        "netIncome": 94,
        "netIncomeAfterTaxes": -21,
        "nonRecurringItems": -7,
        "otherOperatingExpensesTotal": -3,
        "period": "2018-01-31",
        "pretaxIncome": -23,
        "provisionforIncomeTaxes": -2,
        "researchDevelopment": 149,
        "revenue": 837,
        "sgaExpense": 294,
        "totalOperatingExpense": 440,
        "totalOtherIncomeExpenseNet": 12
      },
      {
        "costOfGoodsSold": 409,
        "dilutedAverageSharesOutstanding": 186,
        "dilutedEPS": -0.2,
        "ebit": -52,
        "grossIncome": 469,
        "interestExpense": 22,
        "interestIncomeExpense": -19,
        "netIncome": -38,
        "netIncomeAfterTaxes": -38,
        "otherOperatingExpensesTotal": 70,
        "period": "2017-10-31",
        "pretaxIncome": 30,
        "provisionforIncomeTaxes": 68,
        "researchDevelopment": 148,
        "revenue": 878,
        "sgaExpense": 303,
        "totalOperatingExpense": 521,
        "totalOtherIncomeExpenseNet": 101
      },
      {
        "costOfGoodsSold": 420,
        "dilutedAverageSharesOutstanding": 186,
        "dilutedEPS": -0.1,
        "ebit": 11,
        "grossIncome": 412,
        "interestExpense": 22,
        "interestIncomeExpense": -17,
        "netIncome": -18,
        "netIncomeAfterTaxes": -18,
        "nonRecurringItems": -15,
        "otherOperatingExpensesTotal": -4,
        "period": "2017-07-31",
        "pretaxIncome": -25,
        "provisionforIncomeTaxes": -7,
        "researchDevelopment": 131,
        "revenue": 832,
        "sgaExpense": 274,
        "totalOperatingExpense": 401,
        "totalOtherIncomeExpenseNet": -4
      },
      {
        "costOfGoodsSold": 340,
        "dilutedAverageSharesOutstanding": 179,
        "dilutedEPS": 0.27,
        "ebit": 67,
        "grossIncome": 413,
        "interestExpense": 24,
        "interestIncomeExpense": -22,
        "netIncome": 49,
        "netIncomeAfterTaxes": 49,
        "nonRecurringItems": -25,
        "otherOperatingExpensesTotal": -13,
        "period": "2017-04-30",
        "pretaxIncome": 22,
        "provisionforIncomeTaxes": -27,
        "researchDevelopment": 118,
        "revenue": 753,
        "sgaExpense": 241,
        "totalOperatingExpense": 346,
        "totalOtherIncomeExpenseNet": 2
      },
      {
        "costOfGoodsSold": 321,
        "dilutedAverageSharesOutstanding": 173,
        "dilutedEPS": 0.63,
        "ebit": 164,
        "grossIncome": 405,
        "interestExpense": 12,
        "interestIncomeExpense": -9,
        "netIncome": 109,
        "netIncomeAfterTaxes": 109,
        "nonRecurringItems": -2,
        "otherOperatingExpensesTotal": -79,
        "period": "2017-01-31",
        "pretaxIncome": 152,
        "provisionforIncomeTaxes": 43,
        "researchDevelopment": 108,
        "revenue": 726,
        "sgaExpense": 212,
        "totalOperatingExpense": 241,
        "totalOtherIncomeExpenseNet": -1
      },
      {
        "costOfGoodsSold": 331,
        "dilutedAverageSharesOutstanding": 172,
        "dilutedEPS": 0.53,
        "ebit": 107,
        "grossIncome": 420,
        "interestExpense": 12,
        "interestIncomeExpense": -11,
        "netIncome": 92,
        "netIncomeAfterTaxes": 92,
        "nonRecurringItems": 0,
        "otherOperatingExpensesTotal": -3,
        "period": "2016-10-31",
        "pretaxIncome": 98,
        "provisionforIncomeTaxes": 6,
        "researchDevelopment": 105,
        "revenue": 751,
        "sgaExpense": 211,
        "totalOperatingExpense": 313,
        "totalOtherIncomeExpenseNet": 2
      },
      {
        "costOfGoodsSold": 309,
        "dilutedAverageSharesOutstanding": 172,
        "dilutedEPS": 0.53,
        "ebit": 106,
        "grossIncome": 406,
        "interestExpense": 11,
        "interestIncomeExpense": -16,
        "netIncome": 91,
        "netIncomeAfterTaxes": 91,
        "otherOperatingExpensesTotal": -4,
        "period": "2016-07-31",
        "pretaxIncome": 97,
        "provisionforIncomeTaxes": 6,
        "researchDevelopment": 104,
        "revenue": 715,
        "sgaExpense": 200,
        "totalOperatingExpense": 300,
        "totalOtherIncomeExpenseNet": 7
      },
      {
        "costOfGoodsSold": 325,
        "dilutedAverageSharesOutstanding": 172,
        "dilutedEPS": 0.51,
        "ebit": 95,
        "grossIncome": 406,
        "interestExpense": 12,
        "interestIncomeExpense": -12,
        "netIncome": 88,
        "netIncomeAfterTaxes": 88,
        "otherOperatingExpensesTotal": -4,
        "period": "2016-04-30",
        "pretaxIncome": 87,
        "provisionforIncomeTaxes": -1,
        "researchDevelopment": 108,
        "revenue": 731,
        "sgaExpense": 207,
        "totalOperatingExpense": 311,
        "totalOtherIncomeExpenseNet": 4
      },
      {
        "costOfGoodsSold": 329,
        "dilutedAverageSharesOutstanding": 172,
        "dilutedEPS": 0.37,
        "ebit": 98,
        "grossIncome": 392,
        "interestExpense": 12,
        "interestIncomeExpense": -13,
        "netIncome": 64,
        "netIncomeAfterTaxes": 64,
        "otherOperatingExpensesTotal": -14,
        "period": "2016-01-31",
        "pretaxIncome": 84,
        "provisionforIncomeTaxes": 20,
        "researchDevelopment": 108,
        "revenue": 721,
        "sgaExpense": 200,
        "totalOperatingExpense": 294,
        "totalOtherIncomeExpenseNet": -1
      },
      {
        "costOfGoodsSold": 335,
        "dilutedAverageSharesOutstanding": 171,
        "dilutedEPS": 1.62,
        "ebit": 99,
        "grossIncome": 415,
        "interestExpense": 11,
        "interestIncomeExpense": -11,
        "netIncome": 277,
        "netIncomeAfterTaxes": 277,
        "nonRecurringItems": 12,
        "otherOperatingExpensesTotal": -4,
        "period": "2015-10-31",
        "pretaxIncome": 101,
        "provisionforIncomeTaxes": -176,
        "researchDevelopment": 106,
        "revenue": 750,
        "sgaExpense": 214,
        "totalOperatingExpense": 316,
        "totalOtherIncomeExpenseNet": 1
      }
    ],
    "symbol": "KEYS"
  }
}