{
  "symbol": "T",
  "statement": "ic",
  "frequency": "annual",
  "timestamp": "2025-09-19T13:56:22.346873",
  "data": {
    "financials": [
      {
        "costOfGoodsSold": 49221,
        "depreciationAmortization": 20580,
        "dilutedAverageSharesOutstanding": 7204,
        "dilutedEPS": 1.49,
        "ebit": 24138,
        "grossIncome": 73115,
        "interestExpense": 6759,
        "interestIncomeExpense": -4509,
        "minorityInterest": -1305,
        "netIncome": 10746,
        "netIncomeAfterTaxes": 12253,
        "nonRecurringItems": -5089,
        "period": "2024-12-31",
        "pretaxIncome": 16698,
        "provisionforIncomeTaxes": 4445,
        "revenue": 122336,
        "sgaExpense": 28397,
        "totalOperatingExpense": 48977,
        "totalOtherIncomeExpenseNet": 2158,
        "year": 2024
      },
      {
        "costOfGoodsSold": 50123,
        "depreciationAmortization": 18777,
        "dilutedAverageSharesOutstanding": 7258,
        "dilutedEPS": 1.97,
        "ebit": 24670,
        "grossIncome": 72305,
        "interestExpense": 6704,
        "interestIncomeExpense": -4861,
        "minorityInterest": -1223,
        "netIncome": 14192,
        "netIncomeAfterTaxes": 15623,
        "nonRecurringItems": -1209,
        "period": "2023-12-31",
        "pretaxIncome": 19848,
        "provisionforIncomeTaxes": 4225,
        "revenue": 122428,
        "sgaExpense": 28858,
        "totalOperatingExpense": 47635,
        "totalOtherIncomeExpenseNet": 1248,
        "year": 2023
      },
      {
        "costOfGoodsSold": 50848,
        "depreciationAmortization": 18021,
        "dilutedAverageSharesOutstanding": 7166,
        "dilutedEPS": -1.21,
        "ebit": 22932,
        "grossIncome": 69893,
        "interestExpense": 6108,
        "interestIncomeExpense": -4546,
        "minorityInterest": -1469,
        "netIncome": -8727,
        "netIncomeAfterTaxes": -6874,
        "nonRecurringItems": -27519,
        "period": "2022-12-31",
        "pretaxIncome": -3094,
        "provisionforIncomeTaxes": 3780,
        "revenue": 120741,
        "sgaExpense": 28940,
        "totalOperatingExpense": 46961,
        "totalOtherIncomeExpenseNet": 6039,
        "year": 2022
      },
      {
        "costOfGoodsSold": 60407,
        "depreciationAmortization": 17852,
        "dilutedAverageSharesOutstanding": 7503,
        "dilutedEPS": 2.64,
        "ebit": 26020,
        "grossIncome": 73631,
        "interestExpense": 6716,
        "interestIncomeExpense": -5815,
        "minorityInterest": -1398,
        "netIncome": 19874,
        "netIncomeAfterTaxes": 23776,
        "nonRecurringItems": -123,
        "period": "2021-12-31",
        "pretaxIncome": 29171,
        "provisionforIncomeTaxes": 5395,
        "revenue": 134038,
        "sgaExpense": 29759,
        "totalOperatingExpense": 47611,
        "totalOtherIncomeExpenseNet": 9089,
        "year": 2021
      },
      {
        "costOfGoodsSold": 65651,
        "depreciationAmortization": 22523,
        "dilutedAverageSharesOutstanding": 7157,
        "dilutedEPS": -0.75,
        "ebit": 23123,
        "grossIncome": 77399,
        "interestExpense": 7727,
        "interestIncomeExpense": -7442,
        "minorityInterest": -1355,
        "netIncome": -5369,
        "netIncomeAfterTaxes": -1522,
        "nonRecurringItems": -14751,
        "period": "2020-12-31",
        "pretaxIncome": -354,
        "provisionforIncomeTaxes": 1168,
        "revenue": 143050,
        "sgaExpense": 31753,
        "totalOperatingExpense": 54276,
        "totalOtherIncomeExpenseNet": -1284,
        "year": 2020
      },
      {
        "costOfGoodsSold": 84141,
        "depreciationAmortization": 28217,
        "dilutedAverageSharesOutstanding": 7348,
        "dilutedEPS": 1.89,
        "ebit": 29345,
        "grossIncome": 97052,
        "interestExpense": 8422,
        "interestIncomeExpense": -8215,
        "minorityInterest": -1072,
        "netIncome": 13900,
        "netIncomeAfterTaxes": 14975,
        "nonRecurringItems": -1390,
        "period": "2019-12-31",
        "pretaxIncome": 18468,
        "provisionforIncomeTaxes": 3493,
        "revenue": 181193,
        "sgaExpense": 39490,
        "totalOperatingExpense": 67707,
        "totalOtherIncomeExpenseNet": -1272,
        "year": 2019
      },
      {
        "costOfGoodsSold": 79419,
        "depreciationAmortization": 28430,
        "dilutedAverageSharesOutstanding": 6806,
        "dilutedEPS": 2.84,
        "ebit": 26229,
        "grossIncome": 91337,
        "interestExpense": 7957,
        "interestIncomeExpense": -8185,
        "minorityInterest": -583,
        "netIncome": 19370,
        "netIncomeAfterTaxes": 19235,
        "nonRecurringItems": 693,
        "period": "2018-12-31",
        "pretaxIncome": 24873,
        "provisionforIncomeTaxes": 5638,
        "revenue": 170756,
        "sgaExpense": 36678,
        "totalOperatingExpense": 65108,
        "totalOtherIncomeExpenseNet": 6136,
        "year": 2018
      },
      {
        "costOfGoodsSold": 77810,
        "depreciationAmortization": 24387,
        "dilutedAverageSharesOutstanding": 6183,
        "dilutedEPS": 4.76,
        "ebit": 23059,
        "grossIncome": 82736,
        "interestExpense": 6300,
        "interestIncomeExpense": -6405,
        "minorityInterest": -397,
        "netIncome": 29450,
        "netIncomeAfterTaxes": 9576,
        "nonRecurringItems": -3089,
        "period": "2017-12-31",
        "pretaxIncome": 15139,
        "provisionforIncomeTaxes": 5563,
        "revenue": 160546,
        "sgaExpense": 35290,
        "totalOperatingExpense": 59677,
        "totalOtherIncomeExpenseNet": 1574,
        "year": 2017
      },
      {
        "costOfGoodsSold": 76884,
        "depreciationAmortization": 25847,
        "dilutedAverageSharesOutstanding": 6189,
        "dilutedEPS": 2.1,
        "ebit": 24745,
        "gainLossOnDispositionOfAssets": 184,
        "grossIncome": 86902,
        "interestExpense": 4910,
        "interestIncomeExpense": -4694,
        "minorityInterest": -357,
        "netIncome": 12976,
        "netIncomeAfterTaxes": 13333,
        "nonRecurringItems": -398,
        "period": "2016-12-31",
        "pretaxIncome": 19812,
        "provisionforIncomeTaxes": 6479,
        "revenue": 163786,
        "sgaExpense": 36310,
        "totalOperatingExpense": 62157,
        "totalOtherIncomeExpenseNet": -25,
        "year": 2016
      },
      {
        "costOfGoodsSold": 67046,
        "depreciationAmortization": 22016,
        "dilutedAverageSharesOutstanding": 5646,
        "dilutedEPS": 2.37,
        "ebit": 24785,
        "grossIncome": 79755,
        "interestExpense": 4120,
        "interestIncomeExpense": -4041,
        "minorityInterest": -342,
        "netIncome": 13345,
        "netIncomeAfterTaxes": 13687,
        "nonRecurringItems": 0,
        "period": "2015-12-31",
        "pretaxIncome": 20692,
        "provisionforIncomeTaxes": 7005,
        "revenue": 146801,
        "sgaExpense": 32954,
        "totalOperatingExpense": 54970,
        "totalOtherIncomeExpenseNet": -52,
        "year": 2015
      }
    ],
    "symbol": "T"
  }
}