{
  "symbol": "NCLH",
  "statement": "ic",
  "frequency": "quarterly",
  "timestamp": "2025-09-19T14:04:48.590661",
  "data": {
    "financials": [
      {
        "costOfGoodsSold": 1456.847,
        "depreciationAmortization": 243.76,
        "dilutedAverageSharesOutstanding": 448.0331,
        "dilutedEPS": 0.0669,
        "ebit": 423.836,
        "grossIncome": 1060.65,
        "interestExpense": 168.347,
        "interestIncomeExpense": -168.347,
        "netIncome": 29.992,
        "netIncomeAfterTaxes": 29.992,
        "nonRecurringItems": -68.435,
        "period": "2025-06-30",
        "pretaxIncome": 30.629,
        "provisionforIncomeTaxes": 0.637,
        "revenue": 2517.497,
        "sgaExpense": 393.054,
        "totalOperatingExpense": 636.814,
        "totalOtherIncomeExpenseNet": -156.425
      },
      {
        "costOfGoodsSold": 1303.938,
        "depreciationAmortization": 231.297,
        "dilutedAverageSharesOutstanding": 441.1472,
        "dilutedEPS": -0.0913,
        "ebit": 200.942,
        "grossIncome": 823.615,
        "interestExpense": 168.33,
        "interestIncomeExpense": -190.83,
        "netIncome": -40.295,
        "netIncomeAfterTaxes": -40.295,
        "nonRecurringItems": -49.542,
        "period": "2025-03-31",
        "pretaxIncome": -41.435,
        "provisionforIncomeTaxes": -1.14,
        "revenue": 2127.553,
        "sgaExpense": 391.376,
        "totalOperatingExpense": 622.673,
        "totalOtherIncomeExpenseNet": -2.005
      },
      {
        "costOfGoodsSold": 1307.579,
        "depreciationAmortization": 226.48,
        "dilutedAverageSharesOutstanding": 518.1161,
        "dilutedEPS": 0.4913,
        "ebit": 214.741,
        "grossIncome": 801.787,
        "interestExpense": 175.358,
        "interestIncomeExpense": -105.558,
        "netIncome": 254.536,
        "netIncomeAfterTaxes": 254.536,
        "nonRecurringItems": 0,
        "period": "2024-12-31",
        "pretaxIncome": 107.72,
        "provisionforIncomeTaxes": -146.816,
        "revenue": 2109.366,
        "sgaExpense": 360.566,
        "totalOperatingExpense": 587.046,
        "totalOtherIncomeExpenseNet": -1.463
      },
      {
        "costOfGoodsSold": 1538.939,
        "depreciationAmortization": 218.428,
        "dilutedAverageSharesOutstanding": 514.8789,
        "dilutedEPS": 0.9224,
        "ebit": 691.21,
        "grossIncome": 1267.639,
        "interestExpense": 175.041,
        "interestIncomeExpense": -207.141,
        "netIncome": 474.932,
        "netIncomeAfterTaxes": 474.932,
        "nonRecurringItems": -0.175,
        "period": "2024-09-30",
        "pretaxIncome": 481.848,
        "provisionforIncomeTaxes": 6.916,
        "revenue": 2806.578,
        "sgaExpense": 358.001,
        "totalOperatingExpense": 576.429,
        "totalOtherIncomeExpenseNet": -2.046
      },
      {
        "costOfGoodsSold": 1454.755,
        "depreciationAmortization": 222.405,
        "dilutedAverageSharesOutstanding": 513.5897,
        "dilutedEPS": 0.3182,
        "ebit": 341.561,
        "grossIncome": 917.737,
        "interestExpense": 178.472,
        "interestIncomeExpense": -176.172,
        "netIncome": 163.436,
        "netIncomeAfterTaxes": 163.436,
        "nonRecurringItems": 0,
        "period": "2024-06-30",
        "pretaxIncome": 164.985,
        "provisionforIncomeTaxes": 1.549,
        "revenue": 2372.492,
        "sgaExpense": 353.771,
        "totalOperatingExpense": 576.176,
        "totalOtherIncomeExpenseNet": -0.404
      },
      {
        "costOfGoodsSold": 1387.423,
        "depreciationAmortization": 222.929,
        "dilutedAverageSharesOutstanding": 431.0192,
        "dilutedEPS": 0.0403,
        "ebit": 218.394,
        "grossIncome": 803.792,
        "interestExpense": 189.177,
        "interestIncomeExpense": -175.877,
        "netIncome": 17.353,
        "netIncomeAfterTaxes": 17.353,
        "nonRecurringItems": -29,
        "period": "2024-03-31",
        "pretaxIncome": 18.354,
        "provisionforIncomeTaxes": 1.001,
        "revenue": 2191.215,
        "sgaExpense": 362.469,
        "totalOperatingExpense": 585.398,
        "totalOtherIncomeExpenseNet": 4.837
      },
      {
        "costOfGoodsSold": 1321.813,
        "depreciationAmortization": 212.055,
        "dilutedAverageSharesOutstanding": 425.4373,
        "dilutedEPS": -0.2503,
        "ebit": 124.33,
        "grossIncome": 664.643,
        "interestExpense": 185.406,
        "interestIncomeExpense": -209.906,
        "netIncome": -106.485,
        "netIncomeAfterTaxes": -106.485,
        "nonRecurringItems": -11.975,
        "period": "2023-12-31",
        "pretaxIncome": -108.317,
        "provisionforIncomeTaxes": -1.832,
        "revenue": 1986.456,
        "sgaExpense": 328.258,
        "totalOperatingExpense": 540.313,
        "totalOtherIncomeExpenseNet": -10.766
      },
      {
        "costOfGoodsSold": 1482.7,
        "depreciationAmortization": 204.6,
        "dilutedAverageSharesOutstanding": 511.6,
        "dilutedEPS": 0.68,
        "ebit": 523.3,
        "grossIncome": 1053.3,
        "interestExpense": 181.201,
        "interestIncomeExpense": -181.2,
        "netIncome": 345.9,
        "netIncomeAfterTaxes": 345.9,
        "nonRecurringItems": 0,
        "period": "2023-09-30",
        "pretaxIncome": 354.2,
        "provisionforIncomeTaxes": 8.3,
        "revenue": 2536,
        "sgaExpense": 325.4,
        "totalOperatingExpense": 530,
        "totalOtherIncomeExpenseNet": 12.1
      },
      {
        "costOfGoodsSold": 1383.6,
        "depreciationAmortization": 197.1,
        "dilutedAverageSharesOutstanding": 461.1,
        "dilutedEPS": 0.19,
        "ebit": 272.5,
        "grossIncome": 821.9,
        "interestExpense": 176.973,
        "interestIncomeExpense": -177,
        "netIncome": 86.1,
        "netIncomeAfterTaxes": 86.1,
        "nonRecurringItems": -0.7,
        "period": "2023-06-30",
        "pretaxIncome": 86.8,
        "provisionforIncomeTaxes": 0.7,
        "revenue": 2205.5,
        "sgaExpense": 352.2,
        "totalOperatingExpense": 549.4,
        "totalOtherIncomeExpenseNet": -8
      },
      {
        "costOfGoodsSold": 1280.4,
        "depreciationAmortization": 194.8,
        "dilutedAverageSharesOutstanding": 422.7,
        "dilutedEPS": -0.38,
        "ebit": 10.7,
        "grossIncome": 541.5,
        "interestExpense": 168.823,
        "interestIncomeExpense": -177.5,
        "netIncome": -159.3,
        "netIncomeAfterTaxes": -159.3,
        "nonRecurringItems": -2.4,
        "period": "2023-03-31",
        "pretaxIncome": -169.5,
        "provisionforIncomeTaxes": -10.2,
        "revenue": 1821.9,
        "sgaExpense": 336,
        "totalOperatingExpense": 530.9,
        "totalOtherIncomeExpenseNet": -0.3
      },
      {
        "costOfGoodsSold": 1219.5,
        "depreciationAmortization": 202.1,
        "dilutedAverageSharesOutstanding": 421.4,
        "dilutedEPS": -1.14,
        "ebit": -268.8,
        "grossIncome": 299.7,
        "interestExpense": 172.179,
        "interestIncomeExpense": -172.2,
        "netIncome": -482.5,
        "netIncomeAfterTaxes": -482.5,
        "nonRecurringItems": -17.1,
        "period": "2022-12-31",
        "pretaxIncome": -482.1,
        "provisionforIncomeTaxes": 0.4,
        "revenue": 1519.1,
        "sgaExpense": 366.4,
        "totalOperatingExpense": 568.4,
        "totalOtherIncomeExpenseNet": -24
      },
      {
        "costOfGoodsSold": 1238.9,
        "depreciationAmortization": 186.6,
        "dilutedAverageSharesOutstanding": 420.8,
        "dilutedEPS": -0.7,
        "ebit": -185.2,
        "grossIncome": 376.6,
        "interestExpense": 152.33,
        "interestIncomeExpense": -152.3,
        "netIncome": -295.4,
        "netIncomeAfterTaxes": -295.4,
        "nonRecurringItems": 0,
        "period": "2022-09-30",
        "pretaxIncome": -306.1,
        "provisionforIncomeTaxes": -10.7,
        "revenue": 1615.5,
        "sgaExpense": 375.3,
        "totalOperatingExpense": 561.8,
        "totalOtherIncomeExpenseNet": 31.5
      },
      {
        "costOfGoodsSold": 1073.3,
        "depreciationAmortization": 181.6,
        "dilutedAverageSharesOutstanding": 419.1,
        "dilutedEPS": -1.22,
        "ebit": -396.8,
        "grossIncome": 113.9,
        "interestExpense": 144.377,
        "interestIncomeExpense": -144.4,
        "netIncome": -509.3,
        "netIncomeAfterTaxes": -509.3,
        "nonRecurringItems": 0,
        "period": "2022-06-30",
        "pretaxIncome": -510.2,
        "provisionforIncomeTaxes": -0.9,
        "revenue": 1187.2,
        "sgaExpense": 329.1,
        "totalOperatingExpense": 510.7,
        "totalOtherIncomeExpenseNet": 31
      },
      {
        "costOfGoodsSold": 735.4,
        "depreciationAmortization": 179.1,
        "dilutedAverageSharesOutstanding": 417.7,
        "dilutedEPS": -2.35,
        "ebit": -688.8,
        "grossIncome": -213.5,
        "interestExpense": 139.252,
        "interestIncomeExpense": -139.3,
        "netIncome": -982.7,
        "netIncomeAfterTaxes": -982.7,
        "nonRecurringItems": -188.4,
        "period": "2022-03-31",
        "pretaxIncome": -978.3,
        "provisionforIncomeTaxes": 4.4,
        "revenue": 521.9,
        "sgaExpense": 296.2,
        "totalOperatingExpense": 475.3,
        "totalOtherIncomeExpenseNet": 38.1
      },
      {
        "costOfGoodsSold": 717.7,
        "depreciationAmortization": 183,
        "dilutedAverageSharesOutstanding": 392,
        "dilutedEPS": -4.01,
        "ebit": -686.9,
        "grossIncome": -230.3,
        "interestExpense": 178.433,
        "interestIncomeExpense": -178.4,
        "netIncome": -1572.7,
        "netIncomeAfterTaxes": -1572.7,
        "nonRecurringItems": -771.6,
        "period": "2021-12-31",
        "pretaxIncome": -1570.4,
        "provisionforIncomeTaxes": 2.3,
        "revenue": 487.4,
        "sgaExpense": 273.6,
        "totalOperatingExpense": 456.6,
        "totalOtherIncomeExpenseNet": 66.5
      },
      {
        "costOfGoodsSold": 439.8,
        "depreciationAmortization": 173.3,
        "dilutedAverageSharesOutstanding": 370,
        "dilutedEPS": -2.29,
        "ebit": -689.1,
        "grossIncome": -286.7,
        "interestExpense": 157.643,
        "interestIncomeExpense": -157.6,
        "netIncome": -845.9,
        "netIncomeAfterTaxes": -845.9,
        "nonRecurringItems": -3.6,
        "period": "2021-09-30",
        "pretaxIncome": -845.6,
        "provisionforIncomeTaxes": 0.3,
        "revenue": 153.1,
        "sgaExpense": 229.1,
        "totalOperatingExpense": 402.3,
        "totalOtherIncomeExpenseNet": 4.7
      },
      {
        "costOfGoodsSold": 249.7,
        "depreciationAmortization": 174.3,
        "dilutedAverageSharesOutstanding": 369.9,
        "dilutedEPS": -1.94,
        "ebit": -605.1,
        "grossIncome": -245.4,
        "interestExpense": 157.614,
        "interestIncomeExpense": -157.6,
        "netIncome": -717.8,
        "netIncomeAfterTaxes": -717.8,
        "nonRecurringItems": 20.4,
        "period": "2021-06-30",
        "pretaxIncome": -716.9,
        "provisionforIncomeTaxes": 0.9,
        "revenue": 4.4,
        "sgaExpense": 185.5,
        "totalOperatingExpense": 359.8,
        "totalOtherIncomeExpenseNet": 25.5
      },
      {
        "costOfGoodsSold": 200.9,
        "depreciationAmortization": 170.3,
        "dilutedAverageSharesOutstanding": 329.4,
        "dilutedEPS": -4.16,
        "ebit": -571.3,
        "grossIncome": -197.8,
        "interestExpense": 150.422,
        "interestIncomeExpense": -150.4,
        "netIncome": -1370.2,
        "netIncomeAfterTaxes": -1370.2,
        "nonRecurringItems": -674,
        "period": "2021-03-31",
        "pretaxIncome": -1368.5,
        "provisionforIncomeTaxes": 1.7,
        "revenue": 3.1,
        "sgaExpense": 203.2,
        "totalOperatingExpense": 373.5,
        "totalOtherIncomeExpenseNet": 27.2
      },
      {
        "costOfGoodsSold": 207,
        "depreciationAmortization": 162.9,
        "dilutedAverageSharesOutstanding": 294.2,
        "dilutedEPS": -2.51,
        "ebit": -546.9,
        "grossIncome": -197.4,
        "interestExpense": 103.615,
        "interestIncomeExpense": -103.6,
        "netIncome": -738.9,
        "netIncomeAfterTaxes": -738.9,
        "nonRecurringItems": -55.6,
        "period": "2020-12-31",
        "pretaxIncome": -707.4,
        "provisionforIncomeTaxes": 31.5,
        "revenue": 9.6,
        "sgaExpense": 186.6,
        "totalOperatingExpense": 349.4,
        "totalOtherIncomeExpenseNet": -1.3
      },
      {
        "costOfGoodsSold": 190.2,
        "depreciationAmortization": 177.5,
        "dilutedAverageSharesOutstanding": 271.4,
        "dilutedEPS": -2.5,
        "ebit": -517.7,
        "grossIncome": -183.6,
        "interestExpense": 146.3,
        "interestIncomeExpense": -146.3,
        "netIncome": -677.4,
        "netIncomeAfterTaxes": -677.4,
        "nonRecurringItems": 6.6,
        "period": "2020-09-30",
        "pretaxIncome": -681.1,
        "provisionforIncomeTaxes": -3.8,
        "revenue": 6.5,
        "sgaExpense": 156.7,
        "totalOperatingExpense": 334.1,
        "totalOtherIncomeExpenseNet": -23.7
      },
      {
        "costOfGoodsSold": 301.7,
        "depreciationAmortization": 179.3,
        "dilutedAverageSharesOutstanding": 239.3,
        "dilutedEPS": -2.99,
        "ebit": -595.5,
        "grossIncome": -284.7,
        "interestExpense": 135.696,
        "interestIncomeExpense": -135.7,
        "netIncome": -715.2,
        "netIncomeAfterTaxes": -715.2,
        "nonRecurringItems": 21.2,
        "period": "2020-06-30",
        "pretaxIncome": -724.4,
        "provisionforIncomeTaxes": -9.1,
        "revenue": 16.9,
        "sgaExpense": 131.4,
        "totalOperatingExpense": 310.7,
        "totalOtherIncomeExpenseNet": -14.4
      },
      {
        "costOfGoodsSold": 994.3,
        "depreciationAmortization": 198.2,
        "dilutedAverageSharesOutstanding": 213.6,
        "dilutedEPS": -8.8,
        "ebit": -216.3,
        "grossIncome": 252.6,
        "interestExpense": 68.907,
        "interestIncomeExpense": -68.9,
        "netIncome": -1881,
        "netIncomeAfterTaxes": -1881,
        "nonRecurringItems": -1607.8,
        "period": "2020-03-31",
        "pretaxIncome": -1887.1,
        "provisionforIncomeTaxes": -6.2,
        "revenue": 1246.9,
        "sgaExpense": 270.7,
        "totalOperatingExpense": 468.8,
        "totalOtherIncomeExpenseNet": 5.8
      },
      {
        "costOfGoodsSold": 887.4,
        "depreciationAmortization": 164,
        "dilutedAverageSharesOutstanding": 214.8,
        "dilutedEPS": 0.56,
        "ebit": 199.4,
        "grossIncome": 593.2,
        "interestExpense": 63.799,
        "interestIncomeExpense": -63.8,
        "netIncome": 121.3,
        "netIncomeAfterTaxes": 121.3,
        "nonRecurringItems": -9.4,
        "period": "2019-12-31",
        "pretaxIncome": 118.9,
        "provisionforIncomeTaxes": -2.4,
        "revenue": 1480.6,
        "sgaExpense": 229.9,
        "totalOperatingExpense": 393.9,
        "totalOtherIncomeExpenseNet": -7.3
      },
      {
        "costOfGoodsSold": 990.8,
        "depreciationAmortization": 156.2,
        "dilutedAverageSharesOutstanding": 215.5,
        "dilutedEPS": 2.09,
        "ebit": 511.7,
        "grossIncome": 923.1,
        "interestExpense": 60.188,
        "interestIncomeExpense": -60.2,
        "netIncome": 450.6,
        "netIncomeAfterTaxes": 450.6,
        "nonRecurringItems": 0,
        "period": "2019-09-30",
        "pretaxIncome": 461.8,
        "provisionforIncomeTaxes": 11.2,
        "revenue": 1913.9,
        "sgaExpense": 255.1,
        "totalOperatingExpense": 411.3,
        "totalOtherIncomeExpenseNet": 10.3
      },
      {
        "costOfGoodsSold": 958.4,
        "depreciationAmortization": 156.3,
        "dilutedAverageSharesOutstanding": 216.8,
        "dilutedEPS": 1.11,
        "ebit": 308.7,
        "grossIncome": 705.9,
        "interestExpense": 64.794,
        "interestIncomeExpense": -64.8,
        "netIncome": 240.2,
        "netIncomeAfterTaxes": 240.2,
        "nonRecurringItems": -1.2,
        "period": "2019-06-30",
        "pretaxIncome": 246.3,
        "provisionforIncomeTaxes": 6.1,
        "revenue": 1664.3,
        "sgaExpense": 240.9,
        "totalOperatingExpense": 397.2,
        "totalOtherIncomeExpenseNet": 3.6
      },
      {
        "costOfGoodsSold": 826.7,
        "depreciationAmortization": 169.7,
        "dilutedAverageSharesOutstanding": 218.9,
        "dilutedEPS": 0.54,
        "ebit": 158.3,
        "grossIncome": 577,
        "interestExpense": 67.41,
        "interestIncomeExpense": -67.4,
        "netIncome": 118.2,
        "netIncomeAfterTaxes": 118.2,
        "nonRecurringItems": -6.1,
        "period": "2019-03-31",
        "pretaxIncome": 84.4,
        "provisionforIncomeTaxes": -33.8,
        "revenue": 1403.6,
        "sgaExpense": 248.9,
        "totalOperatingExpense": 418.6,
        "totalOtherIncomeExpenseNet": -0.4
      },
      {
        "costOfGoodsSold": 817.3,
        "depreciationAmortization": 145.4,
        "dilutedAverageSharesOutstanding": 221.4,
        "dilutedEPS": 0.7,
        "ebit": 209.6,
        "grossIncome": 563.9,
        "interestExpense": 68.178,
        "interestIncomeExpense": -68.2,
        "netIncome": 154.6,
        "netIncomeAfterTaxes": 154.6,
        "nonRecurringItems": 0,
        "period": "2018-12-31",
        "pretaxIncome": 150.7,
        "provisionforIncomeTaxes": -3.9,
        "revenue": 1381.2,
        "sgaExpense": 208.9,
        "totalOperatingExpense": 354.3,
        "totalOtherIncomeExpenseNet": 9.3
      },
      {
        "costOfGoodsSold": 928.9,
        "depreciationAmortization": 143.7,
        "dilutedAverageSharesOutstanding": 222.8,
        "dilutedEPS": 2.11,
        "ebit": 550.3,
        "grossIncome": 929.4,
        "interestExpense": 69.54,
        "interestIncomeExpense": -69.5,
        "netIncome": 470.4,
        "netIncomeAfterTaxes": 470.4,
        "period": "2018-09-30",
        "pretaxIncome": 480.8,
        "provisionforIncomeTaxes": 10.5,
        "revenue": 1858.4,
        "sgaExpense": 235.4,
        "totalOperatingExpense": 379.2,
        "totalOtherIncomeExpenseNet": 0.1
      },
      {
        "costOfGoodsSold": 862.8,
        "depreciationAmortization": 140.7,
        "dilutedAverageSharesOutstanding": 224.4,
        "dilutedEPS": 1.01,
        "ebit": 292.2,
        "grossIncome": 659.4,
        "interestExpense": 72.988,
        "interestIncomeExpense": -73,
        "netIncome": 226.7,
        "netIncomeAfterTaxes": 226.7,
        "period": "2018-06-30",
        "pretaxIncome": 232.1,
        "provisionforIncomeTaxes": 5.4,
        "revenue": 1522.2,
        "sgaExpense": 226.5,
        "totalOperatingExpense": 367.2,
        "totalOtherIncomeExpenseNet": 12.9
      },
      {
        "costOfGoodsSold": 768.1,
        "depreciationAmortization": 131.2,
        "dilutedAverageSharesOutstanding": 229.2,
        "dilutedEPS": 0.45,
        "ebit": 167.1,
        "grossIncome": 525.3,
        "interestExpense": 59.698,
        "interestIncomeExpense": -59.7,
        "netIncome": 103.2,
        "netIncomeAfterTaxes": 103.2,
        "period": "2018-03-31",
        "pretaxIncome": 105.7,
        "provisionforIncomeTaxes": 2.5,
        "revenue": 1293.4,
        "sgaExpense": 227,
        "totalOperatingExpense": 358.3,
        "totalOtherIncomeExpenseNet": -1.7
      },
      {
        "costOfGoodsSold": 753.4,
        "depreciationAmortization": 133.1,
        "dilutedAverageSharesOutstanding": 230.2,
        "dilutedEPS": 0.42,
        "ebit": 180.1,
        "grossIncome": 496.1,
        "interestExpense": 84.309,
        "interestIncomeExpense": -84.3,
        "netIncome": 98.8,
        "netIncomeAfterTaxes": 91.1,
        "nonRecurringItems": -2.9,
        "period": "2017-12-31",
        "pretaxIncome": 94.2,
        "provisionforIncomeTaxes": 3,
        "revenue": 1249.6,
        "sgaExpense": 182.9,
        "totalOperatingExpense": 316.1,
        "totalOtherIncomeExpenseNet": 1.3
      },
      {
        "costOfGoodsSold": 838.2,
        "depreciationAmortization": 134.5,
        "dilutedAverageSharesOutstanding": 229.8,
        "dilutedEPS": 1.74,
        "ebit": 476.8,
        "grossIncome": 813.6,
        "interestExpense": 66.339,
        "interestIncomeExpense": -65.8,
        "netIncome": 400.7,
        "netIncomeAfterTaxes": 400.7,
        "period": "2017-09-30",
        "pretaxIncome": 407.2,
        "provisionforIncomeTaxes": 6.5,
        "revenue": 1651.7,
        "sgaExpense": 202.2,
        "totalOperatingExpense": 336.7,
        "totalOtherIncomeExpenseNet": -3.8
      },
      {
        "costOfGoodsSold": 752.2,
        "depreciationAmortization": 123.1,
        "dilutedAverageSharesOutstanding": 229.1,
        "dilutedEPS": 0.87,
        "ebit": 275.1,
        "grossIncome": 591.9,
        "interestExpense": 64.196,
        "interestIncomeExpense": -64.6,
        "netIncome": 198.5,
        "netIncomeAfterTaxes": 198.5,
        "period": "2017-06-30",
        "pretaxIncome": 205.3,
        "provisionforIncomeTaxes": 6.8,
        "revenue": 1344.1,
        "sgaExpense": 193.6,
        "totalOperatingExpense": 316.8,
        "totalOtherIncomeExpenseNet": -5.2
      },
      {
        "costOfGoodsSold": 719.8,
        "depreciationAmortization": 119.2,
        "dilutedAverageSharesOutstanding": 228.6,
        "dilutedEPS": 0.27,
        "ebit": 119.7,
        "grossIncome": 431,
        "interestExpense": 52.96,
        "interestIncomeExpense": -53.4,
        "netIncome": 61.9,
        "netIncomeAfterTaxes": 61.9,
        "period": "2017-03-31",
        "pretaxIncome": 64,
        "provisionforIncomeTaxes": 2,
        "revenue": 1150.8,
        "sgaExpense": 192,
        "totalOperatingExpense": 311.2,
        "totalOtherIncomeExpenseNet": -2.4
      },
      {
        "costOfGoodsSold": 695.1,
        "depreciationAmortization": 115,
        "dilutedAverageSharesOutstanding": 227.8,
        "dilutedEPS": 0.32,
        "ebit": 161.7,
        "grossIncome": 430,
        "interestExpense": 88.023,
        "interestIncomeExpense": -89.6,
        "minorityInterest": 0,
        "netIncome": 72.2,
        "netIncomeAfterTaxes": 72.2,
        "nonRecurringItems": -8.1,
        "period": "2016-12-31",
        "pretaxIncome": 70.5,
        "provisionforIncomeTaxes": -1.7,
        "revenue": 1125.1,
        "sgaExpense": 153.3,
        "totalOperatingExpense": 268.4,
        "totalOtherIncomeExpenseNet": 6.6
      },
      {
        "costOfGoodsSold": 784.7,
        "depreciationAmortization": 111.6,
        "dilutedAverageSharesOutstanding": 227.6,
        "dilutedEPS": 1.5,
        "ebit": 411.3,
        "grossIncome": 700,
        "interestExpense": 60.662,
        "interestIncomeExpense": -63.6,
        "netIncome": 342.4,
        "netIncomeAfterTaxes": 342.4,
        "nonRecurringItems": 2.3,
        "period": "2016-09-30",
        "pretaxIncome": 347.6,
        "provisionforIncomeTaxes": 5.2,
        "revenue": 1484.7,
        "sgaExpense": 177.1,
        "totalOperatingExpense": 288.7,
        "totalOtherIncomeExpenseNet": -2.4
      },
      {
        "costOfGoodsSold": 705.9,
        "depreciationAmortization": 104.6,
        "dilutedAverageSharesOutstanding": 227.9,
        "dilutedEPS": 0.64,
        "ebit": 227.7,
        "grossIncome": 480.9,
        "interestExpense": 68.42,
        "interestIncomeExpense": -81.5,
        "netIncome": 145.2,
        "netIncomeAfterTaxes": 145.2,
        "nonRecurringItems": -0.7,
        "period": "2016-06-30",
        "pretaxIncome": 147.8,
        "provisionforIncomeTaxes": 2.6,
        "revenue": 1186.8,
        "sgaExpense": 148.6,
        "totalOperatingExpense": 253.2,
        "totalOtherIncomeExpenseNet": 2.3
      },
      {
        "costOfGoodsSold": 664.5,
        "depreciationAmortization": 101.3,
        "dilutedAverageSharesOutstanding": 228.1,
        "dilutedEPS": 0.32,
        "ebit": 133,
        "grossIncome": 413.2,
        "interestExpense": 59.754,
        "interestIncomeExpense": -51.3,
        "netIncome": 73.2,
        "netIncomeAfterTaxes": 73.2,
        "nonRecurringItems": -1.7,
        "period": "2016-03-31",
        "pretaxIncome": 74.3,
        "provisionforIncomeTaxes": 1.1,
        "revenue": 1077.6,
        "sgaExpense": 178.9,
        "totalOperatingExpense": 280.2,
        "totalOtherIncomeExpenseNet": -5.6
      },
      {
        "costOfGoodsSold": 657.7,
        "depreciationAmortization": 117.7,
        "dilutedAverageSharesOutstanding": 230.6,
        "dilutedEPS": 0.17,
        "ebit": 117.9,
        "grossIncome": 378.8,
        "interestExpense": 68.69,
        "interestIncomeExpense": -68.7,
        "minorityInterest": 0,
        "netIncome": 38.3,
        "netIncomeAfterTaxes": 38.3,
        "period": "2015-12-31",
        "pretaxIncome": 38.2,
        "provisionforIncomeTaxes": -0.2,
        "revenue": 1036.5,
        "sgaExpense": 143.1,
        "totalOperatingExpense": 260.9,
        "totalOtherIncomeExpenseNet": -11.1
      },
      {
        "costOfGoodsSold": 717.7,
        "depreciationAmortization": 109.8,
        "dilutedAverageSharesOutstanding": 230.3,
        "dilutedEPS": 1.09,
        "ebit": 306.8,
        "grossIncome": 567.2,
        "interestExpense": 49.784,
        "interestIncomeExpense": -49.8,
        "minorityInterest": 0,
        "netIncome": 251.8,
        "netIncomeAfterTaxes": 251.8,
        "period": "2015-09-30",
        "pretaxIncome": 255.3,
        "provisionforIncomeTaxes": 3.5,
        "revenue": 1284.9,
        "sgaExpense": 150.6,
        "totalOperatingExpense": 260.4,
        "totalOtherIncomeExpenseNet": -1.7
      }
    ],
    "symbol": "NCLH"
  }
}