{
  "symbol": "SMCI",
  "statement": "ic",
  "frequency": "quarterly",
  "timestamp": "2025-09-19T14:07:02.980932",
  "data": {
    "financials": [
      {
        "costOfGoodsSold": 5212.809,
        "dilutedAverageSharesOutstanding": 624.671,
        "dilutedEPS": 0.3124,
        "ebit": 228.391,
        "equityEarningsAffiliates": -8.264,
        "grossIncome": 544.102,
        "interestExpense": 22.282,
        "interestIncomeExpense": -22.282,
        "netIncome": 195.154,
        "netIncomeAfterTaxes": 203.418,
        "period": "2025-06-30",
        "pretaxIncome": 222.725,
        "provisionforIncomeTaxes": 19.307,
        "researchDevelopment": 183.221,
        "revenue": 5756.911,
        "sgaExpense": 132.49,
        "totalOperatingExpense": 315.711,
        "totalOtherIncomeExpenseNet": 16.616
      },
      {
        "costOfGoodsSold": 4159.695,
        "dilutedAverageSharesOutstanding": 621.809,
        "dilutedEPS": 0.1749,
        "ebit": 146.78,
        "equityEarningsAffiliates": -0.445,
        "grossIncome": 440.218,
        "interestExpense": 13.402,
        "interestIncomeExpense": -13.402,
        "netIncome": 108.777,
        "netIncomeAfterTaxes": 109.222,
        "nonRecurringItems": -30.3,
        "period": "2025-03-31",
        "pretaxIncome": 115.065,
        "provisionforIncomeTaxes": 5.843,
        "researchDevelopment": 162.857,
        "revenue": 4599.913,
        "sgaExpense": 130.581,
        "totalOperatingExpense": 293.438,
        "totalOtherIncomeExpenseNet": 11.987
      },
      {
        "costOfGoodsSold": 5007.94,
        "dilutedAverageSharesOutstanding": 636.047,
        "dilutedEPS": 0.5,
        "ebit": 368.624,
        "equityEarningsAffiliates": 2.517,
        "grossIncome": 670.022,
        "interestExpense": 6.535,
        "interestIncomeExpense": -6.535,
        "netIncome": 320.596,
        "netIncomeAfterTaxes": 318.079,
        "period": "2024-12-31",
        "pretaxIncome": 375.048,
        "provisionforIncomeTaxes": 56.969,
        "researchDevelopment": 158.229,
        "revenue": 5677.962,
        "sgaExpense": 143.169,
        "totalOperatingExpense": 301.398,
        "totalOtherIncomeExpenseNet": 12.959
      },
      {
        "costOfGoodsSold": 5161.676,
        "dilutedAverageSharesOutstanding": 639.148,
        "dilutedEPS": 0.66,
        "ebit": 509.199,
        "equityEarningsAffiliates": -0.019,
        "grossIncome": 775.58,
        "interestExpense": 17.354,
        "interestIncomeExpense": -17.354,
        "netIncome": 424.327,
        "netIncomeAfterTaxes": 424.346,
        "period": "2024-09-30",
        "pretaxIncome": 499.078,
        "provisionforIncomeTaxes": 74.732,
        "researchDevelopment": 132.243,
        "revenue": 5937.256,
        "sgaExpense": 134.138,
        "totalOperatingExpense": 266.381,
        "totalOtherIncomeExpenseNet": 7.233
      },
      {
        "costOfGoodsSold": 4808.56,
        "dilutedAverageSharesOutstanding": 641.914,
        "dilutedEPS": 0.46,
        "ebit": 288.486,
        "equityEarningsAffiliates": -0.526,
        "grossIncome": 546.029,
        "interestExpense": 3.112,
        "interestIncomeExpense": -3.112,
        "netIncome": 297.244,
        "netIncomeAfterTaxes": 297.77,
        "period": "2024-06-30",
        "pretaxIncome": 299.329,
        "provisionforIncomeTaxes": 1.559,
        "researchDevelopment": 127.471,
        "revenue": 5354.589,
        "sgaExpense": 130.072,
        "totalOperatingExpense": 257.543,
        "totalOtherIncomeExpenseNet": 13.955
      },
      {
        "costOfGoodsSold": 3252.698,
        "dilutedAverageSharesOutstanding": 614.31,
        "dilutedEPS": 0.66,
        "ebit": 378.314,
        "equityEarningsAffiliates": 0.373,
        "grossIncome": 597.368,
        "interestExpense": 6.246,
        "interestIncomeExpense": -6.246,
        "netIncome": 402.459,
        "netIncomeAfterTaxes": 402.086,
        "period": "2024-03-31",
        "pretaxIncome": 382.103,
        "provisionforIncomeTaxes": -19.983,
        "researchDevelopment": 116.226,
        "revenue": 3850.066,
        "sgaExpense": 102.828,
        "totalOperatingExpense": 219.054,
        "totalOtherIncomeExpenseNet": 10.035
      },
      {
        "costOfGoodsSold": 3100.602,
        "dilutedAverageSharesOutstanding": 580.78,
        "dilutedEPS": 0.51,
        "ebit": 371.464,
        "equityEarningsAffiliates": 2.024,
        "grossIncome": 564.322,
        "interestExpense": 8.131,
        "interestIncomeExpense": -8.131,
        "netIncome": 295.968,
        "netIncomeAfterTaxes": 293.944,
        "period": "2023-12-31",
        "pretaxIncome": 355.447,
        "provisionforIncomeTaxes": 61.503,
        "researchDevelopment": 108.824,
        "revenue": 3664.924,
        "sgaExpense": 84.034,
        "totalOperatingExpense": 192.858,
        "totalOtherIncomeExpenseNet": -7.886
      },
      {
        "costOfGoodsSold": 1765.981,
        "dilutedAverageSharesOutstanding": 571.85,
        "dilutedEPS": 0.27,
        "ebit": 172.51,
        "equityEarningsAffiliates": -0.05,
        "grossIncome": 353.691,
        "interestExpense": 1.863,
        "interestIncomeExpense": -1.863,
        "netIncome": 156.995,
        "netIncomeAfterTaxes": 157.045,
        "period": "2023-09-30",
        "pretaxIncome": 177.26,
        "provisionforIncomeTaxes": 20.215,
        "researchDevelopment": 111.027,
        "revenue": 2119.672,
        "sgaExpense": 70.154,
        "totalOperatingExpense": 181.181,
        "totalOtherIncomeExpenseNet": 6.613
      },
      {
        "costOfGoodsSold": 1813.165,
        "dilutedAverageSharesOutstanding": 564.92,
        "dilutedEPS": 0.34,
        "ebit": 226.755,
        "equityEarningsAffiliates": -0.38,
        "grossIncome": 371.696,
        "interestExpense": 3.509,
        "interestIncomeExpense": -3.509,
        "netIncome": 193.569,
        "netIncomeAfterTaxes": 193.949,
        "period": "2023-06-30",
        "pretaxIncome": 225.251,
        "provisionforIncomeTaxes": 31.302,
        "researchDevelopment": 84.802,
        "revenue": 2184.861,
        "sgaExpense": 60.139,
        "totalOperatingExpense": 144.941,
        "totalOtherIncomeExpenseNet": 2.005
      },
      {
        "costOfGoodsSold": 1056.937,
        "dilutedAverageSharesOutstanding": 562.33,
        "dilutedEPS": 0.15,
        "ebit": 99.082,
        "equityEarningsAffiliates": -1.013,
        "grossIncome": 226.359,
        "interestExpense": 1.288,
        "interestIncomeExpense": -1.288,
        "netIncome": 85.846,
        "netIncomeAfterTaxes": 86.859,
        "period": "2023-03-31",
        "pretaxIncome": 97.716,
        "provisionforIncomeTaxes": 10.857,
        "researchDevelopment": 77.515,
        "revenue": 1283.296,
        "sgaExpense": 49.762,
        "totalOperatingExpense": 127.277,
        "totalOtherIncomeExpenseNet": -0.078
      },
      {
        "costOfGoodsSold": 1465.773,
        "dilutedAverageSharesOutstanding": 561.44,
        "dilutedEPS": 0.31,
        "ebit": 215.182,
        "equityEarningsAffiliates": -1.351,
        "grossIncome": 337.422,
        "interestExpense": 1.756,
        "interestIncomeExpense": -1.756,
        "netIncome": 176.167,
        "netIncomeAfterTaxes": 177.518,
        "period": "2022-12-31",
        "pretaxIncome": 207.091,
        "provisionforIncomeTaxes": 29.573,
        "researchDevelopment": 70.7,
        "revenue": 1803.195,
        "sgaExpense": 51.54,
        "totalOperatingExpense": 122.24,
        "totalOtherIncomeExpenseNet": -6.335
      },
      {
        "costOfGoodsSold": 1504.595,
        "dilutedAverageSharesOutstanding": 550.17,
        "dilutedEPS": 0.34,
        "ebit": 220.123,
        "equityEarningsAffiliates": -0.889,
        "grossIncome": 347.535,
        "interestExpense": 3.938,
        "interestIncomeExpense": -3.938,
        "netIncome": 184.416,
        "netIncomeAfterTaxes": 185.305,
        "period": "2022-09-30",
        "pretaxIncome": 224.239,
        "provisionforIncomeTaxes": 38.934,
        "researchDevelopment": 74.243,
        "revenue": 1852.13,
        "sgaExpense": 53.169,
        "totalOperatingExpense": 127.412,
        "totalOtherIncomeExpenseNet": 8.054
      },
      {
        "costOfGoodsSold": 1348.116,
        "dilutedAverageSharesOutstanding": 542.57,
        "dilutedEPS": 0.26,
        "ebit": 165.213,
        "equityEarningsAffiliates": 0.324,
        "grossIncome": 287.344,
        "interestExpense": 2.928,
        "interestIncomeExpense": -2.928,
        "netIncome": 140.822,
        "netIncomeAfterTaxes": 140.498,
        "nonRecurringItems": 0,
        "period": "2022-06-30",
        "pretaxIncome": 166.258,
        "provisionforIncomeTaxes": 25.76,
        "researchDevelopment": 70.79,
        "revenue": 1635.46,
        "sgaExpense": 51.341,
        "totalOperatingExpense": 122.131,
        "totalOtherIncomeExpenseNet": 3.973
      },
      {
        "costOfGoodsSold": 1144.715,
        "dilutedAverageSharesOutstanding": 537.86,
        "dilutedEPS": 0.14,
        "ebit": 91.777,
        "equityEarningsAffiliates": 0.255,
        "grossIncome": 210.775,
        "interestExpense": 1.531,
        "interestIncomeExpense": -1.531,
        "netIncome": 76.972,
        "netIncomeAfterTaxes": 76.717,
        "nonRecurringItems": -2,
        "period": "2022-03-31",
        "pretaxIncome": 92.909,
        "provisionforIncomeTaxes": 16.192,
        "researchDevelopment": 70.869,
        "revenue": 1355.49,
        "sgaExpense": 48.129,
        "totalOperatingExpense": 118.998,
        "totalOtherIncomeExpenseNet": 4.663
      },
      {
        "costOfGoodsSold": 1008.676,
        "dilutedAverageSharesOutstanding": 535.11,
        "dilutedEPS": 0.08,
        "ebit": 51.049,
        "equityEarningsAffiliates": 0.239,
        "grossIncome": 163.743,
        "interestExpense": 1.15,
        "interestIncomeExpense": -1.15,
        "netIncome": 41.932,
        "netIncomeAfterTaxes": 41.693,
        "period": "2021-12-31",
        "pretaxIncome": 49.292,
        "provisionforIncomeTaxes": 7.599,
        "researchDevelopment": 65.471,
        "revenue": 1172.419,
        "sgaExpense": 47.223,
        "totalOperatingExpense": 112.694,
        "totalOtherIncomeExpenseNet": -0.607
      },
      {
        "costOfGoodsSold": 894.591,
        "dilutedAverageSharesOutstanding": 529.16,
        "dilutedEPS": 0.05,
        "ebit": 29.128,
        "equityEarningsAffiliates": 0.388,
        "grossIncome": 138.139,
        "interestExpense": 0.804,
        "interestIncomeExpense": -0.804,
        "netIncome": 25.437,
        "netIncomeAfterTaxes": 25.049,
        "period": "2021-09-30",
        "pretaxIncome": 28.374,
        "provisionforIncomeTaxes": 3.325,
        "researchDevelopment": 65.143,
        "revenue": 1032.73,
        "sgaExpense": 43.868,
        "totalOperatingExpense": 109.011,
        "totalOtherIncomeExpenseNet": 0.05
      },
      {
        "costOfGoodsSold": 923.474,
        "dilutedAverageSharesOutstanding": 527.87,
        "dilutedEPS": 0.07,
        "ebit": 39.081,
        "equityEarningsAffiliates": 0.582,
        "grossIncome": 145.511,
        "interestExpense": 0.635,
        "interestIncomeExpense": -0.635,
        "netIncome": 39.162,
        "netIncomeAfterTaxes": 38.58,
        "period": "2021-06-30",
        "pretaxIncome": 36.975,
        "provisionforIncomeTaxes": -1.605,
        "researchDevelopment": 58.93,
        "revenue": 1068.985,
        "sgaExpense": 47.5,
        "totalOperatingExpense": 106.43,
        "totalOtherIncomeExpenseNet": -1.471
      },
      {
        "costOfGoodsSold": 772.864,
        "dilutedAverageSharesOutstanding": 532.18,
        "dilutedEPS": 0.03,
        "ebit": 17.055,
        "equityEarningsAffiliates": -0.264,
        "grossIncome": 123.017,
        "interestExpense": 0.607,
        "interestIncomeExpense": -0.607,
        "netIncome": 18.428,
        "netIncomeAfterTaxes": 18.692,
        "period": "2021-03-31",
        "pretaxIncome": 18.465,
        "provisionforIncomeTaxes": -0.227,
        "researchDevelopment": 57.912,
        "revenue": 895.881,
        "sgaExpense": 48.05,
        "totalOperatingExpense": 105.962,
        "totalOtherIncomeExpenseNet": 2.017
      },
      {
        "costOfGoodsSold": 694.211,
        "dilutedAverageSharesOutstanding": 535.84,
        "dilutedEPS": 0.05,
        "ebit": 37.365,
        "equityEarningsAffiliates": -1.475,
        "grossIncome": 136.095,
        "interestExpense": 0.569,
        "interestIncomeExpense": -0.569,
        "netIncome": 27.674,
        "netIncomeAfterTaxes": 29.149,
        "period": "2020-12-31",
        "pretaxIncome": 34.257,
        "provisionforIncomeTaxes": 5.108,
        "researchDevelopment": 52.729,
        "revenue": 830.306,
        "sgaExpense": 46.001,
        "totalOperatingExpense": 98.73,
        "totalOtherIncomeExpenseNet": -2.539
      },
      {
        "costOfGoodsSold": 632.335,
        "dilutedAverageSharesOutstanding": 544.26,
        "dilutedEPS": 0.05,
        "ebit": 30.446,
        "equityEarningsAffiliates": 1.33,
        "grossIncome": 129.915,
        "interestExpense": 0.674,
        "interestIncomeExpense": -0.674,
        "netIncome": 26.601,
        "netIncomeAfterTaxes": 25.271,
        "period": "2020-09-30",
        "pretaxIncome": 28.931,
        "provisionforIncomeTaxes": 3.66,
        "researchDevelopment": 54.798,
        "revenue": 762.25,
        "sgaExpense": 44.671,
        "totalOperatingExpense": 99.469,
        "totalOtherIncomeExpenseNet": -0.841
      },
      {
        "costOfGoodsSold": 772.609,
        "dilutedAverageSharesOutstanding": 541.55,
        "dilutedEPS": 0.03,
        "ebit": 9.428,
        "equityEarningsAffiliates": 3.468,
        "grossIncome": 123.517,
        "interestExpense": 0.606,
        "interestIncomeExpense": -0.606,
        "netIncome": 18.45,
        "netIncomeAfterTaxes": 14.982,
        "period": "2020-06-30",
        "pretaxIncome": 8.122,
        "provisionforIncomeTaxes": -6.86,
        "researchDevelopment": 66.748,
        "revenue": 896.126,
        "sgaExpense": 47.341,
        "totalOperatingExpense": 114.089,
        "totalOtherIncomeExpenseNet": -0.7
      },
      {
        "costOfGoodsSold": 639.048,
        "dilutedAverageSharesOutstanding": 536.93,
        "dilutedEPS": 0.03,
        "ebit": 15.546,
        "equityEarningsAffiliates": -1.057,
        "grossIncome": 133.36,
        "interestExpense": 0.518,
        "interestIncomeExpense": -0.518,
        "netIncome": 15.807,
        "netIncomeAfterTaxes": 16.864,
        "period": "2020-03-31",
        "pretaxIncome": 15.965,
        "provisionforIncomeTaxes": -0.899,
        "researchDevelopment": 49.586,
        "revenue": 772.408,
        "sgaExpense": 68.228,
        "totalOperatingExpense": 117.814,
        "totalOtherIncomeExpenseNet": 0.937
      },
      {
        "costOfGoodsSold": 732.539,
        "dilutedAverageSharesOutstanding": 520.09,
        "dilutedEPS": 0.05,
        "ebit": 27.815,
        "equityEarningsAffiliates": -1.02,
        "grossIncome": 138.404,
        "interestExpense": 0.56,
        "interestIncomeExpense": -0.56,
        "netIncome": 23.706,
        "netIncomeAfterTaxes": 24.726,
        "period": "2019-12-31",
        "pretaxIncome": 26.839,
        "provisionforIncomeTaxes": 2.113,
        "researchDevelopment": 55.572,
        "revenue": 870.943,
        "sgaExpense": 55.017,
        "totalOperatingExpense": 110.589,
        "totalOtherIncomeExpenseNet": -0.416
      },
      {
        "costOfGoodsSold": 668.875,
        "dilutedAverageSharesOutstanding": 517.04,
        "dilutedEPS": 0.05,
        "ebit": 32.865,
        "equityEarningsAffiliates": 1.011,
        "grossIncome": 130.929,
        "interestExpense": 0.552,
        "interestIncomeExpense": -0.552,
        "netIncome": 26.345,
        "netIncomeAfterTaxes": 25.334,
        "period": "2019-09-30",
        "pretaxIncome": 33.902,
        "provisionforIncomeTaxes": 8.568,
        "researchDevelopment": 49.572,
        "revenue": 799.804,
        "sgaExpense": 48.492,
        "totalOperatingExpense": 98.064,
        "totalOtherIncomeExpenseNet": 1.589
      },
      {
        "costOfGoodsSold": 722.2,
        "dilutedAverageSharesOutstanding": 521.93,
        "dilutedEPS": 0.05,
        "ebit": 30.14,
        "equityEarningsAffiliates": 0.851,
        "grossIncome": 132.034,
        "interestExpense": 1.21,
        "interestIncomeExpense": -1.21,
        "netIncome": 23.71,
        "netIncomeAfterTaxes": 22.859,
        "period": "2019-06-30",
        "pretaxIncome": 27.203,
        "provisionforIncomeTaxes": 4.344,
        "researchDevelopment": 46.189,
        "revenue": 854.234,
        "sgaExpense": 55.705,
        "totalOperatingExpense": 101.894,
        "totalOtherIncomeExpenseNet": -1.727
      },
      {
        "costOfGoodsSold": 631.172,
        "dilutedAverageSharesOutstanding": 515.58,
        "dilutedEPS": 0.02,
        "ebit": 12.859,
        "equityEarningsAffiliates": -0.359,
        "grossIncome": 112.327,
        "interestExpense": 1.271,
        "interestIncomeExpense": -1.271,
        "netIncome": 10.646,
        "netIncomeAfterTaxes": 11.005,
        "period": "2019-03-31",
        "pretaxIncome": 11.502,
        "provisionforIncomeTaxes": 0.497,
        "researchDevelopment": 44.8,
        "revenue": 743.499,
        "sgaExpense": 54.668,
        "totalOperatingExpense": 99.468,
        "totalOtherIncomeExpenseNet": -0.086
      },
      {
        "costOfGoodsSold": 803.587,
        "dilutedAverageSharesOutstanding": 508.1,
        "dilutedEPS": 0.04,
        "ebit": 25.741,
        "equityEarningsAffiliates": -1.794,
        "grossIncome": 127.922,
        "interestExpense": 1.831,
        "interestIncomeExpense": -1.831,
        "netIncome": 18.22,
        "netIncomeAfterTaxes": 20.014,
        "period": "2018-12-31",
        "pretaxIncome": 24.534,
        "provisionforIncomeTaxes": 4.52,
        "researchDevelopment": 45.924,
        "revenue": 931.509,
        "sgaExpense": 56.257,
        "totalOperatingExpense": 102.181,
        "totalOtherIncomeExpenseNet": 0.624
      },
      {
        "costOfGoodsSold": 847.879,
        "dilutedAverageSharesOutstanding": 522.18,
        "dilutedEPS": 0.04,
        "ebit": 28.493,
        "equityEarningsAffiliates": -1.419,
        "grossIncome": 123.239,
        "interestExpense": 2.378,
        "interestIncomeExpense": -2.378,
        "netIncome": 19.342,
        "netIncomeAfterTaxes": 20.761,
        "period": "2018-09-30",
        "pretaxIncome": 26.284,
        "provisionforIncomeTaxes": 5.523,
        "researchDevelopment": 42.994,
        "revenue": 971.118,
        "sgaExpense": 51.752,
        "totalOperatingExpense": 94.746,
        "totalOtherIncomeExpenseNet": 0.169
      },
      {
        "costOfGoodsSold": 849.333,
        "dilutedAverageSharesOutstanding": 523.34,
        "dilutedEPS": 0.05,
        "ebit": 41.515,
        "equityEarningsAffiliates": -1.099,
        "grossIncome": 132.329,
        "interestExpense": 2.229,
        "interestIncomeExpense": -2.229,
        "netIncome": 26.274,
        "netIncomeAfterTaxes": 27.373,
        "period": "2018-06-30",
        "pretaxIncome": 40.091,
        "provisionforIncomeTaxes": 12.718,
        "researchDevelopment": 42.608,
        "revenue": 981.662,
        "sgaExpense": 48.206,
        "totalOperatingExpense": 90.814,
        "totalOtherIncomeExpenseNet": 0.805
      },
      {
        "costOfGoodsSold": 729.193,
        "dilutedAverageSharesOutstanding": 516.79,
        "dilutedEPS": 0.03,
        "ebit": 21.185,
        "equityEarningsAffiliates": -0.717,
        "grossIncome": 105.917,
        "interestExpense": 1.326,
        "interestIncomeExpense": -1.326,
        "netIncome": 14.595,
        "netIncomeAfterTaxes": 15.312,
        "period": "2018-03-31",
        "pretaxIncome": 19.471,
        "provisionforIncomeTaxes": 4.159,
        "researchDevelopment": 42.284,
        "revenue": 835.11,
        "sgaExpense": 42.448,
        "totalOperatingExpense": 84.732,
        "totalOtherIncomeExpenseNet": -0.388
      },
      {
        "costOfGoodsSold": 721.289,
        "dilutedAverageSharesOutstanding": 493.35,
        "dilutedEPS": 0,
        "ebit": 22.695,
        "equityEarningsAffiliates": -1.156,
        "grossIncome": 105.694,
        "interestExpense": 1.088,
        "interestIncomeExpense": -1.088,
        "netIncome": -0.783,
        "netIncomeAfterTaxes": 0.373,
        "period": "2017-12-31",
        "pretaxIncome": 21.213,
        "provisionforIncomeTaxes": 20.84,
        "researchDevelopment": 39.544,
        "revenue": 826.983,
        "sgaExpense": 43.455,
        "totalOperatingExpense": 82.999,
        "totalOtherIncomeExpenseNet": -0.394
      },
      {
        "costOfGoodsSold": 630.683,
        "dilutedAverageSharesOutstanding": 524.49,
        "dilutedEPS": 0.01,
        "ebit": 9.319,
        "equityEarningsAffiliates": -0.635,
        "grossIncome": 86.054,
        "interestExpense": 1.083,
        "interestIncomeExpense": -1.083,
        "netIncome": 6.079,
        "netIncomeAfterTaxes": 22.414,
        "period": "2017-09-30",
        "pretaxIncome": 7.44,
        "provisionforIncomeTaxes": -14.974,
        "researchDevelopment": 40.668,
        "revenue": 716.737,
        "sgaExpense": 36.067,
        "totalOperatingExpense": 76.735,
        "totalOtherIncomeExpenseNet": -0.796
      },
      {
        "costOfGoodsSold": 592.235,
        "dilutedAverageSharesOutstanding": 519.79,
        "dilutedEPS": 0.03,
        "ebit": 17.406,
        "grossIncome": 85.933,
        "interestExpense": 0.915,
        "interestIncomeExpense": -0.915,
        "netIncome": 13.255,
        "netIncomeAfterTaxes": 13.255,
        "period": "2017-06-30",
        "pretaxIncome": 16.557,
        "provisionforIncomeTaxes": 3.302,
        "researchDevelopment": 38.367,
        "revenue": 678.168,
        "sgaExpense": 30.16,
        "totalOperatingExpense": 68.527,
        "totalOtherIncomeExpenseNet": 0.066
      },
      {
        "costOfGoodsSold": 529.461,
        "dilutedAverageSharesOutstanding": 519.18,
        "dilutedEPS": 0.03,
        "ebit": 21.525,
        "grossIncome": 85.337,
        "interestExpense": 0.558,
        "interestIncomeExpense": -0.558,
        "netIncome": 15.35,
        "netIncomeAfterTaxes": 15.35,
        "period": "2017-03-31",
        "pretaxIncome": 19.373,
        "provisionforIncomeTaxes": 4.023,
        "researchDevelopment": 36.017,
        "revenue": 614.798,
        "sgaExpense": 27.795,
        "totalOperatingExpense": 63.812,
        "totalOtherIncomeExpenseNet": -1.594
      },
      {
        "costOfGoodsSold": 567.064,
        "dilutedAverageSharesOutstanding": 515.21,
        "dilutedEPS": 0.04,
        "ebit": 33.521,
        "grossIncome": 96.136,
        "interestExpense": 0.497,
        "interestIncomeExpense": -0.497,
        "netIncome": 22.876,
        "netIncomeAfterTaxes": 22.876,
        "period": "2016-12-31",
        "pretaxIncome": 33.714,
        "provisionforIncomeTaxes": 10.838,
        "researchDevelopment": 35.458,
        "revenue": 663.2,
        "sgaExpense": 27.157,
        "totalOperatingExpense": 62.615,
        "totalOtherIncomeExpenseNet": 0.69
      },
      {
        "costOfGoodsSold": 446.211,
        "dilutedAverageSharesOutstanding": 511.2,
        "dilutedEPS": 0.03,
        "ebit": 22.423,
        "grossIncome": 82.552,
        "interestExpense": 0.33,
        "interestIncomeExpense": -0.33,
        "netIncome": 15.373,
        "netIncomeAfterTaxes": 15.373,
        "period": "2016-09-30",
        "pretaxIncome": 21.644,
        "provisionforIncomeTaxes": 6.271,
        "researchDevelopment": 34.15,
        "revenue": 528.763,
        "sgaExpense": 25.979,
        "totalOperatingExpense": 60.129,
        "totalOtherIncomeExpenseNet": -0.449
      },
      {
        "costOfGoodsSold": 460.359,
        "dilutedAverageSharesOutstanding": 524.33,
        "dilutedEPS": 0.01,
        "ebit": 10.964,
        "grossIncome": 70.856,
        "interestExpense": 0.453,
        "interestIncomeExpense": -0.453,
        "netIncome": 5.48,
        "netIncomeAfterTaxes": 5.48,
        "period": "2016-06-30",
        "pretaxIncome": 10.445,
        "provisionforIncomeTaxes": 4.965,
        "researchDevelopment": 33.691,
        "revenue": 531.215,
        "sgaExpense": 26.201,
        "totalOperatingExpense": 59.892,
        "totalOtherIncomeExpenseNet": -0.066
      },
      {
        "costOfGoodsSold": 434.485,
        "dilutedAverageSharesOutstanding": 522.38,
        "dilutedEPS": 0.03,
        "ebit": 23.708,
        "grossIncome": 78.983,
        "interestExpense": 0.417,
        "interestIncomeExpense": -0.417,
        "netIncome": 16.046,
        "netIncomeAfterTaxes": 16.046,
        "period": "2016-03-31",
        "pretaxIncome": 23.438,
        "provisionforIncomeTaxes": 7.392,
        "researchDevelopment": 31.726,
        "revenue": 513.468,
        "sgaExpense": 23.549,
        "totalOperatingExpense": 55.275,
        "totalOtherIncomeExpenseNet": 0.147
      },
      {
        "costOfGoodsSold": 538.048,
        "dilutedAverageSharesOutstanding": 514.89,
        "dilutedEPS": 0.06,
        "ebit": 47.614,
        "grossIncome": 103.187,
        "interestExpense": 0.4,
        "interestIncomeExpense": -0.4,
        "netIncome": 33.204,
        "netIncomeAfterTaxes": 33.204,
        "period": "2015-12-31",
        "pretaxIncome": 46.572,
        "provisionforIncomeTaxes": 13.368,
        "researchDevelopment": 30.659,
        "revenue": 641.235,
        "sgaExpense": 24.914,
        "totalOperatingExpense": 55.573,
        "totalOtherIncomeExpenseNet": -0.642
      },
      {
        "costOfGoodsSold": 461.629,
        "dilutedAverageSharesOutstanding": 513.52,
        "dilutedEPS": 0.03,
        "ebit": 25.205,
        "grossIncome": 77.475,
        "interestExpense": 0.324,
        "interestIncomeExpense": -0.324,
        "netIncome": 17.351,
        "netIncomeAfterTaxes": 17.351,
        "period": "2015-09-30",
        "pretaxIncome": 26.949,
        "provisionforIncomeTaxes": 9.598,
        "researchDevelopment": 28.147,
        "revenue": 539.104,
        "sgaExpense": 24.123,
        "totalOperatingExpense": 52.27,
        "totalOtherIncomeExpenseNet": 2.068
      }
    ],
    "symbol": "SMCI"
  }
}