{
  "symbol": "ARE",
  "statement": "ic",
  "frequency": "annual",
  "timestamp": "2025-09-19T13:55:29.124420",
  "data": {
    "financials": [
      {
        "costOfGoodsSold": 909.265,
        "depreciationAmortization": 1202.38,
        "dilutedAverageSharesOutstanding": 172.071,
        "dilutedEPS": 1.799,
        "ebit": 953.604,
        "gainLossOnDispositionOfAssets": 129.312,
        "grossIncome": 2324.343,
        "interestExpense": 185.838,
        "interestIncomeExpense": -291.025,
        "minorityInterest": -187.784,
        "netIncome": 309.555,
        "netIncomeAfterTaxes": 510.733,
        "nonRecurringItems": -281.158,
        "period": "2024-12-31",
        "pretaxIncome": 510.733,
        "revenue": 3233.608,
        "sgaExpense": 168.359,
        "totalOperatingExpense": 1370.739,
        "year": 2024
      },
      {
        "costOfGoodsSold": 859.18,
        "depreciationAmortization": 1093.473,
        "dilutedAverageSharesOutstanding": 170.909,
        "dilutedEPS": 0.5409,
        "ebit": 814.32,
        "gainLossOnDispositionOfAssets": 277.037,
        "grossIncome": 2107.147,
        "interestExpense": 74.204,
        "interestIncomeExpense": -274.699,
        "minorityInterest": -177.355,
        "netIncome": 92.444,
        "netIncomeAfterTaxes": 280.994,
        "nonRecurringItems": -535.664,
        "period": "2023-12-31",
        "pretaxIncome": 280.994,
        "revenue": 2966.327,
        "sgaExpense": 199.354,
        "totalOperatingExpense": 1292.827,
        "year": 2023
      },
      {
        "costOfGoodsSold": 783.2,
        "depreciationAmortization": 1002.1,
        "dilutedAverageSharesOutstanding": 161.7,
        "dilutedEPS": 3.18,
        "ebit": 706.8,
        "gainLossOnDispositionOfAssets": 537.9,
        "grossIncome": 1886.2,
        "interestExpense": 94.203,
        "interestIncomeExpense": -505.8,
        "minorityInterest": -149,
        "netIncome": 513.3,
        "netIncomeAfterTaxes": 670.7,
        "nonRecurringItems": -68.3,
        "period": "2022-12-31",
        "pretaxIncome": 670.7,
        "revenue": 2669.4,
        "sgaExpense": 177.3,
        "totalOperatingExpense": 1179.4,
        "year": 2022
      },
      {
        "costOfGoodsSold": 623.6,
        "depreciationAmortization": 821.1,
        "dilutedAverageSharesOutstanding": 147.5,
        "dilutedEPS": 3.82,
        "ebit": 518,
        "gainLossOnDispositionOfAssets": 126.6,
        "grossIncome": 1490.6,
        "interestExpense": 142.165,
        "interestIncomeExpense": 129.6,
        "minorityInterest": -83,
        "netIncome": 563.4,
        "netIncomeAfterTaxes": 654.3,
        "nonRecurringItems": -119.9,
        "period": "2021-12-31",
        "pretaxIncome": 654.3,
        "revenue": 2114.2,
        "sgaExpense": 151.5,
        "totalOperatingExpense": 972.5,
        "year": 2021
      },
      {
        "costOfGoodsSold": 530.2,
        "depreciationAmortization": 698.1,
        "dilutedAverageSharesOutstanding": 126.5,
        "dilutedEPS": 6.01,
        "ebit": 523.9,
        "gainLossOnDispositionOfAssets": 154.1,
        "grossIncome": 1355.4,
        "interestExpense": 171.609,
        "interestIncomeExpense": 257.9,
        "minorityInterest": -56.2,
        "netIncome": 760.8,
        "netIncomeAfterTaxes": 827.2,
        "nonRecurringItems": -108.7,
        "period": "2020-12-31",
        "pretaxIncome": 827.2,
        "revenue": 1885.6,
        "sgaExpense": 133.3,
        "totalOperatingExpense": 831.5,
        "year": 2020
      },
      {
        "costOfGoodsSold": 445.5,
        "depreciationAmortization": 544.6,
        "dilutedAverageSharesOutstanding": 112.5,
        "dilutedEPS": 3.12,
        "ebit": 432.4,
        "gainLossOnDispositionOfAssets": 0.5,
        "grossIncome": 1085.8,
        "interestExpense": 173.675,
        "interestIncomeExpense": 31.1,
        "minorityInterest": -40.9,
        "netIncome": 351,
        "netIncomeAfterTaxes": 404,
        "nonRecurringItems": -59.9,
        "period": "2019-12-31",
        "pretaxIncome": 404,
        "revenue": 1531.3,
        "sgaExpense": 108.8,
        "totalOperatingExpense": 653.4,
        "year": 2019
      },
      {
        "costOfGoodsSold": 381.1,
        "depreciationAmortization": 477.7,
        "dilutedAverageSharesOutstanding": 103.3,
        "dilutedEPS": 3.52,
        "ebit": 378.2,
        "gainLossOnDispositionOfAssets": 8.7,
        "grossIncome": 946.3,
        "interestExpense": 157.495,
        "interestIncomeExpense": 23.2,
        "minorityInterest": -23.5,
        "netIncome": 364,
        "netIncomeAfterTaxes": 402.8,
        "nonRecurringItems": -7.4,
        "period": "2018-12-31",
        "pretaxIncome": 402.8,
        "revenue": 1327.5,
        "sgaExpense": 90.4,
        "totalOperatingExpense": 568.1,
        "year": 2018
      },
      {
        "costOfGoodsSold": 325.6,
        "depreciationAmortization": 416.8,
        "dilutedAverageSharesOutstanding": 92.1,
        "dilutedEPS": 1.58,
        "ebit": 310.7,
        "gainLossOnDispositionOfAssets": 0.4,
        "grossIncome": 802.5,
        "interestExpense": 128.645,
        "interestIncomeExpense": -113.2,
        "minorityInterest": -25.1,
        "netIncome": 145.4,
        "netIncomeAfterTaxes": 194.2,
        "nonRecurringItems": -3.7,
        "period": "2017-12-31",
        "pretaxIncome": 194.2,
        "revenue": 1128.1,
        "sgaExpense": 75,
        "totalOperatingExpense": 491.8,
        "year": 2017
      },
      {
        "costOfGoodsSold": 278.4,
        "depreciationAmortization": 313.4,
        "dilutedAverageSharesOutstanding": 76.1,
        "dilutedEPS": -1.99,
        "ebit": 266,
        "gainLossOnDispositionOfAssets": 3.7,
        "grossIncome": 643.3,
        "interestExpense": 106.953,
        "interestIncomeExpense": -107.1,
        "minorityInterest": -16.1,
        "netIncome": -151.1,
        "netIncomeAfterTaxes": -49.9,
        "nonRecurringItems": -212.5,
        "period": "2016-12-31",
        "pretaxIncome": -49.9,
        "revenue": 921.7,
        "sgaExpense": 63.9,
        "totalOperatingExpense": 377.3,
        "year": 2016
      },
      {
        "costOfGoodsSold": 261.2,
        "depreciationAmortization": 261.3,
        "dilutedAverageSharesOutstanding": 71.5,
        "dilutedEPS": 1.63,
        "ebit": 261.3,
        "gainLossOnDispositionOfAssets": 12.4,
        "grossIncome": 582.2,
        "interestExpense": 105.813,
        "interestIncomeExpense": -104.2,
        "minorityInterest": -1.9,
        "netIncome": 116.9,
        "netIncomeAfterTaxes": 146.2,
        "nonRecurringItems": -23.4,
        "period": "2015-12-31",
        "pretaxIncome": 146.2,
        "revenue": 843.5,
        "sgaExpense": 59.6,
        "totalOperatingExpense": 321,
        "year": 2015
      }
    ],
    "symbol": "ARE"
  }
}