{
  "symbol": "PTC",
  "statement": "ic",
  "frequency": "quarterly",
  "timestamp": "2025-09-19T14:05:52.720434",
  "data": {
    "financials": [
      {
        "costOfGoodsSold": 110.025,
        "depreciationAmortization": 11.536,
        "dilutedAverageSharesOutstanding": 120.461,
        "dilutedEPS": 1.1732,
        "ebit": 211.428,
        "grossIncome": 533.912,
        "interestExpense": 18.404,
        "interestIncomeExpense": -17.504,
        "netIncome": 141.328,
        "netIncomeAfterTaxes": 141.328,
        "nonRecurringItems": -1.6,
        "period": "2025-06-30",
        "pretaxIncome": 193.676,
        "provisionforIncomeTaxes": 52.348,
        "researchDevelopment": 116.647,
        "revenue": 643.937,
        "sgaExpense": 194.301,
        "totalOperatingExpense": 322.484,
        "totalOtherIncomeExpenseNet": 1.352
      },
      {
        "costOfGoodsSold": 106.262,
        "depreciationAmortization": 11.38,
        "dilutedAverageSharesOutstanding": 120.854,
        "dilutedEPS": 1.3458,
        "ebit": 228.277,
        "grossIncome": 530.104,
        "interestExpense": 19.606,
        "interestIncomeExpense": -18.806,
        "netIncome": 162.644,
        "netIncomeAfterTaxes": 162.644,
        "nonRecurringItems": -4.813,
        "period": "2025-03-31",
        "pretaxIncome": 205.249,
        "provisionforIncomeTaxes": 42.605,
        "researchDevelopment": 111.023,
        "revenue": 636.366,
        "sgaExpense": 179.424,
        "totalOperatingExpense": 301.827,
        "totalOtherIncomeExpenseNet": 0.591
      },
      {
        "costOfGoodsSold": 111.797,
        "depreciationAmortization": 11.44,
        "dilutedAverageSharesOutstanding": 121.145,
        "dilutedEPS": 0.6788,
        "ebit": 115.724,
        "grossIncome": 453.331,
        "interestExpense": 22.048,
        "interestIncomeExpense": -21.148,
        "netIncome": 82.232,
        "netIncomeAfterTaxes": 82.232,
        "nonRecurringItems": -0.2,
        "period": "2024-12-31",
        "pretaxIncome": 93.154,
        "provisionforIncomeTaxes": 10.922,
        "researchDevelopment": 115.516,
        "revenue": 565.128,
        "sgaExpense": 210.651,
        "totalOperatingExpense": 337.607,
        "totalOtherIncomeExpenseNet": -1.222
      },
      {
        "costOfGoodsSold": 112.825,
        "depreciationAmortization": 10.559,
        "dilutedAverageSharesOutstanding": 121.189,
        "dilutedEPS": 1.044,
        "ebit": 194.073,
        "grossIncome": 513.722,
        "interestExpense": 24.948,
        "interestIncomeExpense": -23.948,
        "netIncome": 126.523,
        "netIncomeAfterTaxes": 126.523,
        "nonRecurringItems": -0.1,
        "period": "2024-09-30",
        "pretaxIncome": 170.245,
        "provisionforIncomeTaxes": 43.722,
        "researchDevelopment": 110.013,
        "revenue": 626.547,
        "sgaExpense": 199.077,
        "totalOperatingExpense": 319.649,
        "totalOtherIncomeExpenseNet": 0.22
      },
      {
        "costOfGoodsSold": 111.916,
        "depreciationAmortization": 10.672,
        "dilutedAverageSharesOutstanding": 120.822,
        "dilutedEPS": 0.5709,
        "ebit": 96.021,
        "grossIncome": 406.723,
        "interestExpense": 27.785,
        "interestIncomeExpense": -26.785,
        "netIncome": 68.978,
        "netIncomeAfterTaxes": 68.978,
        "nonRecurringItems": -0.2,
        "period": "2024-06-30",
        "pretaxIncome": 67.373,
        "provisionforIncomeTaxes": -1.605,
        "researchDevelopment": 110.253,
        "revenue": 518.639,
        "sgaExpense": 189.777,
        "totalOperatingExpense": 310.702,
        "totalOtherIncomeExpenseNet": -1.663
      },
      {
        "costOfGoodsSold": 110.055,
        "depreciationAmortization": 10.424,
        "dilutedAverageSharesOutstanding": 120.712,
        "dilutedEPS": 0.9481,
        "ebit": 179.848,
        "grossIncome": 493.017,
        "interestExpense": 31.586,
        "interestIncomeExpense": -30.486,
        "netIncome": 114.445,
        "netIncomeAfterTaxes": 114.445,
        "nonRecurringItems": -0.293,
        "period": "2024-03-31",
        "pretaxIncome": 145.745,
        "provisionforIncomeTaxes": 31.3,
        "researchDevelopment": 106.998,
        "revenue": 603.072,
        "sgaExpense": 195.747,
        "totalOperatingExpense": 313.169,
        "totalOtherIncomeExpenseNet": -3.324
      },
      {
        "costOfGoodsSold": 110.02,
        "depreciationAmortization": 10.363,
        "dilutedAverageSharesOutstanding": 120.25,
        "dilutedEPS": 0.5521,
        "ebit": 120.418,
        "grossIncome": 440.194,
        "interestExpense": 35.334,
        "interestIncomeExpense": -34.034,
        "netIncome": 66.387,
        "netIncomeAfterTaxes": 66.387,
        "nonRecurringItems": -1.705,
        "period": "2023-12-31",
        "pretaxIncome": 85.599,
        "provisionforIncomeTaxes": 19.212,
        "researchDevelopment": 105.783,
        "revenue": 550.214,
        "sgaExpense": 203.63,
        "totalOperatingExpense": 319.776,
        "totalOtherIncomeExpenseNet": 0.92
      },
      {
        "costOfGoodsSold": 115.9,
        "depreciationAmortization": 10.7,
        "dilutedAverageSharesOutstanding": 120.1,
        "dilutedEPS": 0.38,
        "ebit": 121.2,
        "grossIncome": 430.8,
        "interestExpense": 35.698,
        "interestIncomeExpense": -34.2,
        "netIncome": 45.6,
        "netIncomeAfterTaxes": 45.6,
        "nonRecurringItems": -0.1,
        "period": "2023-09-30",
        "pretaxIncome": 88.5,
        "provisionforIncomeTaxes": 42.9,
        "researchDevelopment": 102,
        "revenue": 546.6,
        "sgaExpense": 196.8,
        "totalOperatingExpense": 309.5,
        "totalOtherIncomeExpenseNet": 1.6
      },
      {
        "costOfGoodsSold": 115.9,
        "depreciationAmortization": 10.7,
        "dilutedAverageSharesOutstanding": 119.4,
        "dilutedEPS": 0.51,
        "ebit": 110.7,
        "grossIncome": 426.5,
        "interestExpense": 35.836,
        "interestIncomeExpense": -34.4,
        "netIncome": 61.4,
        "netIncomeAfterTaxes": 61.4,
        "nonRecurringItems": -0.8,
        "period": "2023-06-30",
        "pretaxIncome": 76.5,
        "provisionforIncomeTaxes": 15.1,
        "researchDevelopment": 103.8,
        "revenue": 542.3,
        "sgaExpense": 201.3,
        "totalOperatingExpense": 315.7,
        "totalOtherIncomeExpenseNet": 1.1
      },
      {
        "costOfGoodsSold": 113.5,
        "depreciationAmortization": 10.7,
        "dilutedAverageSharesOutstanding": 119,
        "dilutedEPS": 0.53,
        "ebit": 134.4,
        "grossIncome": 428.7,
        "interestExpense": 41.525,
        "interestIncomeExpense": -40,
        "netIncome": 63.5,
        "netIncomeAfterTaxes": 63.5,
        "nonRecurringItems": -11.9,
        "period": "2023-03-31",
        "pretaxIncome": 81.1,
        "provisionforIncomeTaxes": 17.6,
        "researchDevelopment": 100.3,
        "revenue": 542.2,
        "sgaExpense": 183.2,
        "totalOperatingExpense": 294.2,
        "totalOtherIncomeExpenseNet": -1.4
      },
      {
        "costOfGoodsSold": 95.8,
        "depreciationAmortization": 8,
        "dilutedAverageSharesOutstanding": 118.8,
        "dilutedEPS": 0.63,
        "ebit": 110.4,
        "grossIncome": 370.1,
        "interestExpense": 16.358,
        "interestIncomeExpense": -15.4,
        "netIncome": 75,
        "netIncomeAfterTaxes": 75,
        "nonRecurringItems": -5.5,
        "period": "2022-12-31",
        "pretaxIncome": 86.4,
        "provisionforIncomeTaxes": 11.4,
        "researchDevelopment": 88.2,
        "revenue": 465.9,
        "sgaExpense": 163.6,
        "totalOperatingExpense": 259.7,
        "totalOtherIncomeExpenseNet": -3.1
      },
      {
        "costOfGoodsSold": 95.5,
        "depreciationAmortization": 9.1,
        "dilutedAverageSharesOutstanding": 118.6,
        "dilutedEPS": 0.9,
        "ebit": 147.2,
        "grossIncome": 412.4,
        "interestExpense": 15.285,
        "interestIncomeExpense": -14.4,
        "netIncome": 106.8,
        "netIncomeAfterTaxes": 106.8,
        "nonRecurringItems": -1.2,
        "period": "2022-09-30",
        "pretaxIncome": 137.4,
        "provisionforIncomeTaxes": 30.5,
        "researchDevelopment": 88.2,
        "revenue": 507.9,
        "sgaExpense": 167.8,
        "totalOperatingExpense": 265.2,
        "totalOtherIncomeExpenseNet": 5.7
      },
      {
        "costOfGoodsSold": 102,
        "depreciationAmortization": 8.9,
        "dilutedAverageSharesOutstanding": 118,
        "dilutedEPS": 0.6,
        "ebit": 90.9,
        "grossIncome": 360.5,
        "interestExpense": 13.758,
        "interestIncomeExpense": -13.2,
        "netIncome": 70.5,
        "netIncomeAfterTaxes": 70.5,
        "nonRecurringItems": -10.9,
        "period": "2022-06-30",
        "pretaxIncome": 100.8,
        "provisionforIncomeTaxes": 30.3,
        "researchDevelopment": 88.2,
        "revenue": 462.5,
        "sgaExpense": 172.5,
        "totalOperatingExpense": 269.6,
        "totalOtherIncomeExpenseNet": 34
      },
      {
        "costOfGoodsSold": 93.3,
        "depreciationAmortization": 8.5,
        "dilutedAverageSharesOutstanding": 117.8,
        "dilutedEPS": 0.76,
        "ebit": 161.5,
        "grossIncome": 411.9,
        "interestExpense": 12.239,
        "interestIncomeExpense": -11.7,
        "netIncome": 89.7,
        "netIncomeAfterTaxes": 89.7,
        "nonRecurringItems": -2.3,
        "period": "2022-03-31",
        "pretaxIncome": 103.6,
        "provisionforIncomeTaxes": 13.9,
        "researchDevelopment": 81.9,
        "revenue": 505.2,
        "sgaExpense": 160,
        "totalOperatingExpense": 250.4,
        "totalOtherIncomeExpenseNet": -43.9
      },
      {
        "costOfGoodsSold": 95.1,
        "depreciationAmortization": 8.5,
        "dilutedAverageSharesOutstanding": 118.6,
        "dilutedEPS": 0.39,
        "ebit": 97.3,
        "grossIncome": 362.6,
        "interestExpense": 12.986,
        "interestIncomeExpense": -12.5,
        "netIncome": 46.1,
        "netIncomeAfterTaxes": 46.1,
        "nonRecurringItems": -35.1,
        "period": "2021-12-31",
        "pretaxIncome": 55.4,
        "provisionforIncomeTaxes": 9.3,
        "researchDevelopment": 80.5,
        "revenue": 457.7,
        "sgaExpense": 176.3,
        "totalOperatingExpense": 265.3,
        "totalOtherIncomeExpenseNet": 5.7
      },
      {
        "costOfGoodsSold": 99.7,
        "depreciationAmortization": 7.7,
        "dilutedAverageSharesOutstanding": 118.9,
        "dilutedEPS": 2.46,
        "ebit": 116.9,
        "grossIncome": 380.9,
        "interestExpense": 12.856,
        "interestIncomeExpense": -12.4,
        "netIncome": 292.9,
        "netIncomeAfterTaxes": 292.9,
        "nonRecurringItems": -1.8,
        "period": "2021-09-30",
        "pretaxIncome": 169.5,
        "provisionforIncomeTaxes": -123.4,
        "researchDevelopment": 78.4,
        "revenue": 480.7,
        "sgaExpense": 177.9,
        "totalOperatingExpense": 264,
        "totalOtherIncomeExpenseNet": 66.7
      },
      {
        "costOfGoodsSold": 95.1,
        "depreciationAmortization": 7.5,
        "dilutedAverageSharesOutstanding": 118.6,
        "dilutedEPS": 0.43,
        "ebit": 74.1,
        "grossIncome": 340.6,
        "interestExpense": 13.178,
        "interestIncomeExpense": -12.8,
        "netIncome": 51.2,
        "netIncomeAfterTaxes": 51.2,
        "nonRecurringItems": -0.5,
        "period": "2021-06-30",
        "pretaxIncome": 58.5,
        "provisionforIncomeTaxes": 7.3,
        "researchDevelopment": 78.1,
        "revenue": 435.7,
        "sgaExpense": 180.9,
        "totalOperatingExpense": 266.5,
        "totalOtherIncomeExpenseNet": -2.3
      },
      {
        "costOfGoodsSold": 89.4,
        "depreciationAmortization": 7.7,
        "dilutedAverageSharesOutstanding": 118.3,
        "dilutedEPS": 0.92,
        "ebit": 112.5,
        "grossIncome": 372.3,
        "interestExpense": 12.925,
        "interestIncomeExpense": -12.6,
        "netIncome": 109.3,
        "netIncomeAfterTaxes": 109.3,
        "nonRecurringItems": -10.8,
        "period": "2021-03-31",
        "pretaxIncome": 86.4,
        "provisionforIncomeTaxes": -22.9,
        "researchDevelopment": 72.5,
        "revenue": 461.8,
        "sgaExpense": 179.7,
        "totalOperatingExpense": 259.9,
        "totalOtherIncomeExpenseNet": -2.7
      },
      {
        "costOfGoodsSold": 86.8,
        "depreciationAmortization": 6.5,
        "dilutedAverageSharesOutstanding": 117.6,
        "dilutedEPS": 0.2,
        "ebit": 94.4,
        "grossIncome": 342.2,
        "interestExpense": 11.518,
        "interestIncomeExpense": -10.9,
        "netIncome": 23.5,
        "netIncomeAfterTaxes": 23.5,
        "nonRecurringItems": -4.1,
        "period": "2020-12-31",
        "pretaxIncome": 77.4,
        "provisionforIncomeTaxes": 53.9,
        "researchDevelopment": 70.8,
        "revenue": 429.1,
        "sgaExpense": 170.4,
        "totalOperatingExpense": 247.8,
        "totalOtherIncomeExpenseNet": -2
      },
      {
        "costOfGoodsSold": 84.6,
        "depreciationAmortization": 7.3,
        "dilutedAverageSharesOutstanding": 117.1,
        "dilutedEPS": 0.46,
        "ebit": 69.2,
        "grossIncome": 306.4,
        "interestExpense": 12.052,
        "interestIncomeExpense": -8.3,
        "netIncome": 53.4,
        "netIncomeAfterTaxes": 53.4,
        "nonRecurringItems": -2.2,
        "period": "2020-09-30",
        "pretaxIncome": 55.4,
        "provisionforIncomeTaxes": 2,
        "researchDevelopment": 69.9,
        "revenue": 391,
        "sgaExpense": 159.9,
        "totalOperatingExpense": 237.2,
        "totalOtherIncomeExpenseNet": -3.4
      },
      {
        "costOfGoodsSold": 79.2,
        "depreciationAmortization": 7.3,
        "dilutedAverageSharesOutstanding": 116.2,
        "dilutedEPS": 0.3,
        "ebit": 62.9,
        "grossIncome": 272.5,
        "interestExpense": 19.66,
        "interestIncomeExpense": -19.7,
        "netIncome": 34.7,
        "netIncomeAfterTaxes": 34.7,
        "nonRecurringItems": 0.5,
        "period": "2020-06-27",
        "pretaxIncome": 44.5,
        "provisionforIncomeTaxes": 9.8,
        "researchDevelopment": 61.4,
        "revenue": 351.7,
        "sgaExpense": 140.9,
        "totalOperatingExpense": 209.6,
        "totalOtherIncomeExpenseNet": 0.8
      },
      {
        "costOfGoodsSold": 83,
        "depreciationAmortization": 7.3,
        "dilutedAverageSharesOutstanding": 116,
        "dilutedEPS": 0.06,
        "ebit": 68.5,
        "grossIncome": 276.6,
        "interestExpense": 31.656,
        "interestIncomeExpense": -31,
        "netIncome": 7.2,
        "netIncomeAfterTaxes": 7.2,
        "nonRecurringItems": -18.5,
        "period": "2020-03-28",
        "pretaxIncome": 15.8,
        "provisionforIncomeTaxes": 8.6,
        "researchDevelopment": 60,
        "revenue": 359.6,
        "sgaExpense": 140.8,
        "totalOperatingExpense": 208.1,
        "totalOtherIncomeExpenseNet": -3.2
      },
      {
        "costOfGoodsSold": 87.4,
        "depreciationAmortization": 6.8,
        "dilutedAverageSharesOutstanding": 115.7,
        "dilutedEPS": 0.31,
        "ebit": 51.5,
        "grossIncome": 268.7,
        "interestExpense": 10.869,
        "interestIncomeExpense": -11.2,
        "netIncome": 35.5,
        "netIncomeAfterTaxes": 35.5,
        "nonRecurringItems": -21.1,
        "period": "2019-12-28",
        "pretaxIncome": 19,
        "provisionforIncomeTaxes": -16.4,
        "researchDevelopment": 65.3,
        "revenue": 356.1,
        "sgaExpense": 145.1,
        "totalOperatingExpense": 217.2,
        "totalOtherIncomeExpenseNet": -0.2
      },
      {
        "costOfGoodsSold": 85.4,
        "depreciationAmortization": 6.1,
        "dilutedAverageSharesOutstanding": 118,
        "dilutedEPS": 0.08,
        "ebit": 54.2,
        "grossIncome": 249.6,
        "interestExpense": 10.572,
        "interestIncomeExpense": -13.7,
        "netIncome": 9.8,
        "netIncomeAfterTaxes": 9.8,
        "nonRecurringItems": -7.6,
        "period": "2019-09-30",
        "pretaxIncome": 33.8,
        "provisionforIncomeTaxes": 24,
        "researchDevelopment": 64.1,
        "revenue": 335,
        "sgaExpense": 125.3,
        "totalOperatingExpense": 195.5,
        "totalOtherIncomeExpenseNet": 0.9
      },
      {
        "costOfGoodsSold": 82.7,
        "depreciationAmortization": 5.9,
        "dilutedAverageSharesOutstanding": 116.1,
        "dilutedEPS": -0.13,
        "ebit": 9.7,
        "grossIncome": 212.8,
        "interestExpense": 10.816,
        "interestIncomeExpense": -8.2,
        "netIncome": -14.8,
        "netIncomeAfterTaxes": -14.8,
        "nonRecurringItems": -0.4,
        "period": "2019-06-29",
        "pretaxIncome": -0.5,
        "provisionforIncomeTaxes": 14.3,
        "researchDevelopment": 60.6,
        "revenue": 295.5,
        "sgaExpense": 136.6,
        "totalOperatingExpense": 203.1,
        "totalOtherIncomeExpenseNet": -1.6
      },
      {
        "costOfGoodsSold": 79.9,
        "depreciationAmortization": 5.9,
        "dilutedAverageSharesOutstanding": 118.5,
        "dilutedEPS": -0.37,
        "ebit": 4.5,
        "grossIncome": 210.5,
        "interestExpense": 11.383,
        "interestIncomeExpense": -12.3,
        "netIncome": -43.5,
        "netIncomeAfterTaxes": -43.5,
        "nonRecurringItems": -27.4,
        "period": "2019-03-30",
        "pretaxIncome": -33.4,
        "provisionforIncomeTaxes": 10.1,
        "researchDevelopment": 61.4,
        "revenue": 290.5,
        "sgaExpense": 138.7,
        "totalOperatingExpense": 206,
        "totalOtherIncomeExpenseNet": 1.8
      },
      {
        "costOfGoodsSold": 77.4,
        "depreciationAmortization": 5.9,
        "dilutedAverageSharesOutstanding": 119.6,
        "dilutedEPS": 0.18,
        "ebit": 48.9,
        "grossIncome": 257.3,
        "interestExpense": 10.276,
        "interestIncomeExpense": -10.5,
        "netIncome": 21,
        "netIncomeAfterTaxes": 21,
        "nonRecurringItems": -18.9,
        "period": "2018-12-29",
        "pretaxIncome": 20.4,
        "provisionforIncomeTaxes": -0.6,
        "researchDevelopment": 60.8,
        "revenue": 334.7,
        "sgaExpense": 141.7,
        "totalOperatingExpense": 208.3,
        "totalOtherIncomeExpenseNet": 0.8
      },
      {
        "costOfGoodsSold": 78.1,
        "depreciationAmortization": 7.8,
        "dilutedAverageSharesOutstanding": 119.6,
        "dilutedEPS": 0.11,
        "ebit": 13.6,
        "grossIncome": 234.4,
        "interestExpense": 10.601,
        "interestIncomeExpense": -11.4,
        "netIncome": 13.2,
        "netIncomeAfterTaxes": 13.2,
        "nonRecurringItems": -2.1,
        "period": "2018-09-30",
        "pretaxIncome": 0.7,
        "provisionforIncomeTaxes": -12.5,
        "researchDevelopment": 62.4,
        "revenue": 312.5,
        "sgaExpense": 150.6,
        "totalOperatingExpense": 220.8,
        "totalOtherIncomeExpenseNet": 0.5
      },
      {
        "costOfGoodsSold": 81.6,
        "depreciationAmortization": 7.9,
        "dilutedAverageSharesOutstanding": 117.5,
        "dilutedEPS": 0.14,
        "ebit": 24.7,
        "grossIncome": 233.1,
        "interestExpense": 10.646,
        "interestIncomeExpense": -19.1,
        "netIncome": 17,
        "netIncomeAfterTaxes": 17,
        "nonRecurringItems": -3.2,
        "period": "2018-06-30",
        "pretaxIncome": 10,
        "provisionforIncomeTaxes": -7,
        "researchDevelopment": 61.2,
        "revenue": 314.8,
        "sgaExpense": 139.3,
        "totalOperatingExpense": 208.4,
        "totalOtherIncomeExpenseNet": 7.6
      },
      {
        "costOfGoodsSold": 83.7,
        "depreciationAmortization": 7.9,
        "dilutedAverageSharesOutstanding": 117.9,
        "dilutedEPS": 0.07,
        "ebit": 22.3,
        "grossIncome": 224.2,
        "interestExpense": 10.379,
        "interestIncomeExpense": -7,
        "netIncome": 7.9,
        "netIncomeAfterTaxes": 7.9,
        "nonRecurringItems": -0.1,
        "period": "2018-03-31",
        "pretaxIncome": 11.5,
        "provisionforIncomeTaxes": 3.6,
        "researchDevelopment": 62.2,
        "revenue": 307.9,
        "sgaExpense": 131.8,
        "totalOperatingExpense": 201.9,
        "totalOtherIncomeExpenseNet": -3.6
      },
      {
        "costOfGoodsSold": 83,
        "depreciationAmortization": 7.8,
        "dilutedAverageSharesOutstanding": 117.7,
        "dilutedEPS": 0.11,
        "ebit": 17.5,
        "grossIncome": 223.6,
        "interestExpense": 10.047,
        "interestIncomeExpense": -7.3,
        "netIncome": 13.9,
        "netIncomeAfterTaxes": 6.8,
        "nonRecurringItems": -0.2,
        "period": "2017-12-30",
        "pretaxIncome": 6.5,
        "provisionforIncomeTaxes": -0.3,
        "researchDevelopment": 64,
        "revenue": 306.6,
        "sgaExpense": 134.3,
        "totalOperatingExpense": 206.1,
        "totalOtherIncomeExpenseNet": -3.6
      },
      {
        "costOfGoodsSold": 82.8,
        "depreciationAmortization": 8.1,
        "dilutedAverageSharesOutstanding": 122.9,
        "dilutedEPS": 0.14,
        "ebit": 17.8,
        "grossIncome": 223.6,
        "interestExpense": 10.161,
        "interestIncomeExpense": -15,
        "netIncome": 17.4,
        "netIncomeAfterTaxes": 17.4,
        "nonRecurringItems": -0.2,
        "period": "2017-09-30",
        "pretaxIncome": 5.5,
        "provisionforIncomeTaxes": -12,
        "researchDevelopment": 60.6,
        "revenue": 306.4,
        "sgaExpense": 137.1,
        "totalOperatingExpense": 205.8,
        "totalOtherIncomeExpenseNet": 2.9
      },
      {
        "costOfGoodsSold": 82.3,
        "depreciationAmortization": 8,
        "dilutedAverageSharesOutstanding": 115.6,
        "dilutedEPS": -0.01,
        "ebit": 13.2,
        "grossIncome": 209,
        "interestExpense": 10.2,
        "interestIncomeExpense": -2.7,
        "netIncome": -1,
        "netIncomeAfterTaxes": -1,
        "nonRecurringItems": -1.9,
        "period": "2017-07-01",
        "pretaxIncome": 0.7,
        "provisionforIncomeTaxes": 1.7,
        "researchDevelopment": 59.9,
        "revenue": 291.3,
        "sgaExpense": 128.1,
        "totalOperatingExpense": 195.8,
        "totalOtherIncomeExpenseNet": -7.8
      },
      {
        "costOfGoodsSold": 81.8,
        "depreciationAmortization": 7.9,
        "dilutedAverageSharesOutstanding": 115.7,
        "dilutedEPS": -0.01,
        "ebit": 8.6,
        "grossIncome": 198.2,
        "interestExpense": 11.725,
        "interestIncomeExpense": -11.3,
        "netIncome": -1.1,
        "netIncomeAfterTaxes": -1.1,
        "nonRecurringItems": -1.1,
        "period": "2017-04-01",
        "pretaxIncome": -1.1,
        "provisionforIncomeTaxes": 0,
        "researchDevelopment": 57.7,
        "revenue": 280,
        "sgaExpense": 124,
        "totalOperatingExpense": 189.6,
        "totalOtherIncomeExpenseNet": 2.7
      },
      {
        "costOfGoodsSold": 82.1,
        "depreciationAmortization": 8.1,
        "dilutedAverageSharesOutstanding": 115.3,
        "dilutedEPS": -0.08,
        "ebit": 11.1,
        "grossIncome": 204.2,
        "interestExpense": 10.3,
        "interestIncomeExpense": -17.7,
        "netIncome": -9.1,
        "netIncomeAfterTaxes": -9.1,
        "nonRecurringItems": -6.5,
        "period": "2016-12-31",
        "pretaxIncome": -6.5,
        "provisionforIncomeTaxes": 2.6,
        "researchDevelopment": 57.9,
        "revenue": 286.3,
        "sgaExpense": 127.2,
        "totalOperatingExpense": 193.2,
        "totalOtherIncomeExpenseNet": 6.7
      },
      {
        "costOfGoodsSold": 82.9,
        "depreciationAmortization": 8.2,
        "dilutedAverageSharesOutstanding": 115,
        "dilutedEPS": -0.25,
        "ebit": -1.1,
        "grossIncome": 205.4,
        "interestExpense": 10.382,
        "interestIncomeExpense": -11.2,
        "netIncome": -28.5,
        "netIncomeAfterTaxes": -28.5,
        "nonRecurringItems": -32,
        "period": "2016-09-30",
        "pretaxIncome": -43.4,
        "provisionforIncomeTaxes": -14.9,
        "researchDevelopment": 57.9,
        "revenue": 288.2,
        "sgaExpense": 140.3,
        "totalOperatingExpense": 206.4,
        "totalOtherIncomeExpenseNet": 0.9
      },
      {
        "costOfGoodsSold": 82.5,
        "depreciationAmortization": 8.3,
        "dilutedAverageSharesOutstanding": 115.7,
        "dilutedEPS": 0.03,
        "ebit": 11.3,
        "grossIncome": 206.2,
        "interestExpense": 8.2,
        "interestIncomeExpense": -8.5,
        "netIncome": 3.1,
        "netIncomeAfterTaxes": 3.1,
        "nonRecurringItems": -3.7,
        "period": "2016-07-02",
        "pretaxIncome": -0.7,
        "provisionforIncomeTaxes": -3.8,
        "researchDevelopment": 57.1,
        "revenue": 288.7,
        "sgaExpense": 129.5,
        "totalOperatingExpense": 194.9,
        "totalOtherIncomeExpenseNet": 0.2
      },
      {
        "costOfGoodsSold": 80.2,
        "depreciationAmortization": 8.4,
        "dilutedAverageSharesOutstanding": 114.6,
        "dilutedEPS": -0.05,
        "ebit": 7.5,
        "grossIncome": 192.4,
        "interestExpense": 4.8,
        "interestIncomeExpense": -4.5,
        "netIncome": -5.2,
        "netIncomeAfterTaxes": -5.2,
        "nonRecurringItems": -5.7,
        "period": "2016-04-02",
        "pretaxIncome": -3.6,
        "provisionforIncomeTaxes": 1.6,
        "researchDevelopment": 56.6,
        "revenue": 272.6,
        "sgaExpense": 120,
        "totalOperatingExpense": 185,
        "totalOtherIncomeExpenseNet": -0.8
      },
      {
        "costOfGoodsSold": 80.1,
        "depreciationAmortization": 8.4,
        "dilutedAverageSharesOutstanding": 114.2,
        "dilutedEPS": -0.21,
        "ebit": 25,
        "grossIncome": 210.9,
        "interestExpense": 6.6,
        "interestIncomeExpense": -6.7,
        "netIncome": -23.9,
        "netIncomeAfterTaxes": -23.9,
        "nonRecurringItems": -38.3,
        "period": "2016-01-02",
        "pretaxIncome": -19.5,
        "provisionforIncomeTaxes": 4.3,
        "researchDevelopment": 57.7,
        "revenue": 291,
        "sgaExpense": 119.8,
        "totalOperatingExpense": 185.9,
        "totalOtherIncomeExpenseNet": 0.5
      },
      {
        "costOfGoodsSold": 76.4,
        "depreciationAmortization": 8.4,
        "dilutedAverageSharesOutstanding": 114,
        "dilutedEPS": -0.05,
        "ebit": 45.7,
        "grossIncome": 236.2,
        "interestExpense": 3.842,
        "interestIncomeExpense": -5.7,
        "netIncome": -5.6,
        "netIncomeAfterTaxes": -5.6,
        "nonRecurringItems": -67.3,
        "period": "2015-09-30",
        "pretaxIncome": -26.2,
        "provisionforIncomeTaxes": -20.7,
        "researchDevelopment": 52.2,
        "revenue": 312.6,
        "sgaExpense": 129.9,
        "totalOperatingExpense": 190.5,
        "totalOtherIncomeExpenseNet": 1.1
      }
    ],
    "symbol": "PTC"
  }
}