{
  "symbol": "CTRA",
  "statement": "ic",
  "frequency": "quarterly",
  "timestamp": "2025-09-19T13:58:39.780887",
  "data": {
    "financials": [
      {
        "costOfGoodsSold": 313,
        "depreciationAmortization": 575,
        "dilutedAverageSharesOutstanding": 767,
        "dilutedEPS": 0.6662,
        "ebit": 705,
        "grossIncome": 1652,
        "interestExpense": 54,
        "interestIncomeExpense": -46,
        "netIncome": 511,
        "netIncomeAfterTaxes": 511,
        "nonRecurringItems": 3,
        "otherOperatingExpensesTotal": 4,
        "period": "2025-06-30",
        "pretaxIncome": 658,
        "provisionforIncomeTaxes": 147,
        "researchDevelopment": 4,
        "revenue": 1965,
        "sgaExpense": 364,
        "totalOperatingExpense": 947,
        "totalOtherIncomeExpenseNet": -4
      },
      {
        "costOfGoodsSold": 309,
        "depreciationAmortization": 503,
        "dilutedAverageSharesOutstanding": 761,
        "dilutedEPS": 0.6781,
        "ebit": 715,
        "grossIncome": 1595,
        "interestExpense": 55,
        "interestIncomeExpense": -42,
        "netIncome": 516,
        "netIncomeAfterTaxes": 516,
        "nonRecurringItems": -13,
        "otherOperatingExpensesTotal": 3,
        "period": "2025-03-31",
        "pretaxIncome": 657,
        "provisionforIncomeTaxes": 141,
        "researchDevelopment": 10,
        "revenue": 1904,
        "sgaExpense": 364,
        "totalOperatingExpense": 880,
        "totalOtherIncomeExpenseNet": -3
      },
      {
        "costOfGoodsSold": 264,
        "depreciationAmortization": 483,
        "dilutedAverageSharesOutstanding": 739,
        "dilutedEPS": 0.4033,
        "ebit": 326,
        "grossIncome": 1131,
        "interestExpense": 25,
        "interestIncomeExpense": -9,
        "netIncome": 298,
        "netIncomeAfterTaxes": 297,
        "nonRecurringItems": 0,
        "otherOperatingExpensesTotal": 3,
        "period": "2024-12-31",
        "pretaxIncome": 308,
        "provisionforIncomeTaxes": 11,
        "researchDevelopment": 6,
        "revenue": 1395,
        "sgaExpense": 313,
        "totalOperatingExpense": 805,
        "totalOtherIncomeExpenseNet": -9
      },
      {
        "costOfGoodsSold": 272,
        "depreciationAmortization": 473,
        "dilutedAverageSharesOutstanding": 744,
        "dilutedEPS": 0.3374,
        "ebit": 324,
        "grossIncome": 1087,
        "interestExpense": 27,
        "interestIncomeExpense": -6,
        "netIncome": 251,
        "netIncomeAfterTaxes": 252,
        "nonRecurringItems": 3,
        "otherOperatingExpensesTotal": 2,
        "period": "2024-09-30",
        "pretaxIncome": 319,
        "provisionforIncomeTaxes": 67,
        "researchDevelopment": 9,
        "revenue": 1359,
        "sgaExpense": 279,
        "totalOperatingExpense": 763,
        "totalOtherIncomeExpenseNet": -2
      },
      {
        "costOfGoodsSold": 268,
        "depreciationAmortization": 444,
        "dilutedAverageSharesOutstanding": 748,
        "dilutedEPS": 0.2928,
        "ebit": 295,
        "grossIncome": 1003,
        "interestExpense": 27,
        "interestIncomeExpense": -2,
        "netIncome": 219,
        "netIncomeAfterTaxes": 220,
        "nonRecurringItems": 1,
        "otherOperatingExpensesTotal": 3,
        "period": "2024-06-30",
        "pretaxIncome": 281,
        "provisionforIncomeTaxes": 61,
        "researchDevelopment": 5,
        "revenue": 1271,
        "sgaExpense": 256,
        "totalOperatingExpense": 708,
        "totalOtherIncomeExpenseNet": -13
      },
      {
        "costOfGoodsSold": 276,
        "depreciationAmortization": 429,
        "dilutedAverageSharesOutstanding": 755,
        "dilutedEPS": 0.4662,
        "ebit": 441,
        "grossIncome": 1157,
        "interestExpense": 22,
        "interestIncomeExpense": -1,
        "netIncome": 352,
        "netIncomeAfterTaxes": 352,
        "nonRecurringItems": -1,
        "otherOperatingExpensesTotal": 3,
        "period": "2024-03-31",
        "pretaxIncome": 437,
        "provisionforIncomeTaxes": 85,
        "researchDevelopment": 5,
        "revenue": 1433,
        "sgaExpense": 279,
        "totalOperatingExpense": 716,
        "totalOtherIncomeExpenseNet": -2
      },
      {
        "costOfGoodsSold": 258,
        "depreciationAmortization": 454,
        "dilutedAverageSharesOutstanding": 754,
        "dilutedEPS": 0.5504,
        "ebit": 579,
        "grossIncome": 1338,
        "interestExpense": 21,
        "interestIncomeExpense": 0,
        "netIncome": 415,
        "netIncomeAfterTaxes": 416,
        "nonRecurringItems": -2,
        "otherOperatingExpensesTotal": 2,
        "period": "2023-12-31",
        "pretaxIncome": 569,
        "provisionforIncomeTaxes": 153,
        "researchDevelopment": 6,
        "revenue": 1596,
        "sgaExpense": 297,
        "totalOperatingExpense": 759,
        "totalOtherIncomeExpenseNet": -8
      },
      {
        "costOfGoodsSold": 257,
        "depreciationAmortization": 418,
        "dilutedAverageSharesOutstanding": 758,
        "dilutedEPS": 0.4248,
        "ebit": 416,
        "grossIncome": 1099,
        "interestExpense": 20,
        "interestIncomeExpense": -6,
        "netIncome": 322,
        "netIncomeAfterTaxes": 323,
        "nonRecurringItems": 8,
        "otherOperatingExpensesTotal": 3,
        "period": "2023-09-30",
        "pretaxIncome": 417,
        "provisionforIncomeTaxes": 94,
        "researchDevelopment": 5,
        "revenue": 1356,
        "sgaExpense": 257,
        "totalOperatingExpense": 683,
        "totalOtherIncomeExpenseNet": -1
      },
      {
        "costOfGoodsSold": 286,
        "depreciationAmortization": 393,
        "dilutedAverageSharesOutstanding": 760,
        "dilutedEPS": 0.2737,
        "ebit": 279,
        "grossIncome": 899,
        "interestExpense": 21,
        "interestIncomeExpense": -5,
        "netIncome": 208,
        "netIncomeAfterTaxes": 209,
        "nonRecurringItems": -3,
        "otherOperatingExpensesTotal": 2,
        "period": "2023-06-30",
        "pretaxIncome": 270,
        "provisionforIncomeTaxes": 61,
        "researchDevelopment": 5,
        "revenue": 1185,
        "sgaExpense": 220,
        "totalOperatingExpense": 620,
        "totalOtherIncomeExpenseNet": -1
      },
      {
        "costOfGoodsSold": 264,
        "depreciationAmortization": 366,
        "dilutedAverageSharesOutstanding": 768,
        "dilutedEPS": 0.8789,
        "ebit": 879,
        "grossIncome": 1513,
        "interestExpense": 20,
        "interestIncomeExpense": -3,
        "netIncome": 675,
        "netIncomeAfterTaxes": 677,
        "nonRecurringItems": -2,
        "otherOperatingExpensesTotal": 3,
        "period": "2023-03-31",
        "pretaxIncome": 872,
        "provisionforIncomeTaxes": 195,
        "researchDevelopment": 4,
        "revenue": 1777,
        "sgaExpense": 261,
        "totalOperatingExpense": 634,
        "totalOtherIncomeExpenseNet": -2
      },
      {
        "costOfGoodsSold": 254,
        "depreciationAmortization": 437,
        "dilutedAverageSharesOutstanding": 781,
        "dilutedEPS": 1.3188,
        "ebit": 1306,
        "grossIncome": 2026,
        "interestExpense": 20,
        "interestIncomeExpense": -15,
        "netIncome": 1030,
        "netIncomeAfterTaxes": 1032,
        "nonRecurringItems": -9,
        "otherOperatingExpensesTotal": 2,
        "period": "2022-12-31",
        "pretaxIncome": 1288,
        "provisionforIncomeTaxes": 256,
        "researchDevelopment": 6,
        "revenue": 2280,
        "sgaExpense": 275,
        "totalOperatingExpense": 720,
        "totalOtherIncomeExpenseNet": 6
      },
      {
        "costOfGoodsSold": 280,
        "depreciationAmortization": 420,
        "dilutedAverageSharesOutstanding": 797,
        "dilutedEPS": 1.4981,
        "ebit": 1519,
        "grossIncome": 2240,
        "interestExpense": 29,
        "interestIncomeExpense": -18,
        "netIncome": 1194,
        "netIncomeAfterTaxes": 1196,
        "nonRecurringItems": 13,
        "otherOperatingExpensesTotal": 2,
        "period": "2022-09-30",
        "pretaxIncome": 1515,
        "provisionforIncomeTaxes": 319,
        "researchDevelopment": 10,
        "revenue": 2520,
        "sgaExpense": 289,
        "totalOperatingExpense": 721,
        "totalOtherIncomeExpenseNet": 1
      },
      {
        "costOfGoodsSold": 260,
        "depreciationAmortization": 411,
        "dilutedAverageSharesOutstanding": 808,
        "dilutedEPS": 1.5198,
        "ebit": 1626,
        "grossIncome": 2312,
        "interestExpense": 21,
        "interestIncomeExpense": -21,
        "netIncome": 1228,
        "netIncomeAfterTaxes": 1229,
        "nonRecurringItems": -17,
        "otherOperatingExpensesTotal": 3,
        "period": "2022-06-30",
        "pretaxIncome": 1588,
        "provisionforIncomeTaxes": 359,
        "researchDevelopment": 7,
        "revenue": 2572,
        "sgaExpense": 265,
        "totalOperatingExpense": 686
      },
      {
        "costOfGoodsSold": 251,
        "depreciationAmortization": 358,
        "dilutedAverageSharesOutstanding": 814,
        "dilutedEPS": 0.7432,
        "ebit": 828,
        "grossIncome": 1428,
        "interestExpense": 21,
        "interestIncomeExpense": -21,
        "netIncome": 605,
        "netIncomeAfterTaxes": 608,
        "nonRecurringItems": -29,
        "otherOperatingExpensesTotal": 2,
        "period": "2022-03-31",
        "pretaxIncome": 778,
        "provisionforIncomeTaxes": 170,
        "researchDevelopment": 6,
        "revenue": 1679,
        "sgaExpense": 234,
        "totalOperatingExpense": 600
      },
      {
        "costOfGoodsSold": 345.632,
        "depreciationAmortization": 410.014,
        "dilutedAverageSharesOutstanding": 813.623,
        "dilutedEPS": 1.1534,
        "ebit": 1241.089,
        "grossIncome": 1878.625,
        "interestExpense": 24.488,
        "interestIncomeExpense": -24.488,
        "netIncome": 938.468,
        "netIncomeAfterTaxes": 938.468,
        "nonRecurringItems": -2.275,
        "period": "2021-12-31",
        "pretaxIncome": 1214.465,
        "provisionforIncomeTaxes": 275.997,
        "researchDevelopment": 9.007,
        "revenue": 2224.257,
        "sgaExpense": 218.515,
        "totalOperatingExpense": 637.536,
        "totalOtherIncomeExpenseNet": 0.139
      },
      {
        "costOfGoodsSold": 170.148,
        "depreciationAmortization": 97.289,
        "dilutedAverageSharesOutstanding": 402.738,
        "dilutedEPS": 0.1557,
        "ebit": 95.656,
        "grossIncome": 270.248,
        "interestExpense": 12.577,
        "interestIncomeExpense": -12.577,
        "netIncome": 62.714,
        "netIncomeAfterTaxes": 62.714,
        "nonRecurringItems": 0.184,
        "period": "2021-09-30",
        "pretaxIncome": 83.216,
        "provisionforIncomeTaxes": 20.502,
        "researchDevelopment": 3.998,
        "revenue": 440.396,
        "sgaExpense": 73.305,
        "totalOperatingExpense": 174.592,
        "totalOtherIncomeExpenseNet": -0.047
      },
      {
        "costOfGoodsSold": 149.642,
        "depreciationAmortization": 91.549,
        "dilutedAverageSharesOutstanding": 402.206,
        "dilutedEPS": 0.0757,
        "ebit": 53.888,
        "grossIncome": 175.025,
        "interestExpense": 12.558,
        "interestIncomeExpense": -12.558,
        "netIncome": 30.464,
        "netIncomeAfterTaxes": 30.464,
        "nonRecurringItems": 0.02,
        "period": "2021-06-30",
        "pretaxIncome": 41.304,
        "provisionforIncomeTaxes": 10.84,
        "researchDevelopment": 2.368,
        "revenue": 324.667,
        "sgaExpense": 27.22,
        "totalOperatingExpense": 121.137,
        "totalOtherIncomeExpenseNet": -0.046
      },
      {
        "costOfGoodsSold": 153.578,
        "depreciationAmortization": 94.148,
        "dilutedAverageSharesOutstanding": 401.811,
        "dilutedEPS": 0.3145,
        "ebit": 175.367,
        "grossIncome": 306.102,
        "interestExpense": 12.377,
        "interestIncomeExpense": -12.377,
        "netIncome": 126.354,
        "netIncomeAfterTaxes": 126.354,
        "nonRecurringItems": 0.071,
        "period": "2021-03-31",
        "pretaxIncome": 163.015,
        "provisionforIncomeTaxes": 36.661,
        "researchDevelopment": 2.627,
        "revenue": 459.68,
        "sgaExpense": 33.96,
        "totalOperatingExpense": 130.735,
        "totalOtherIncomeExpenseNet": -0.046
      },
      {
        "costOfGoodsSold": 164.078,
        "depreciationAmortization": 96.497,
        "dilutedAverageSharesOutstanding": 400.204,
        "dilutedEPS": 0.3278,
        "ebit": 163.244,
        "grossIncome": 292.7,
        "interestExpense": 10.981,
        "interestIncomeExpense": -10.981,
        "netIncome": 131.206,
        "netIncomeAfterTaxes": 131.206,
        "nonRecurringItems": -0.352,
        "otherOperatingExpensesTotal": 4.75,
        "period": "2020-12-31",
        "pretaxIncome": 151.853,
        "provisionforIncomeTaxes": 20.647,
        "revenue": 456.778,
        "sgaExpense": 28.209,
        "totalOperatingExpense": 129.456,
        "totalOtherIncomeExpenseNet": -0.058
      },
      {
        "costOfGoodsSold": 167.179,
        "depreciationAmortization": 99.649,
        "dilutedAverageSharesOutstanding": 398.58,
        "dilutedEPS": -0.0375,
        "ebit": -7.564,
        "grossIncome": 123.862,
        "interestExpense": 14.389,
        "interestIncomeExpense": -14.389,
        "netIncome": -14.961,
        "netIncomeAfterTaxes": -14.961,
        "nonRecurringItems": 0.031,
        "period": "2020-09-30",
        "pretaxIncome": -21.979,
        "provisionforIncomeTaxes": -7.018,
        "researchDevelopment": 3.9,
        "revenue": 291.041,
        "sgaExpense": 27.877,
        "totalOperatingExpense": 131.426,
        "totalOtherIncomeExpenseNet": -0.057
      },
      {
        "costOfGoodsSold": 152.672,
        "depreciationAmortization": 94.622,
        "dilutedAverageSharesOutstanding": 401.279,
        "dilutedEPS": 0.0757,
        "ebit": 53.957,
        "grossIncome": 179.676,
        "interestExpense": 14.543,
        "interestIncomeExpense": -14.543,
        "netIncome": 30.374,
        "netIncomeAfterTaxes": 30.374,
        "nonRecurringItems": -0.241,
        "period": "2020-06-30",
        "pretaxIncome": 39.125,
        "provisionforIncomeTaxes": 8.751,
        "researchDevelopment": 4.579,
        "revenue": 332.348,
        "sgaExpense": 26.518,
        "totalOperatingExpense": 125.719,
        "totalOtherIncomeExpenseNet": -0.048
      },
      {
        "costOfGoodsSold": 397.86,
        "depreciationAmortization": 55.33,
        "dilutedAverageSharesOutstanding": 30.3321,
        "dilutedEPS": -1.3124,
        "ebit": -5.006,
        "grossIncome": 72.6,
        "interestExpense": 14.211,
        "interestIncomeExpense": -17.37,
        "netIncome": -39.808,
        "netIncomeAfterTaxes": -39.808,
        "nonRecurringItems": -18.712,
        "otherOperatingExpensesTotal": 6.795,
        "period": "2020-03-31",
        "pretaxIncome": -41.996,
        "provisionforIncomeTaxes": -2.188,
        "revenue": 470.46,
        "sgaExpense": 15.481,
        "totalOperatingExpense": 77.606,
        "totalOtherIncomeExpenseNet": -0.908
      },
      {
        "costOfGoodsSold": 444.611,
        "depreciationAmortization": 43.865,
        "dilutedAverageSharesOutstanding": 30.3321,
        "dilutedEPS": -4.64,
        "ebit": -34.473,
        "grossIncome": 54.465,
        "interestExpense": 14.65,
        "interestIncomeExpense": -17.077,
        "netIncome": -140.941,
        "netIncomeAfterTaxes": -191.871,
        "nonRecurringItems": -181.578,
        "otherOperatingExpensesTotal": 19.241,
        "period": "2019-12-31",
        "pretaxIncome": -240.548,
        "provisionforIncomeTaxes": -48.677,
        "revenue": 499.076,
        "sgaExpense": 25.832,
        "totalOperatingExpense": 88.938,
        "totalOtherIncomeExpenseNet": -7.42
      },
      {
        "costOfGoodsSold": 467.658,
        "depreciationAmortization": 63.156,
        "dilutedAverageSharesOutstanding": 30.3321,
        "dilutedEPS": -2.25,
        "ebit": -29.349,
        "grossIncome": 58.206,
        "interestExpense": 13.554,
        "interestIncomeExpense": -18.929,
        "netIncome": -68.532,
        "netIncomeAfterTaxes": -43.561,
        "nonRecurringItems": 3.138,
        "otherOperatingExpensesTotal": 7.012,
        "period": "2019-09-30",
        "pretaxIncome": -46.663,
        "provisionforIncomeTaxes": -3.102,
        "revenue": 525.864,
        "sgaExpense": 17.387,
        "totalOperatingExpense": 87.555,
        "totalOtherIncomeExpenseNet": -1.523
      },
      {
        "costOfGoodsSold": 496.746,
        "depreciationAmortization": 62.814,
        "dilutedAverageSharesOutstanding": 30.3321,
        "dilutedEPS": -3.74,
        "ebit": 73.945,
        "grossIncome": 159.46,
        "interestExpense": 14.567,
        "interestIncomeExpense": -16.667,
        "netIncome": -113.661,
        "netIncomeAfterTaxes": 24.3,
        "nonRecurringItems": -33.455,
        "otherOperatingExpensesTotal": 7.918,
        "period": "2019-06-30",
        "pretaxIncome": 23.3,
        "provisionforIncomeTaxes": -1,
        "revenue": 656.206,
        "sgaExpense": 14.783,
        "totalOperatingExpense": 85.515,
        "totalOtherIncomeExpenseNet": -0.523
      },
      {
        "costOfGoodsSold": 515.694,
        "depreciationAmortization": 61.271,
        "dilutedAverageSharesOutstanding": 30.3321,
        "dilutedEPS": 0.22,
        "ebit": 20.548,
        "grossIncome": 93.42,
        "interestExpense": 12.181,
        "interestIncomeExpense": -13.703,
        "netIncome": 6.815,
        "netIncomeAfterTaxes": 7.99,
        "nonRecurringItems": -2.767,
        "otherOperatingExpensesTotal": -9.35,
        "period": "2019-03-31",
        "pretaxIncome": 3.212,
        "provisionforIncomeTaxes": -4.778,
        "revenue": 609.114,
        "sgaExpense": 20.951,
        "totalOperatingExpense": 72.872,
        "totalOtherIncomeExpenseNet": -0.866
      },
      {
        "costOfGoodsSold": 456.284,
        "depreciationAmortization": 43.598,
        "dilutedAverageSharesOutstanding": 30.3321,
        "dilutedEPS": 5.16,
        "ebit": 81.064,
        "grossIncome": 115.8,
        "interestExpense": 15.624,
        "interestIncomeExpense": -14.407,
        "netIncome": 156.542,
        "netIncomeAfterTaxes": 155.901,
        "nonRecurringItems": -75.735,
        "otherOperatingExpensesTotal": -24.643,
        "period": "2018-12-31",
        "pretaxIncome": -9.595,
        "provisionforIncomeTaxes": -165.496,
        "revenue": 572.084,
        "sgaExpense": 15.781,
        "totalOperatingExpense": 34.736,
        "totalOtherIncomeExpenseNet": -0.517
      },
      {
        "costOfGoodsSold": 398.73,
        "depreciationAmortization": 12.299,
        "dilutedAverageSharesOutstanding": 30.3321,
        "dilutedEPS": 0.39,
        "ebit": 24.31,
        "grossIncome": 49.141,
        "interestExpense": 14.191,
        "interestIncomeExpense": -9.671,
        "netIncome": 11.894,
        "netIncomeAfterTaxes": 14.011,
        "nonRecurringItems": -0.462,
        "otherOperatingExpensesTotal": 0.15,
        "period": "2018-09-30",
        "pretaxIncome": 14.023,
        "provisionforIncomeTaxes": 0.012,
        "revenue": 447.871,
        "sgaExpense": 12.382,
        "totalOperatingExpense": 24.831,
        "totalOtherIncomeExpenseNet": -0.154
      },
      {
        "costOfGoodsSold": 432.9,
        "depreciationAmortization": 12.3,
        "dilutedAverageSharesOutstanding": 30.3,
        "dilutedEPS": 2.43,
        "ebit": 71.6,
        "grossIncome": 96,
        "interestExpense": 23.328,
        "interestIncomeExpense": -9.8,
        "netIncome": 73.8,
        "netIncomeAfterTaxes": 74.6,
        "nonRecurringItems": 13.1,
        "otherOperatingExpensesTotal": 0.1,
        "period": "2018-06-30",
        "pretaxIncome": 74.7,
        "provisionforIncomeTaxes": 0.1,
        "revenue": 528.9,
        "sgaExpense": 12,
        "totalOperatingExpense": 24.4,
        "totalOtherIncomeExpenseNet": -0.3
      },
      {
        "costOfGoodsSold": 373.2,
        "depreciationAmortization": 21.8,
        "dilutedAverageSharesOutstanding": 30.3,
        "dilutedEPS": 1.87,
        "ebit": 68,
        "grossIncome": 109.1,
        "interestExpense": 20.058,
        "interestIncomeExpense": -9.1,
        "netIncome": 56.9,
        "netIncomeAfterTaxes": 58.3,
        "nonRecurringItems": -0.2,
        "otherOperatingExpensesTotal": 0.2,
        "period": "2018-03-31",
        "pretaxIncome": 58.4,
        "provisionforIncomeTaxes": 0.1,
        "revenue": 482.3,
        "sgaExpense": 19.2,
        "totalOperatingExpense": 41.1,
        "totalOtherIncomeExpenseNet": -0.4
      },
      {
        "costOfGoodsSold": 293.7,
        "depreciationAmortization": 19.5,
        "dilutedAverageSharesOutstanding": 30.3,
        "dilutedEPS": 3.18,
        "ebit": 18,
        "grossIncome": 58.9,
        "interestExpense": 20.41,
        "interestIncomeExpense": -9,
        "netIncome": 96.6,
        "netIncomeAfterTaxes": 114.6,
        "nonRecurringItems": 29.7,
        "otherOperatingExpensesTotal": 10,
        "period": "2017-12-31",
        "pretaxIncome": 39.2,
        "provisionforIncomeTaxes": -75.4,
        "revenue": 352.6,
        "sgaExpense": 11.4,
        "totalOperatingExpense": 40.9,
        "totalOtherIncomeExpenseNet": 0.5
      },
      {
        "costOfGoodsSold": 332.3,
        "depreciationAmortization": 22.4,
        "dilutedAverageSharesOutstanding": 30.3,
        "dilutedEPS": 0.32,
        "ebit": 11.9,
        "grossIncome": 50.2,
        "interestExpense": 20.331,
        "interestIncomeExpense": -8.8,
        "netIncome": 10.2,
        "netIncomeAfterTaxes": 9.7,
        "nonRecurringItems": -1.5,
        "otherOperatingExpensesTotal": 0,
        "period": "2017-09-30",
        "pretaxIncome": 1.4,
        "provisionforIncomeTaxes": -8.4,
        "revenue": 382.5,
        "sgaExpense": 15.9,
        "totalOperatingExpense": 38.4,
        "totalOtherIncomeExpenseNet": -0.2
      },
      {
        "costOfGoodsSold": 356.6,
        "depreciationAmortization": 23.5,
        "dilutedAverageSharesOutstanding": 30.3,
        "dilutedEPS": 0.41,
        "ebit": 33.1,
        "grossIncome": 83.1,
        "interestExpense": 20.619,
        "interestIncomeExpense": -8.8,
        "netIncome": 12.6,
        "netIncomeAfterTaxes": 18.4,
        "nonRecurringItems": 0.6,
        "otherOperatingExpensesTotal": 0.1,
        "period": "2017-06-30",
        "pretaxIncome": 24.7,
        "provisionforIncomeTaxes": 6.3,
        "revenue": 439.7,
        "sgaExpense": 26.3,
        "totalOperatingExpense": 49.9,
        "totalOtherIncomeExpenseNet": -0.2
      },
      {
        "costOfGoodsSold": 344.6,
        "depreciationAmortization": 28.5,
        "dilutedAverageSharesOutstanding": 30.3,
        "dilutedEPS": 1.15,
        "ebit": 88.2,
        "grossIncome": 130.5,
        "interestExpense": 20.771,
        "interestIncomeExpense": -11.2,
        "netIncome": 35.1,
        "netIncomeAfterTaxes": 31,
        "nonRecurringItems": -35.3,
        "otherOperatingExpensesTotal": 0,
        "period": "2017-03-31",
        "pretaxIncome": 40.4,
        "provisionforIncomeTaxes": 9.5,
        "revenue": 475.1,
        "sgaExpense": 13.8,
        "totalOperatingExpense": 42.4,
        "totalOtherIncomeExpenseNet": -1.2
      },
      {
        "costOfGoodsSold": 328,
        "depreciationAmortization": 59.5,
        "dilutedAverageSharesOutstanding": 30.3,
        "dilutedEPS": 1.15,
        "ebit": 45.5,
        "grossIncome": 116,
        "interestExpense": 20.515,
        "interestIncomeExpense": -30.3,
        "netIncome": 34.9,
        "netIncomeAfterTaxes": 34.9,
        "nonRecurringItems": 18.3,
        "otherOperatingExpensesTotal": 1.5,
        "period": "2016-12-31",
        "pretaxIncome": 33.5,
        "provisionforIncomeTaxes": -1.4,
        "revenue": 444,
        "sgaExpense": 9.6,
        "totalOperatingExpense": 70.5,
        "totalOtherIncomeExpenseNet": 0
      },
      {
        "costOfGoodsSold": 268,
        "depreciationAmortization": 67.6,
        "dilutedAverageSharesOutstanding": 30.3,
        "dilutedEPS": -1.74,
        "ebit": -22.7,
        "grossIncome": 59.7,
        "interestExpense": 21.483,
        "interestIncomeExpense": -26.8,
        "netIncome": -52.8,
        "netIncomeAfterTaxes": -52.8,
        "nonRecurringItems": -5.4,
        "otherOperatingExpensesTotal": 1.8,
        "period": "2016-09-30",
        "pretaxIncome": -54.7,
        "provisionforIncomeTaxes": -2,
        "revenue": 327.7,
        "sgaExpense": 13,
        "totalOperatingExpense": 82.4,
        "totalOtherIncomeExpenseNet": 0.2
      },
      {
        "costOfGoodsSold": 234.9,
        "depreciationAmortization": 39.8,
        "dilutedAverageSharesOutstanding": 30.3,
        "dilutedEPS": -0.91,
        "ebit": -23.9,
        "grossIncome": 32.2,
        "interestExpense": 21.963,
        "interestIncomeExpense": -1.2,
        "netIncome": -27.6,
        "netIncomeAfterTaxes": -27.6,
        "nonRecurringItems": -14.4,
        "otherOperatingExpensesTotal": 2,
        "period": "2016-06-30",
        "pretaxIncome": -39.4,
        "provisionforIncomeTaxes": -11.8,
        "revenue": 267.1,
        "sgaExpense": 14.3,
        "totalOperatingExpense": 56.1,
        "totalOtherIncomeExpenseNet": 0.1
      },
      {
        "costOfGoodsSold": 247.1,
        "depreciationAmortization": 35.4,
        "dilutedAverageSharesOutstanding": 30.3,
        "dilutedEPS": -1.08,
        "ebit": -37.9,
        "grossIncome": 11.4,
        "interestExpense": 24.375,
        "interestIncomeExpense": -1.4,
        "netIncome": -32.6,
        "netIncomeAfterTaxes": -32.6,
        "nonRecurringItems": -15.1,
        "otherOperatingExpensesTotal": 2.2,
        "period": "2016-03-31",
        "pretaxIncome": -53.7,
        "provisionforIncomeTaxes": -21.1,
        "revenue": 258.5,
        "sgaExpense": 11.7,
        "totalOperatingExpense": 49.3,
        "totalOtherIncomeExpenseNet": 0.6
      }
    ],
    "symbol": "CTRA"
  }
}