{
  "symbol": "INTU",
  "statement": "ic",
  "frequency": "quarterly",
  "timestamp": "2025-09-19T14:02:14.906789",
  "data": {
    "financials": [
      {
        "costOfGoodsSold": 894,
        "depreciationAmortization": 121,
        "dilutedAverageSharesOutstanding": 282,
        "dilutedEPS": 1.3511,
        "ebit": 340,
        "grossIncome": 2937,
        "interestExpense": 59,
        "interestIncomeExpense": 27,
        "netIncome": 381,
        "netIncomeAfterTaxes": 381,
        "nonRecurringItems": -1,
        "period": "2025-07-31",
        "pretaxIncome": 366,
        "provisionforIncomeTaxes": -15,
        "researchDevelopment": 801,
        "revenue": 3831,
        "sgaExpense": 1675,
        "totalOperatingExpense": 2597
      },
      {
        "costOfGoodsSold": 1194,
        "depreciationAmortization": 120,
        "dilutedAverageSharesOutstanding": 282,
        "dilutedEPS": 10,
        "ebit": 3721,
        "grossIncome": 6560,
        "interestExpense": 68,
        "interestIncomeExpense": -29,
        "netIncome": 2820,
        "netIncomeAfterTaxes": 2820,
        "nonRecurringItems": -1,
        "period": "2025-04-30",
        "pretaxIncome": 3684,
        "provisionforIncomeTaxes": 864,
        "researchDevelopment": 707,
        "revenue": 7754,
        "sgaExpense": 2012,
        "totalOperatingExpense": 2839,
        "totalOtherIncomeExpenseNet": -7
      },
      {
        "costOfGoodsSold": 937,
        "depreciationAmortization": 120,
        "dilutedAverageSharesOutstanding": 283,
        "dilutedEPS": 1.66,
        "ebit": 597,
        "grossIncome": 3026,
        "interestExpense": 60,
        "interestIncomeExpense": -26,
        "netIncome": 471,
        "netIncomeAfterTaxes": 471,
        "nonRecurringItems": -4,
        "period": "2025-01-31",
        "pretaxIncome": 571,
        "provisionforIncomeTaxes": 100,
        "researchDevelopment": 716,
        "revenue": 3963,
        "sgaExpense": 1593,
        "totalOperatingExpense": 2429,
        "totalOtherIncomeExpenseNet": 4
      },
      {
        "costOfGoodsSold": 823,
        "depreciationAmortization": 120,
        "dilutedAverageSharesOutstanding": 283,
        "dilutedEPS": 0.7,
        "ebit": 280,
        "grossIncome": 2460,
        "interestExpense": 60,
        "interestIncomeExpense": -18,
        "netIncome": 197,
        "netIncomeAfterTaxes": 197,
        "nonRecurringItems": -9,
        "period": "2024-10-31",
        "pretaxIncome": 213,
        "provisionforIncomeTaxes": 16,
        "researchDevelopment": 704,
        "revenue": 3283,
        "sgaExpense": 1356,
        "totalOperatingExpense": 2180,
        "totalOtherIncomeExpenseNet": -40
      },
      {
        "costOfGoodsSold": 783,
        "depreciationAmortization": 123,
        "dilutedAverageSharesOutstanding": 280,
        "dilutedEPS": -0.07,
        "ebit": 72,
        "grossIncome": 2401,
        "interestExpense": 60,
        "interestIncomeExpense": -1,
        "netIncome": -20,
        "netIncomeAfterTaxes": -20,
        "nonRecurringItems": -223,
        "period": "2024-07-31",
        "pretaxIncome": -140,
        "provisionforIncomeTaxes": -120,
        "researchDevelopment": 725,
        "revenue": 3184,
        "sgaExpense": 1481,
        "totalOperatingExpense": 2329,
        "totalOtherIncomeExpenseNet": 12
      },
      {
        "costOfGoodsSold": 1067,
        "depreciationAmortization": 120,
        "dilutedAverageSharesOutstanding": 284,
        "dilutedEPS": 8.41,
        "ebit": 3105,
        "grossIncome": 5670,
        "interestExpense": 60,
        "interestIncomeExpense": -26,
        "netIncome": 2389,
        "netIncomeAfterTaxes": 2389,
        "period": "2024-04-30",
        "pretaxIncome": 3072,
        "provisionforIncomeTaxes": 683,
        "researchDevelopment": 671,
        "revenue": 6737,
        "sgaExpense": 1774,
        "totalOperatingExpense": 2565,
        "totalOtherIncomeExpenseNet": -7
      },
      {
        "costOfGoodsSold": 855,
        "depreciationAmortization": 120,
        "dilutedAverageSharesOutstanding": 284,
        "dilutedEPS": 1.24,
        "ebit": 369,
        "grossIncome": 2531,
        "interestExpense": 57,
        "interestIncomeExpense": -37,
        "netIncome": 353,
        "netIncomeAfterTaxes": 353,
        "period": "2024-01-31",
        "pretaxIncome": 354,
        "provisionforIncomeTaxes": 1,
        "researchDevelopment": 678,
        "revenue": 3386,
        "sgaExpense": 1364,
        "totalOperatingExpense": 2162,
        "totalOtherIncomeExpenseNet": 22
      },
      {
        "costOfGoodsSold": 760,
        "depreciationAmortization": 120,
        "dilutedAverageSharesOutstanding": 283,
        "dilutedEPS": 0.85,
        "ebit": 307,
        "grossIncome": 2218,
        "interestExpense": 65,
        "interestIncomeExpense": -31,
        "netIncome": 241,
        "netIncomeAfterTaxes": 241,
        "period": "2023-10-31",
        "pretaxIncome": 264,
        "provisionforIncomeTaxes": 23,
        "researchDevelopment": 680,
        "revenue": 2978,
        "sgaExpense": 1111,
        "totalOperatingExpense": 1911,
        "totalOtherIncomeExpenseNet": -12
      },
      {
        "costOfGoodsSold": 713,
        "depreciationAmortization": 121,
        "dilutedAverageSharesOutstanding": 283,
        "dilutedEPS": 0.31,
        "ebit": 17,
        "grossIncome": 1999,
        "interestExpense": 68,
        "interestIncomeExpense": -19,
        "netIncome": 89,
        "netIncomeAfterTaxes": 89,
        "period": "2023-07-31",
        "pretaxIncome": -5,
        "provisionforIncomeTaxes": -94,
        "researchDevelopment": 680,
        "revenue": 2712,
        "sgaExpense": 1181,
        "totalOperatingExpense": 1982,
        "totalOtherIncomeExpenseNet": -3
      },
      {
        "costOfGoodsSold": 981,
        "depreciationAmortization": 120,
        "dilutedAverageSharesOutstanding": 283,
        "dilutedEPS": 7.37,
        "ebit": 2778,
        "grossIncome": 5037,
        "interestExpense": 66,
        "interestIncomeExpense": -44,
        "netIncome": 2087,
        "netIncomeAfterTaxes": 2087,
        "period": "2023-04-30",
        "pretaxIncome": 2734,
        "provisionforIncomeTaxes": 647,
        "researchDevelopment": 604,
        "revenue": 6018,
        "sgaExpense": 1535,
        "totalOperatingExpense": 2259,
        "totalOtherIncomeExpenseNet": 0
      },
      {
        "costOfGoodsSold": 773,
        "depreciationAmortization": 121,
        "dilutedAverageSharesOutstanding": 282,
        "dilutedEPS": 0.6,
        "ebit": 270,
        "grossIncome": 2268,
        "interestExpense": 65,
        "interestIncomeExpense": -50,
        "netIncome": 168,
        "netIncomeAfterTaxes": 168,
        "period": "2023-01-31",
        "pretaxIncome": 228,
        "provisionforIncomeTaxes": 60,
        "researchDevelopment": 630,
        "revenue": 3041,
        "sgaExpense": 1247,
        "totalOperatingExpense": 1998,
        "totalOtherIncomeExpenseNet": 8
      },
      {
        "costOfGoodsSold": 676,
        "depreciationAmortization": 121,
        "dilutedAverageSharesOutstanding": 284,
        "dilutedEPS": 0.14,
        "ebit": 76,
        "grossIncome": 1921,
        "interestExpense": 49,
        "interestIncomeExpense": -35,
        "netIncome": 40,
        "netIncomeAfterTaxes": 40,
        "period": "2022-10-31",
        "pretaxIncome": 32,
        "provisionforIncomeTaxes": -8,
        "researchDevelopment": 625,
        "revenue": 2597,
        "sgaExpense": 1099,
        "totalOperatingExpense": 1845,
        "totalOtherIncomeExpenseNet": -9
      },
      {
        "costOfGoodsSold": 600,
        "depreciationAmortization": 121,
        "dilutedAverageSharesOutstanding": 283,
        "dilutedEPS": -0.2,
        "ebit": -75,
        "grossIncome": 1814,
        "interestExpense": 32,
        "interestIncomeExpense": -24,
        "netIncome": -56,
        "netIncomeAfterTaxes": -56,
        "period": "2022-07-31",
        "pretaxIncome": -99,
        "provisionforIncomeTaxes": -43,
        "researchDevelopment": 627,
        "revenue": 2414,
        "sgaExpense": 1141,
        "totalOperatingExpense": 1889,
        "totalOtherIncomeExpenseNet": 0
      },
      {
        "costOfGoodsSold": 824,
        "depreciationAmortization": 121,
        "dilutedAverageSharesOutstanding": 286,
        "dilutedEPS": 6.27,
        "ebit": 2395,
        "grossIncome": 4808,
        "interestExpense": 21,
        "interestIncomeExpense": -11,
        "netIncome": 1794,
        "netIncomeAfterTaxes": 1794,
        "period": "2022-04-30",
        "pretaxIncome": 2373,
        "provisionforIncomeTaxes": 579,
        "researchDevelopment": 600,
        "revenue": 5632,
        "sgaExpense": 1692,
        "totalOperatingExpense": 2413,
        "totalOtherIncomeExpenseNet": -11
      },
      {
        "costOfGoodsSold": 565,
        "depreciationAmortization": 121,
        "dilutedAverageSharesOutstanding": 287,
        "dilutedEPS": 0.35,
        "ebit": 56,
        "grossIncome": 2108,
        "interestExpense": 21,
        "interestIncomeExpense": -21,
        "netIncome": 100,
        "netIncomeAfterTaxes": 100,
        "period": "2022-01-31",
        "pretaxIncome": 30,
        "provisionforIncomeTaxes": -70,
        "researchDevelopment": 590,
        "revenue": 2673,
        "sgaExpense": 1341,
        "totalOperatingExpense": 2052,
        "totalOtherIncomeExpenseNet": -5
      },
      {
        "costOfGoodsSold": 417,
        "depreciationAmortization": 53,
        "dilutedAverageSharesOutstanding": 277,
        "dilutedEPS": 0.82,
        "ebit": 195,
        "grossIncome": 1590,
        "interestExpense": 7,
        "interestIncomeExpense": 37,
        "netIncome": 228,
        "netIncomeAfterTaxes": 228,
        "period": "2021-10-31",
        "pretaxIncome": 238,
        "provisionforIncomeTaxes": 10,
        "researchDevelopment": 530,
        "revenue": 2007,
        "sgaExpense": 812,
        "totalOperatingExpense": 1395,
        "totalOtherIncomeExpenseNet": 6
      },
      {
        "costOfGoodsSold": 465,
        "depreciationAmortization": 54,
        "dilutedAverageSharesOutstanding": 279,
        "dilutedEPS": 1.36,
        "ebit": 402,
        "grossIncome": 2096,
        "interestExpense": 7,
        "interestIncomeExpense": -4,
        "netIncome": 380,
        "netIncomeAfterTaxes": 380,
        "period": "2021-07-31",
        "pretaxIncome": 403,
        "provisionforIncomeTaxes": 23,
        "researchDevelopment": 521,
        "revenue": 2561,
        "sgaExpense": 1119,
        "totalOperatingExpense": 1694,
        "totalOtherIncomeExpenseNet": 5
      },
      {
        "costOfGoodsSold": 595,
        "depreciationAmortization": 54,
        "dilutedAverageSharesOutstanding": 276,
        "dilutedEPS": 5.3,
        "ebit": 1914,
        "grossIncome": 3578,
        "interestExpense": 7,
        "interestIncomeExpense": -4,
        "netIncome": 1464,
        "netIncomeAfterTaxes": 1464,
        "period": "2021-04-30",
        "pretaxIncome": 1921,
        "provisionforIncomeTaxes": 457,
        "researchDevelopment": 464,
        "revenue": 4173,
        "sgaExpense": 1146,
        "totalOperatingExpense": 1664,
        "totalOtherIncomeExpenseNet": 11
      },
      {
        "costOfGoodsSold": 367,
        "depreciationAmortization": 36,
        "dilutedAverageSharesOutstanding": 273,
        "dilutedEPS": 0.07,
        "ebit": -25,
        "grossIncome": 1209,
        "interestExpense": 7,
        "interestIncomeExpense": -5,
        "netIncome": 20,
        "netIncomeAfterTaxes": 20,
        "period": "2021-01-31",
        "pretaxIncome": 22,
        "provisionforIncomeTaxes": 2,
        "researchDevelopment": 368,
        "revenue": 1576,
        "sgaExpense": 830,
        "totalOperatingExpense": 1234,
        "totalOtherIncomeExpenseNet": 52
      },
      {
        "costOfGoodsSold": 256,
        "depreciationAmortization": 2,
        "dilutedAverageSharesOutstanding": 265,
        "dilutedEPS": 0.75,
        "ebit": 209,
        "grossIncome": 1067,
        "interestExpense": 8,
        "interestIncomeExpense": -5,
        "netIncome": 198,
        "netIncomeAfterTaxes": 198,
        "period": "2020-10-31",
        "pretaxIncome": 210,
        "provisionforIncomeTaxes": 12,
        "researchDevelopment": 325,
        "revenue": 1323,
        "sgaExpense": 531,
        "totalOperatingExpense": 858,
        "totalOtherIncomeExpenseNet": 6
      },
      {
        "costOfGoodsSold": 322,
        "depreciationAmortization": 1,
        "dilutedAverageSharesOutstanding": 264,
        "dilutedEPS": 1.69,
        "ebit": 483,
        "grossIncome": 1494,
        "interestExpense": 7,
        "interestIncomeExpense": -1,
        "netIncome": 445,
        "netIncomeAfterTaxes": 445,
        "period": "2020-07-31",
        "pretaxIncome": 486,
        "provisionforIncomeTaxes": 41,
        "researchDevelopment": 393,
        "revenue": 1816,
        "sgaExpense": 617,
        "totalOperatingExpense": 1011,
        "totalOtherIncomeExpenseNet": 4
      },
      {
        "costOfGoodsSold": 426,
        "depreciationAmortization": 2,
        "dilutedAverageSharesOutstanding": 264,
        "dilutedEPS": 4.11,
        "ebit": 1413,
        "grossIncome": 2576,
        "interestExpense": 2,
        "interestIncomeExpense": 8,
        "netIncome": 1084,
        "netIncomeAfterTaxes": 1084,
        "period": "2020-04-30",
        "pretaxIncome": 1408,
        "provisionforIncomeTaxes": 324,
        "researchDevelopment": 332,
        "revenue": 3002,
        "sgaExpense": 829,
        "totalOperatingExpense": 1163,
        "totalOtherIncomeExpenseNet": -13
      },
      {
        "costOfGoodsSold": 340,
        "depreciationAmortization": 1,
        "dilutedAverageSharesOutstanding": 264,
        "dilutedEPS": 0.91,
        "ebit": 270,
        "grossIncome": 1356,
        "interestExpense": 3,
        "interestIncomeExpense": 8,
        "netIncome": 240,
        "netIncomeAfterTaxes": 240,
        "period": "2020-01-31",
        "pretaxIncome": 282,
        "provisionforIncomeTaxes": 42,
        "researchDevelopment": 333,
        "revenue": 1696,
        "sgaExpense": 752,
        "totalOperatingExpense": 1086,
        "totalOtherIncomeExpenseNet": 4
      },
      {
        "costOfGoodsSold": 290,
        "depreciationAmortization": 2,
        "dilutedAverageSharesOutstanding": 264,
        "dilutedEPS": 0.22,
        "ebit": 10,
        "grossIncome": 875,
        "interestExpense": 2,
        "interestIncomeExpense": 10,
        "netIncome": 57,
        "netIncomeAfterTaxes": 57,
        "period": "2019-10-31",
        "pretaxIncome": 22,
        "provisionforIncomeTaxes": -35,
        "researchDevelopment": 334,
        "revenue": 1165,
        "sgaExpense": 529,
        "totalOperatingExpense": 865,
        "totalOtherIncomeExpenseNet": 2
      },
      {
        "costOfGoodsSold": 281,
        "depreciationAmortization": 2,
        "dilutedAverageSharesOutstanding": 260,
        "dilutedEPS": -0.17,
        "ebit": -153,
        "grossIncome": 713,
        "interestExpense": 3,
        "interestIncomeExpense": 16,
        "netIncome": -44,
        "netIncomeAfterTaxes": -44,
        "period": "2019-07-31",
        "pretaxIncome": -137,
        "provisionforIncomeTaxes": -93,
        "researchDevelopment": 333,
        "revenue": 994,
        "sgaExpense": 531,
        "totalOperatingExpense": 866,
        "totalOtherIncomeExpenseNet": 0
      },
      {
        "costOfGoodsSold": 354,
        "depreciationAmortization": 1,
        "dilutedAverageSharesOutstanding": 264,
        "dilutedEPS": 5.22,
        "ebit": 1784,
        "grossIncome": 2918,
        "interestExpense": 4,
        "interestIncomeExpense": 10,
        "netIncome": 1378,
        "netIncomeAfterTaxes": 1378,
        "period": "2019-04-30",
        "pretaxIncome": 1797,
        "provisionforIncomeTaxes": 419,
        "researchDevelopment": 311,
        "revenue": 3272,
        "sgaExpense": 822,
        "totalOperatingExpense": 1134,
        "totalOtherIncomeExpenseNet": 3
      },
      {
        "costOfGoodsSold": 285,
        "depreciationAmortization": 1,
        "dilutedAverageSharesOutstanding": 264,
        "dilutedEPS": 0.72,
        "ebit": 233,
        "grossIncome": 1217,
        "interestExpense": 4,
        "interestIncomeExpense": 2,
        "netIncome": 189,
        "netIncomeAfterTaxes": 189,
        "period": "2019-01-31",
        "pretaxIncome": 235,
        "provisionforIncomeTaxes": 46,
        "researchDevelopment": 295,
        "revenue": 1502,
        "sgaExpense": 688,
        "totalOperatingExpense": 984,
        "totalOtherIncomeExpenseNet": 0
      },
      {
        "costOfGoodsSold": 247,
        "depreciationAmortization": 2,
        "dilutedAverageSharesOutstanding": 264,
        "dilutedEPS": 0.13,
        "ebit": -10,
        "grossIncome": 769,
        "interestExpense": 4,
        "interestIncomeExpense": 3,
        "netIncome": 34,
        "netIncomeAfterTaxes": 34,
        "period": "2018-10-31",
        "pretaxIncome": -14,
        "provisionforIncomeTaxes": -48,
        "researchDevelopment": 294,
        "revenue": 1016,
        "sgaExpense": 483,
        "totalOperatingExpense": 779,
        "totalOtherIncomeExpenseNet": -7
      },
      {
        "costOfGoodsSold": 229,
        "depreciationAmortization": 2,
        "dilutedAverageSharesOutstanding": 256,
        "dilutedEPS": -0.16,
        "ebit": -200,
        "grossIncome": 635,
        "interestExpense": 4,
        "interestIncomeExpense": 6,
        "netIncome": -38,
        "netIncomeAfterTaxes": -40,
        "period": "2018-07-31",
        "pretaxIncome": -193,
        "provisionforIncomeTaxes": -153,
        "researchDevelopment": 311,
        "revenue": 864,
        "sgaExpense": 522,
        "totalOperatingExpense": 835,
        "totalOtherIncomeExpenseNet": 1
      },
      {
        "costOfGoodsSold": 305,
        "depreciationAmortization": 2,
        "dilutedAverageSharesOutstanding": 262,
        "dilutedEPS": 4.52,
        "ebit": 1601,
        "grossIncome": 2607,
        "interestExpense": 5,
        "interestIncomeExpense": -1,
        "netIncome": 1186,
        "netIncomeAfterTaxes": 1196,
        "period": "2018-04-30",
        "pretaxIncome": 1603,
        "provisionforIncomeTaxes": 407,
        "researchDevelopment": 296,
        "revenue": 2912,
        "sgaExpense": 708,
        "totalOperatingExpense": 1006,
        "totalOtherIncomeExpenseNet": 3
      },
      {
        "costOfGoodsSold": 246,
        "depreciationAmortization": 1,
        "dilutedAverageSharesOutstanding": 260,
        "dilutedEPS": 0.7,
        "ebit": 194,
        "grossIncome": 1093,
        "interestExpense": 6,
        "interestIncomeExpense": -4,
        "netIncome": 183,
        "netIncomeAfterTaxes": 146,
        "period": "2018-01-31",
        "pretaxIncome": 193,
        "provisionforIncomeTaxes": 47,
        "researchDevelopment": 286,
        "revenue": 1339,
        "sgaExpense": 612,
        "totalOperatingExpense": 899,
        "totalOtherIncomeExpenseNet": 3
      },
      {
        "costOfGoodsSold": 198,
        "depreciationAmortization": 1,
        "dilutedAverageSharesOutstanding": 256,
        "dilutedEPS": -0.01,
        "ebit": -35,
        "grossIncome": 712,
        "interestExpense": 5,
        "interestIncomeExpense": -3,
        "netIncome": -2,
        "netIncomeAfterTaxes": -2,
        "period": "2017-10-31",
        "pretaxIncome": -37,
        "provisionforIncomeTaxes": -35,
        "researchDevelopment": 293,
        "revenue": 910,
        "sgaExpense": 453,
        "totalOperatingExpense": 747,
        "totalOtherIncomeExpenseNet": 1
      },
      {
        "costOfGoodsSold": 184,
        "depreciationAmortization": 0,
        "dilutedAverageSharesOutstanding": 261,
        "dilutedEPS": 0.15,
        "ebit": 13,
        "grossIncome": 677,
        "interestExpense": 3,
        "interestIncomeExpense": 1,
        "netIncome": 38,
        "netIncomeAfterTaxes": 38,
        "period": "2017-07-31",
        "pretaxIncome": 13,
        "provisionforIncomeTaxes": -25,
        "researchDevelopment": 263,
        "revenue": 861,
        "sgaExpense": 401,
        "totalOperatingExpense": 664,
        "totalOtherIncomeExpenseNet": -1
      },
      {
        "costOfGoodsSold": 237,
        "depreciationAmortization": 1,
        "dilutedAverageSharesOutstanding": 260,
        "dilutedEPS": 3.71,
        "ebit": 1444,
        "grossIncome": 2304,
        "interestExpense": 8,
        "interestIncomeExpense": -6,
        "netIncome": 964,
        "netIncomeAfterTaxes": 964,
        "period": "2017-04-30",
        "pretaxIncome": 1439,
        "provisionforIncomeTaxes": 475,
        "researchDevelopment": 246,
        "revenue": 2541,
        "sgaExpense": 613,
        "totalOperatingExpense": 860,
        "totalOtherIncomeExpenseNet": 1
      },
      {
        "costOfGoodsSold": 206,
        "depreciationAmortization": 0,
        "dilutedAverageSharesOutstanding": 260,
        "dilutedEPS": 0.05,
        "ebit": 22,
        "grossIncome": 810,
        "interestExpense": 11,
        "interestIncomeExpense": -10,
        "netIncome": 13,
        "netIncomeAfterTaxes": 13,
        "period": "2017-01-31",
        "pretaxIncome": 10,
        "provisionforIncomeTaxes": -3,
        "researchDevelopment": 243,
        "revenue": 1016,
        "sgaExpense": 545,
        "totalOperatingExpense": 788,
        "totalOtherIncomeExpenseNet": -2
      },
      {
        "costOfGoodsSold": 183,
        "depreciationAmortization": 1,
        "dilutedAverageSharesOutstanding": 258,
        "dilutedEPS": -0.12,
        "ebit": -61,
        "grossIncome": 595,
        "interestExpense": 9,
        "interestIncomeExpense": -8,
        "netIncome": -30,
        "netIncomeAfterTaxes": -30,
        "period": "2016-10-31",
        "pretaxIncome": -72,
        "provisionforIncomeTaxes": -42,
        "researchDevelopment": 246,
        "revenue": 778,
        "sgaExpense": 409,
        "totalOperatingExpense": 656,
        "totalOtherIncomeExpenseNet": -3
      },
      {
        "costOfGoodsSold": 171,
        "depreciationAmortization": 6,
        "dilutedAverageSharesOutstanding": 256,
        "dilutedEPS": -0.16,
        "ebit": -56,
        "grossIncome": 583,
        "interestExpense": 9,
        "interestIncomeExpense": -7,
        "netIncome": -40,
        "netIncomeAfterTaxes": -40,
        "nonRecurringItems": 0,
        "period": "2016-07-31",
        "pretaxIncome": -62,
        "provisionforIncomeTaxes": -22,
        "researchDevelopment": 235,
        "revenue": 754,
        "sgaExpense": 398,
        "totalOperatingExpense": 639,
        "totalOtherIncomeExpenseNet": 1
      },
      {
        "costOfGoodsSold": 216,
        "depreciationAmortization": 3,
        "dilutedAverageSharesOutstanding": 260,
        "dilutedEPS": 3.94,
        "ebit": 1285,
        "grossIncome": 2088,
        "interestExpense": 10,
        "interestIncomeExpense": -9,
        "netIncome": 1026,
        "netIncomeAfterTaxes": 848,
        "nonRecurringItems": 0,
        "period": "2016-04-30",
        "pretaxIncome": 1277,
        "provisionforIncomeTaxes": 429,
        "researchDevelopment": 228,
        "revenue": 2304,
        "sgaExpense": 572,
        "totalOperatingExpense": 803,
        "totalOtherIncomeExpenseNet": 1
      },
      {
        "costOfGoodsSold": 199,
        "depreciationAmortization": 1,
        "dilutedAverageSharesOutstanding": 266,
        "dilutedEPS": 0.11,
        "ebit": 42,
        "grossIncome": 724,
        "interestExpense": 9,
        "interestIncomeExpense": -9,
        "netIncome": 24,
        "netIncomeAfterTaxes": 29,
        "period": "2016-01-31",
        "pretaxIncome": 28,
        "provisionforIncomeTaxes": -1,
        "researchDevelopment": 205,
        "revenue": 923,
        "sgaExpense": 476,
        "totalOperatingExpense": 682,
        "totalOtherIncomeExpenseNet": -5
      },
      {
        "costOfGoodsSold": 166,
        "depreciationAmortization": 2,
        "dilutedAverageSharesOutstanding": 272,
        "dilutedEPS": -0.11,
        "ebit": -29,
        "grossIncome": 547,
        "interestExpense": 7,
        "interestIncomeExpense": -7,
        "netIncome": -31,
        "netIncomeAfterTaxes": -31,
        "period": "2015-10-31",
        "pretaxIncome": -40,
        "provisionforIncomeTaxes": -9,
        "researchDevelopment": 213,
        "revenue": 713,
        "sgaExpense": 361,
        "totalOperatingExpense": 576,
        "totalOtherIncomeExpenseNet": -4
      }
    ],
    "symbol": "INTU"
  }
}