{
  "symbol": "KLAC",
  "statement": "ic",
  "frequency": "annual",
  "timestamp": "2025-09-19T14:02:53.122714",
  "data": {
    "financials": [
      {
        "costOfGoodsSold": 4751.867,
        "dilutedAverageSharesOutstanding": 133.75,
        "dilutedEPS": 30.3674,
        "ebit": 5014.227,
        "grossIncome": 7404.295,
        "interestExpense": 302.166,
        "interestIncomeExpense": -124.795,
        "minorityInterest": 0,
        "netIncome": 4061.643,
        "netIncomeAfterTaxes": 4061.643,
        "nonRecurringItems": -239.1,
        "period": "2025-06-30",
        "pretaxIncome": 4644.448,
        "provisionforIncomeTaxes": 582.805,
        "researchDevelopment": 1360.334,
        "revenue": 12156.162,
        "sgaExpense": 1029.734,
        "totalOperatingExpense": 2390.068,
        "totalOtherIncomeExpenseNet": -5.884,
        "year": 2025
      },
      {
        "costOfGoodsSold": 3741.075,
        "depreciationAmortization": 56.302,
        "dilutedAverageSharesOutstanding": 136.187,
        "dilutedEPS": 20.2802,
        "ebit": 3822.682,
        "grossIncome": 6071.172,
        "interestExpense": 311.253,
        "interestIncomeExpense": -143.4,
        "minorityInterest": 0,
        "netIncome": 2761.896,
        "netIncomeAfterTaxes": 2761.896,
        "nonRecurringItems": -476.472,
        "period": "2024-06-30",
        "pretaxIncome": 3190.032,
        "provisionforIncomeTaxes": 428.136,
        "researchDevelopment": 1278.981,
        "revenue": 9812.247,
        "sgaExpense": 913.207,
        "totalOperatingExpense": 2248.49,
        "totalOtherIncomeExpenseNet": -12.778,
        "year": 2024
      },
      {
        "costOfGoodsSold": 4035,
        "depreciationAmortization": 79,
        "dilutedAverageSharesOutstanding": 140,
        "dilutedEPS": 24.19,
        "ebit": 4177,
        "grossIncome": 6461,
        "interestExpense": 296.94,
        "interestIncomeExpense": -224,
        "minorityInterest": 0,
        "netIncome": 3387,
        "netIncomeAfterTaxes": 3387,
        "nonRecurringItems": -196,
        "period": "2023-06-30",
        "pretaxIncome": 3789,
        "provisionforIncomeTaxes": 402,
        "researchDevelopment": 1297,
        "revenue": 10496,
        "sgaExpense": 907,
        "totalOperatingExpense": 2284,
        "totalOtherIncomeExpenseNet": 32,
        "year": 2023
      },
      {
        "costOfGoodsSold": 3423,
        "depreciationAmortization": 60,
        "dilutedAverageSharesOutstanding": 152,
        "dilutedEPS": 21.85,
        "ebit": 3824,
        "grossIncome": 5789,
        "interestExpense": 160.339,
        "interestIncomeExpense": -156,
        "minorityInterest": 0,
        "netIncome": 3322,
        "netIncomeAfterTaxes": 3322,
        "nonRecurringItems": -170,
        "period": "2022-06-30",
        "pretaxIncome": 3489,
        "provisionforIncomeTaxes": 167,
        "researchDevelopment": 1105,
        "revenue": 9212,
        "sgaExpense": 800,
        "totalOperatingExpense": 1965,
        "totalOtherIncomeExpenseNet": -9,
        "year": 2022
      },
      {
        "costOfGoodsSold": 2772,
        "depreciationAmortization": 50,
        "dilutedAverageSharesOutstanding": 155,
        "dilutedEPS": 13.4,
        "ebit": 2489,
        "grossIncome": 4147,
        "interestExpense": 157.328,
        "interestIncomeExpense": -154,
        "minorityInterest": 1,
        "netIncome": 2078,
        "netIncomeAfterTaxes": 2077,
        "nonRecurringItems": 0,
        "period": "2021-06-30",
        "pretaxIncome": 2360,
        "provisionforIncomeTaxes": 283,
        "researchDevelopment": 928,
        "revenue": 6919,
        "sgaExpense": 680,
        "totalOperatingExpense": 1657,
        "totalOtherIncomeExpenseNet": 25,
        "year": 2021
      },
      {
        "costOfGoodsSold": 2450,
        "depreciationAmortization": 75,
        "dilutedAverageSharesOutstanding": 158,
        "dilutedEPS": 7.7,
        "ebit": 1759,
        "grossIncome": 3357,
        "interestExpense": 160.274,
        "interestIncomeExpense": -143,
        "minorityInterest": 2,
        "netIncome": 1217,
        "netIncomeAfterTaxes": 1215,
        "nonRecurringItems": -279,
        "period": "2020-06-30",
        "pretaxIncome": 1317,
        "provisionforIncomeTaxes": 102,
        "researchDevelopment": 864,
        "revenue": 5806,
        "sgaExpense": 660,
        "totalOperatingExpense": 1598,
        "totalOtherIncomeExpenseNet": -20,
        "year": 2020
      },
      {
        "costOfGoodsSold": 1870,
        "depreciationAmortization": 35,
        "dilutedAverageSharesOutstanding": 157,
        "dilutedEPS": 7.49,
        "ebit": 1388,
        "grossIncome": 2699,
        "interestExpense": 124.604,
        "interestIncomeExpense": -84,
        "minorityInterest": 1,
        "netIncome": 1176,
        "netIncomeAfterTaxes": 1156,
        "period": "2019-06-30",
        "pretaxIncome": 1296,
        "provisionforIncomeTaxes": 141,
        "researchDevelopment": 711,
        "revenue": 4569,
        "sgaExpense": 564,
        "totalOperatingExpense": 1311,
        "totalOtherIncomeExpenseNet": -8,
        "year": 2019
      },
      {
        "costOfGoodsSold": 1445,
        "dilutedAverageSharesOutstanding": 157,
        "dilutedEPS": 5.1,
        "ebit": 1539,
        "grossIncome": 2591,
        "interestExpense": 114.376,
        "interestIncomeExpense": -80,
        "netIncome": 802,
        "netIncomeAfterTaxes": 1193,
        "period": "2018-06-30",
        "pretaxIncome": 1456,
        "provisionforIncomeTaxes": 263,
        "researchDevelopment": 609,
        "revenue": 4037,
        "sgaExpense": 443,
        "totalOperatingExpense": 1053,
        "totalOtherIncomeExpenseNet": -3,
        "year": 2018
      },
      {
        "costOfGoodsSold": 1288,
        "dilutedAverageSharesOutstanding": 157,
        "dilutedEPS": 5.88,
        "ebit": 1276,
        "grossIncome": 2192,
        "interestExpense": 122.476,
        "interestIncomeExpense": -99,
        "netIncome": 926,
        "netIncomeAfterTaxes": 926,
        "nonRecurringItems": 0,
        "period": "2017-06-30",
        "pretaxIncome": 1173,
        "provisionforIncomeTaxes": 247,
        "researchDevelopment": 527,
        "revenue": 3480,
        "sgaExpense": 389,
        "totalOperatingExpense": 916,
        "totalOtherIncomeExpenseNet": -4,
        "year": 2017
      },
      {
        "costOfGoodsSold": 1161,
        "dilutedAverageSharesOutstanding": 157,
        "dilutedEPS": 4.49,
        "ebit": 967,
        "grossIncome": 1823,
        "interestExpense": 122.887,
        "interestIncomeExpense": -106,
        "netIncome": 704,
        "netIncomeAfterTaxes": 704,
        "nonRecurringItems": -9,
        "period": "2016-06-30",
        "pretaxIncome": 858,
        "provisionforIncomeTaxes": 154,
        "researchDevelopment": 480,
        "revenue": 2984,
        "sgaExpense": 376,
        "totalOperatingExpense": 856,
        "totalOtherIncomeExpenseNet": 6,
        "year": 2016
      }
    ],
    "symbol": "KLAC"
  }
}