{
  "symbol": "HWM",
  "statement": "ic",
  "frequency": "annual",
  "timestamp": "2025-09-19T14:01:41.830433",
  "data": {
    "financials": [
      {
        "costOfGoodsSold": 5119,
        "depreciationAmortization": 277,
        "dilutedAverageSharesOutstanding": 410,
        "dilutedEPS": 2.8122,
        "ebit": 1654,
        "grossIncome": 2311,
        "interestExpense": 182,
        "interestIncomeExpense": -200,
        "netIncome": 1153,
        "netIncomeAfterTaxes": 1155,
        "nonRecurringItems": -27,
        "period": "2024-12-31",
        "pretaxIncome": 1383,
        "provisionforIncomeTaxes": 228,
        "researchDevelopment": 33,
        "revenue": 7430,
        "sgaExpense": 347,
        "totalOperatingExpense": 657,
        "totalOtherIncomeExpenseNet": -44,
        "year": 2024
      },
      {
        "costOfGoodsSold": 4773,
        "depreciationAmortization": 272,
        "dilutedAverageSharesOutstanding": 416,
        "dilutedEPS": 1.8341,
        "ebit": 1226,
        "grossIncome": 1867,
        "interestExpense": 218,
        "interestIncomeExpense": -215,
        "netIncome": 763,
        "netIncomeAfterTaxes": 765,
        "nonRecurringItems": 0,
        "period": "2023-12-31",
        "pretaxIncome": 975,
        "provisionforIncomeTaxes": 210,
        "researchDevelopment": 36,
        "revenue": 6640,
        "sgaExpense": 333,
        "totalOperatingExpense": 641,
        "totalOtherIncomeExpenseNet": -36,
        "year": 2023
      },
      {
        "costOfGoodsSold": 4103,
        "depreciationAmortization": 265,
        "dilutedAverageSharesOutstanding": 421,
        "dilutedEPS": 1.11,
        "ebit": 975,
        "grossIncome": 1560,
        "interestExpense": 229,
        "interestIncomeExpense": -240,
        "netIncome": 467,
        "netIncomeAfterTaxes": 469,
        "nonRecurringItems": -123,
        "period": "2022-12-31",
        "pretaxIncome": 606,
        "provisionforIncomeTaxes": 137,
        "researchDevelopment": 32,
        "revenue": 5663,
        "sgaExpense": 288,
        "totalOperatingExpense": 585,
        "totalOtherIncomeExpenseNet": -6,
        "year": 2022
      },
      {
        "costOfGoodsSold": 3596,
        "depreciationAmortization": 270,
        "dilutedAverageSharesOutstanding": 435,
        "dilutedEPS": 0.59,
        "ebit": 838,
        "gainLossOnDispositionOfAssets": -9,
        "grossIncome": 1376,
        "interestExpense": 259,
        "interestIncomeExpense": -259,
        "netIncome": 256,
        "netIncomeAfterTaxes": 258,
        "nonRecurringItems": -236,
        "period": "2021-12-31",
        "pretaxIncome": 324,
        "provisionforIncomeTaxes": 66,
        "researchDevelopment": 17,
        "revenue": 4972,
        "sgaExpense": 251,
        "totalOperatingExpense": 538,
        "totalOtherIncomeExpenseNet": -10,
        "year": 2021
      },
      {
        "costOfGoodsSold": 3878,
        "depreciationAmortization": 279,
        "dilutedAverageSharesOutstanding": 439,
        "dilutedEPS": 0.58,
        "ebit": 808,
        "gainLossOnDispositionOfAssets": -8,
        "grossIncome": 1381,
        "interestExpense": 381,
        "interestIncomeExpense": -365,
        "netIncome": 259,
        "netIncomeAfterTaxes": 211,
        "nonRecurringItems": -182,
        "period": "2020-12-31",
        "pretaxIncome": 171,
        "provisionforIncomeTaxes": -40,
        "researchDevelopment": 17,
        "revenue": 5259,
        "sgaExpense": 277,
        "totalOperatingExpense": 573,
        "totalOtherIncomeExpenseNet": -82,
        "year": 2020
      },
      {
        "costOfGoodsSold": 5204,
        "depreciationAmortization": 295,
        "dilutedAverageSharesOutstanding": 463,
        "dilutedEPS": 1.01,
        "ebit": 1171,
        "gainLossOnDispositionOfAssets": -10,
        "grossIncome": 1894,
        "interestExpense": 338,
        "interestIncomeExpense": -319,
        "netIncome": 468,
        "netIncomeAfterTaxes": 126,
        "nonRecurringItems": -592,
        "period": "2019-12-31",
        "pretaxIncome": 210,
        "provisionforIncomeTaxes": 84,
        "researchDevelopment": 28,
        "revenue": 7098,
        "sgaExpense": 400,
        "totalOperatingExpense": 723,
        "totalOtherIncomeExpenseNet": -40,
        "year": 2019
      },
      {
        "costOfGoodsSold": 5114,
        "depreciationAmortization": 314,
        "dilutedAverageSharesOutstanding": 503,
        "dilutedEPS": 1.27,
        "ebit": 938,
        "gainLossOnDispositionOfAssets": -10,
        "grossIncome": 1664,
        "interestExpense": 377,
        "interestIncomeExpense": -364,
        "netIncome": 640,
        "netIncomeAfterTaxes": 368,
        "nonRecurringItems": -163,
        "period": "2018-12-31",
        "pretaxIncome": 428,
        "provisionforIncomeTaxes": 60,
        "researchDevelopment": 41,
        "revenue": 6778,
        "sgaExpense": 371,
        "totalOperatingExpense": 726,
        "totalOtherIncomeExpenseNet": 27,
        "year": 2018
      },
      {
        "costOfGoodsSold": 10221,
        "depreciationAmortization": 551,
        "dilutedAverageSharesOutstanding": 451,
        "dilutedEPS": -0.28,
        "ebit": 1364,
        "gainLossOnDispositionOfAssets": 513,
        "grossIncome": 2739,
        "interestExpense": 496,
        "interestIncomeExpense": -472,
        "netIncome": -127,
        "netIncomeAfterTaxes": 198,
        "nonRecurringItems": -884,
        "period": "2017-12-31",
        "pretaxIncome": 470,
        "provisionforIncomeTaxes": 272,
        "researchDevelopment": 109,
        "revenue": 12960,
        "sgaExpense": 715,
        "totalOperatingExpense": 1375,
        "totalOtherIncomeExpenseNet": -51,
        "year": 2017
      },
      {
        "costOfGoodsSold": 9811,
        "depreciationAmortization": 535,
        "dilutedAverageSharesOutstanding": 438,
        "dilutedEPS": -2.3,
        "ebit": 974,
        "gainLossOnDispositionOfAssets": -11,
        "grossIncome": 2583,
        "interestExpense": 499,
        "interestIncomeExpense": -473,
        "minorityInterest": 0,
        "netIncome": -1010,
        "netIncomeAfterTaxes": -1062,
        "nonRecurringItems": -155,
        "period": "2016-12-31",
        "pretaxIncome": 414,
        "provisionforIncomeTaxes": 1476,
        "researchDevelopment": 132,
        "revenue": 12394,
        "sgaExpense": 942,
        "totalOperatingExpense": 1609,
        "totalOtherIncomeExpenseNet": 79,
        "year": 2016
      },
      {
        "costOfGoodsSold": 10104,
        "depreciationAmortization": 508,
        "dilutedAverageSharesOutstanding": 420,
        "dilutedEPS": -0.93,
        "ebit": 867,
        "gainLossOnDispositionOfAssets": 42,
        "grossIncome": 2309,
        "interestExpense": 473,
        "interestIncomeExpense": -505,
        "minorityInterest": -1,
        "netIncome": -391,
        "netIncomeAfterTaxes": -156,
        "nonRecurringItems": -239,
        "period": "2015-12-31",
        "pretaxIncome": 183,
        "provisionforIncomeTaxes": 339,
        "researchDevelopment": 169,
        "revenue": 12413,
        "sgaExpense": 765,
        "totalOperatingExpense": 1442,
        "totalOtherIncomeExpenseNet": 18,
        "year": 2015
      }
    ],
    "symbol": "HWM"
  }
}