{
  "symbol": "CI",
  "statement": "ic",
  "frequency": "quarterly",
  "timestamp": "2025-09-19T13:57:55.030641",
  "data": {
    "financials": [
      {
        "costOfGoodsSold": 61017,
        "depreciationAmortization": 422,
        "dilutedAverageSharesOutstanding": 268.154,
        "dilutedEPS": 5.7131,
        "ebit": 2509,
        "grossIncome": 6161,
        "interestIncomeExpense": -285,
        "minorityInterest": -100,
        "netIncome": 1532,
        "netIncomeAfterTaxes": 1632,
        "nonRecurringItems": -203,
        "period": "2025-06-30",
        "pretaxIncome": 2021,
        "provisionforIncomeTaxes": 389,
        "revenue": 67178,
        "sgaExpense": 3230,
        "totalOperatingExpense": 3652
      },
      {
        "costOfGoodsSold": 58896,
        "depreciationAmortization": 422,
        "dilutedAverageSharesOutstanding": 272.953,
        "dilutedEPS": 4.847,
        "ebit": 2402,
        "grossIncome": 6606,
        "interestExpense": 362,
        "interestIncomeExpense": -364,
        "minorityInterest": -86,
        "netIncome": 1323,
        "netIncomeAfterTaxes": 1409,
        "nonRecurringItems": -390,
        "period": "2025-03-31",
        "pretaxIncome": 1648,
        "provisionforIncomeTaxes": 239,
        "revenue": 65502,
        "sgaExpense": 3782,
        "totalOperatingExpense": 4204
      },
      {
        "costOfGoodsSold": 59187,
        "depreciationAmortization": 424,
        "dilutedAverageSharesOutstanding": 277.746,
        "dilutedEPS": 5.127,
        "ebit": 2271,
        "grossIncome": 6462,
        "interestExpense": 362,
        "interestIncomeExpense": -294,
        "minorityInterest": -112,
        "netIncome": 1424,
        "netIncomeAfterTaxes": 1536,
        "nonRecurringItems": 32,
        "period": "2024-12-31",
        "pretaxIncome": 2009,
        "provisionforIncomeTaxes": 473,
        "revenue": 65649,
        "sgaExpense": 3767,
        "totalOperatingExpense": 4191
      },
      {
        "costOfGoodsSold": 57092,
        "depreciationAmortization": 436,
        "dilutedAverageSharesOutstanding": 281.396,
        "dilutedEPS": 2.6262,
        "ebit": 2653,
        "grossIncome": 6602,
        "interestExpense": 376,
        "interestIncomeExpense": -1115,
        "minorityInterest": -86,
        "netIncome": 739,
        "netIncomeAfterTaxes": 825,
        "nonRecurringItems": -346,
        "period": "2024-09-30",
        "pretaxIncome": 1192,
        "provisionforIncomeTaxes": 367,
        "revenue": 63694,
        "sgaExpense": 3513,
        "totalOperatingExpense": 3949
      },
      {
        "costOfGoodsSold": 54007,
        "depreciationAmortization": 420,
        "dilutedAverageSharesOutstanding": 284.052,
        "dilutedEPS": 5.4497,
        "ebit": 2475,
        "grossIncome": 6516,
        "interestExpense": 375,
        "interestIncomeExpense": -423,
        "minorityInterest": -81,
        "netIncome": 1548,
        "netIncomeAfterTaxes": 1629,
        "nonRecurringItems": -63,
        "period": "2024-06-30",
        "pretaxIncome": 1989,
        "provisionforIncomeTaxes": 360,
        "revenue": 60523,
        "sgaExpense": 3621,
        "totalOperatingExpense": 4041
      },
      {
        "costOfGoodsSold": 50871,
        "depreciationAmortization": 423,
        "dilutedAverageSharesOutstanding": 286.465,
        "dilutedEPS": -0.967,
        "ebit": 2293,
        "grossIncome": 6384,
        "interestExpense": 322,
        "interestIncomeExpense": -2158,
        "minorityInterest": -65,
        "netIncome": -277,
        "netIncomeAfterTaxes": -212,
        "nonRecurringItems": -56,
        "period": "2024-03-31",
        "pretaxIncome": 79,
        "provisionforIncomeTaxes": 291,
        "revenue": 57255,
        "sgaExpense": 3668,
        "totalOperatingExpense": 4091
      },
      {
        "costOfGoodsSold": 44541,
        "depreciationAmortization": 451,
        "dilutedAverageSharesOutstanding": 294.539,
        "dilutedEPS": 3.4936,
        "ebit": 2538,
        "grossIncome": 6573,
        "interestExpense": 360,
        "interestIncomeExpense": -394,
        "minorityInterest": -78,
        "netIncome": 1029,
        "netIncomeAfterTaxes": 1107,
        "nonRecurringItems": -1956,
        "period": "2023-12-31",
        "pretaxIncome": 188,
        "provisionforIncomeTaxes": -919,
        "revenue": 51114,
        "sgaExpense": 3584,
        "totalOperatingExpense": 4035
      },
      {
        "costOfGoodsSold": 42566,
        "depreciationAmortization": 454,
        "dilutedAverageSharesOutstanding": 297.131,
        "dilutedEPS": 4.7387,
        "ebit": 2240,
        "grossIncome": 6482,
        "interestExpense": 365,
        "interestIncomeExpense": -379,
        "minorityInterest": -41,
        "netIncome": 1408,
        "netIncomeAfterTaxes": 1449,
        "nonRecurringItems": -21,
        "period": "2023-09-30",
        "pretaxIncome": 1840,
        "provisionforIncomeTaxes": 391,
        "revenue": 49048,
        "sgaExpense": 3788,
        "totalOperatingExpense": 4242
      },
      {
        "costOfGoodsSold": 42476,
        "depreciationAmortization": 455,
        "dilutedAverageSharesOutstanding": 296.873,
        "dilutedEPS": 4.9179,
        "ebit": 2221,
        "grossIncome": 6110,
        "interestExpense": 363,
        "interestIncomeExpense": -337,
        "minorityInterest": -50,
        "netIncome": 1460,
        "netIncomeAfterTaxes": 1510,
        "period": "2023-06-30",
        "pretaxIncome": 1884,
        "provisionforIncomeTaxes": 374,
        "revenue": 48586,
        "sgaExpense": 3434,
        "totalOperatingExpense": 3889
      },
      {
        "costOfGoodsSold": 40505,
        "depreciationAmortization": 459,
        "dilutedAverageSharesOutstanding": 298.999,
        "dilutedEPS": 4.2375,
        "ebit": 2016,
        "grossIncome": 6012,
        "interestExpense": 358,
        "interestIncomeExpense": -414,
        "minorityInterest": -39,
        "netIncome": 1267,
        "netIncomeAfterTaxes": 1306,
        "nonRecurringItems": -1,
        "period": "2023-03-31",
        "pretaxIncome": 1601,
        "provisionforIncomeTaxes": 295,
        "revenue": 46517,
        "sgaExpense": 3537,
        "totalOperatingExpense": 3996
      },
      {
        "costOfGoodsSold": 40086,
        "depreciationAmortization": 457,
        "dilutedAverageSharesOutstanding": 305.319,
        "dilutedEPS": 3.8288,
        "ebit": 1748,
        "grossIncome": 5665,
        "interestExpense": 324,
        "interestIncomeExpense": -324,
        "minorityInterest": -29,
        "netIncome": 1169,
        "netIncomeAfterTaxes": 1198,
        "nonRecurringItems": -96,
        "period": "2022-12-31",
        "pretaxIncome": 1328,
        "provisionforIncomeTaxes": 130,
        "revenue": 45751,
        "sgaExpense": 3460,
        "totalOperatingExpense": 3917
      },
      {
        "costOfGoodsSold": 39531,
        "depreciationAmortization": 460,
        "dilutedAverageSharesOutstanding": 307.517,
        "dilutedEPS": 8.9654,
        "ebit": 2165,
        "grossIncome": 5749,
        "interestExpense": 304,
        "interestIncomeExpense": -385,
        "minorityInterest": -21,
        "netIncome": 2757,
        "netIncomeAfterTaxes": 2778,
        "nonRecurringItems": 1711,
        "period": "2022-09-30",
        "pretaxIncome": 3491,
        "provisionforIncomeTaxes": 713,
        "revenue": 45280,
        "sgaExpense": 3124,
        "totalOperatingExpense": 3584
      },
      {
        "benefitsClaimsLossAdjustment": 8192,
        "depreciationAmortization": 501,
        "dilutedAverageSharesOutstanding": 318.304,
        "dilutedEPS": 4.8978,
        "ebit": 2316,
        "grossPremiumsEarned": 45155,
        "interestExpense": 301,
        "interestIncomeExpense": -301,
        "minorityInterest": -13,
        "netIncome": 1559,
        "netIncomeAfterTaxes": 1572,
        "nonRecurringItems": -30,
        "otherOperatingExpensesTotal": 31150,
        "period": "2022-06-30",
        "pretaxIncome": 1985,
        "provisionforIncomeTaxes": 413,
        "revenue": 45385,
        "sgaExpense": 3226,
        "totalOperatingExpense": 43069
      },
      {
        "benefitsClaimsLossAdjustment": 8268,
        "depreciationAmortization": 458,
        "dilutedAverageSharesOutstanding": 321.282,
        "dilutedEPS": 3.6821,
        "ebit": 1900,
        "grossPremiumsEarned": 43591,
        "interestExpense": 299,
        "interestIncomeExpense": -299,
        "minorityInterest": -15,
        "netIncome": 1183,
        "netIncomeAfterTaxes": 1198,
        "nonRecurringItems": -52,
        "otherOperatingExpensesTotal": 29813,
        "period": "2022-03-31",
        "pretaxIncome": 1549,
        "provisionforIncomeTaxes": 351,
        "revenue": 43686,
        "sgaExpense": 3247,
        "totalOperatingExpense": 41786
      },
      {
        "benefitsClaimsLossAdjustment": 8743,
        "depreciationAmortization": 499,
        "dilutedAverageSharesOutstanding": 329.524,
        "dilutedEPS": 3.3867,
        "ebit": 1884,
        "grossPremiumsEarned": 45308,
        "interestExpense": 293,
        "interestIncomeExpense": -293,
        "minorityInterest": -17,
        "netIncome": 1116,
        "netIncomeAfterTaxes": 1133,
        "nonRecurringItems": -279,
        "otherOperatingExpensesTotal": 31247,
        "period": "2021-12-31",
        "pretaxIncome": 1312,
        "provisionforIncomeTaxes": 179,
        "revenue": 45756,
        "sgaExpense": 3383,
        "totalOperatingExpense": 43872
      },
      {
        "benefitsClaimsLossAdjustment": 8330,
        "depreciationAmortization": 501,
        "dilutedAverageSharesOutstanding": 337.579,
        "dilutedEPS": 4.8018,
        "ebit": 2375,
        "grossPremiumsEarned": 43820,
        "interestExpense": 303,
        "interestIncomeExpense": -303,
        "minorityInterest": -14,
        "netIncome": 1621,
        "netIncomeAfterTaxes": 1635,
        "nonRecurringItems": -13,
        "otherOperatingExpensesTotal": 30070,
        "period": "2021-09-30",
        "pretaxIncome": 2059,
        "provisionforIncomeTaxes": 424,
        "revenue": 44356,
        "sgaExpense": 3080,
        "totalOperatingExpense": 41981
      },
      {
        "benefitsClaimsLossAdjustment": 8484,
        "depreciationAmortization": 503,
        "dilutedAverageSharesOutstanding": 344.929,
        "dilutedEPS": 4.2531,
        "ebit": 2222,
        "grossPremiumsEarned": 42821,
        "interestExpense": 298,
        "interestIncomeExpense": -298,
        "minorityInterest": -9,
        "netIncome": 1467,
        "netIncomeAfterTaxes": 1476,
        "nonRecurringItems": -26,
        "otherOperatingExpensesTotal": 29001,
        "period": "2021-06-30",
        "pretaxIncome": 1898,
        "provisionforIncomeTaxes": 422,
        "revenue": 43190,
        "sgaExpense": 2980,
        "totalOperatingExpense": 40968
      },
      {
        "benefitsClaimsLossAdjustment": 8005,
        "depreciationAmortization": 495,
        "dilutedAverageSharesOutstanding": 352,
        "dilutedEPS": 3.3,
        "ebit": 1989,
        "grossPremiumsEarned": 40580,
        "interestExpense": 314,
        "interestIncomeExpense": -314,
        "minorityInterest": -10,
        "netIncome": 1161,
        "netIncomeAfterTaxes": 1171,
        "nonRecurringItems": -162,
        "otherOperatingExpensesTotal": 27235,
        "period": "2021-03-31",
        "pretaxIncome": 1513,
        "provisionforIncomeTaxes": 342,
        "revenue": 40972,
        "sgaExpense": 3248,
        "totalOperatingExpense": 38983
      },
      {
        "benefitsClaimsLossAdjustment": 8847,
        "depreciationAmortization": 495,
        "dilutedAverageSharesOutstanding": 361,
        "dilutedEPS": 11.45,
        "ebit": 1651,
        "grossPremiumsEarned": 41292,
        "interestExpense": 337,
        "interestIncomeExpense": -337,
        "minorityInterest": -7,
        "netIncome": 4135,
        "netIncomeAfterTaxes": 4142,
        "nonRecurringItems": 4064,
        "otherOperatingExpensesTotal": 27059,
        "period": "2020-12-31",
        "pretaxIncome": 5378,
        "provisionforIncomeTaxes": 1236,
        "revenue": 41830,
        "sgaExpense": 3778,
        "totalOperatingExpense": 40179
      },
      {
        "benefitsClaimsLossAdjustment": 8429,
        "depreciationAmortization": 493,
        "dilutedAverageSharesOutstanding": 367,
        "dilutedEPS": 3.78,
        "ebit": 2062,
        "grossPremiumsEarned": 40569,
        "interestExpense": 336,
        "interestIncomeExpense": -336,
        "minorityInterest": -10,
        "netIncome": 1388,
        "netIncomeAfterTaxes": 1398,
        "nonRecurringItems": 78,
        "otherOperatingExpensesTotal": 26624,
        "period": "2020-09-30",
        "pretaxIncome": 1804,
        "provisionforIncomeTaxes": 406,
        "revenue": 40898,
        "sgaExpense": 3290,
        "totalOperatingExpense": 38836
      },
      {
        "benefitsClaimsLossAdjustment": 7112,
        "depreciationAmortization": 496,
        "dilutedAverageSharesOutstanding": 371,
        "dilutedEPS": 4.73,
        "ebit": 2807,
        "grossPremiumsEarned": 39042,
        "interestExpense": 374,
        "interestIncomeExpense": -374,
        "minorityInterest": -6,
        "netIncome": 1754,
        "netIncomeAfterTaxes": 1760,
        "nonRecurringItems": -144,
        "otherOperatingExpensesTotal": 25611,
        "period": "2020-06-30",
        "pretaxIncome": 2289,
        "provisionforIncomeTaxes": 529,
        "revenue": 39303,
        "sgaExpense": 3277,
        "totalOperatingExpense": 36496
      },
      {
        "benefitsClaimsLossAdjustment": 8322,
        "depreciationAmortization": 498,
        "dilutedAverageSharesOutstanding": 375,
        "dilutedEPS": 3.15,
        "ebit": 2039,
        "grossPremiumsEarned": 38029,
        "interestExpense": 391,
        "interestIncomeExpense": -391,
        "minorityInterest": -8,
        "netIncome": 1181,
        "netIncomeAfterTaxes": 1189,
        "nonRecurringItems": -251,
        "otherOperatingExpensesTotal": 24190,
        "period": "2020-03-31",
        "pretaxIncome": 1397,
        "provisionforIncomeTaxes": 208,
        "revenue": 38294,
        "sgaExpense": 3245,
        "totalOperatingExpense": 36255
      },
      {
        "benefitsClaimsLossAdjustment": 7889,
        "depreciationAmortization": 735,
        "dilutedAverageSharesOutstanding": 376,
        "dilutedEPS": 2.6,
        "ebit": 1654,
        "grossPremiumsEarned": 37890,
        "interestExpense": 391,
        "interestIncomeExpense": -391,
        "minorityInterest": -7,
        "netIncome": 977,
        "netIncomeAfterTaxes": 984,
        "nonRecurringItems": -2,
        "otherOperatingExpensesTotal": 24103,
        "period": "2019-12-31",
        "pretaxIncome": 1261,
        "provisionforIncomeTaxes": 277,
        "revenue": 38338,
        "sgaExpense": 3957,
        "totalOperatingExpense": 36684
      },
      {
        "benefitsClaimsLossAdjustment": 7734,
        "depreciationAmortization": 734,
        "dilutedAverageSharesOutstanding": 378,
        "dilutedEPS": 3.57,
        "ebit": 2174,
        "grossPremiumsEarned": 38207,
        "interestExpense": 411,
        "interestIncomeExpense": -411,
        "minorityInterest": -3,
        "netIncome": 1351,
        "netIncomeAfterTaxes": 1354,
        "otherOperatingExpensesTotal": 24552,
        "period": "2019-09-30",
        "pretaxIncome": 1763,
        "provisionforIncomeTaxes": 409,
        "revenue": 38607,
        "sgaExpense": 3413,
        "totalOperatingExpense": 36433
      },
      {
        "benefitsClaimsLossAdjustment": 7576,
        "depreciationAmortization": 737,
        "dilutedAverageSharesOutstanding": 381,
        "dilutedEPS": 3.7,
        "ebit": 2186,
        "grossPremiumsEarned": 38479,
        "interestExpense": 428,
        "interestIncomeExpense": -428,
        "minorityInterest": -2,
        "netIncome": 1408,
        "netIncomeAfterTaxes": 1410,
        "otherOperatingExpensesTotal": 24963,
        "period": "2019-06-30",
        "pretaxIncome": 1758,
        "provisionforIncomeTaxes": 348,
        "revenue": 38842,
        "sgaExpense": 3380,
        "totalOperatingExpense": 36656
      },
      {
        "benefitsClaimsLossAdjustment": 7620,
        "depreciationAmortization": 743,
        "dilutedAverageSharesOutstanding": 384,
        "dilutedEPS": 3.56,
        "ebit": 2240,
        "grossPremiumsEarned": 37600,
        "interestExpense": 452,
        "interestIncomeExpense": -452,
        "minorityInterest": -4,
        "netIncome": 1368,
        "netIncomeAfterTaxes": 1372,
        "otherOperatingExpensesTotal": 24050,
        "period": "2019-03-31",
        "pretaxIncome": 1788,
        "provisionforIncomeTaxes": 416,
        "revenue": 37956,
        "sgaExpense": 3303,
        "totalOperatingExpense": 35716
      },
      {
        "benefitsClaimsLossAdjustment": 11430,
        "depreciationAmortization": 136,
        "dilutedAverageSharesOutstanding": 264,
        "dilutedEPS": 0.55,
        "ebit": 726,
        "grossPremiumsEarned": 13856,
        "interestExpense": 498,
        "interestIncomeExpense": -498,
        "minorityInterest": -3,
        "netIncome": 144,
        "netIncomeAfterTaxes": 148,
        "nonRecurringItems": 0,
        "otherOperatingExpensesTotal": 1963,
        "period": "2018-12-31",
        "pretaxIncome": 228,
        "provisionforIncomeTaxes": 80,
        "revenue": 14255,
        "totalOperatingExpense": 13529
      },
      {
        "benefitsClaimsLossAdjustment": 6803,
        "depreciationAmortization": 48,
        "dilutedAverageSharesOutstanding": 246,
        "dilutedEPS": 3.12,
        "ebit": 1034,
        "grossPremiumsEarned": 11102,
        "minorityInterest": -2,
        "netIncome": 772,
        "netIncomeAfterTaxes": 769,
        "nonRecurringItems": -1,
        "otherOperatingExpensesTotal": 3573,
        "period": "2018-09-30",
        "pretaxIncome": 1033,
        "provisionforIncomeTaxes": 264,
        "revenue": 11458,
        "totalOperatingExpense": 10424
      },
      {
        "benefitsClaimsLossAdjustment": 6845,
        "depreciationAmortization": 24,
        "dilutedAverageSharesOutstanding": 245,
        "dilutedEPS": 3.29,
        "ebit": 1158,
        "grossPremiumsEarned": 11128,
        "interestExpense": 56,
        "interestIncomeExpense": -56,
        "minorityInterest": -2,
        "netIncome": 806,
        "netIncomeAfterTaxes": 808,
        "otherOperatingExpensesTotal": 613,
        "period": "2018-06-30",
        "pretaxIncome": 1102,
        "provisionforIncomeTaxes": 294,
        "revenue": 11477,
        "sgaExpense": 2837,
        "totalOperatingExpense": 10319
      },
      {
        "benefitsClaimsLossAdjustment": 6772,
        "depreciationAmortization": 27,
        "dilutedAverageSharesOutstanding": 246,
        "dilutedEPS": 3.72,
        "ebit": 1275,
        "grossPremiumsEarned": 11084,
        "interestExpense": 57,
        "interestIncomeExpense": -57,
        "minorityInterest": -2,
        "netIncome": 915,
        "netIncomeAfterTaxes": 917,
        "otherOperatingExpensesTotal": 561,
        "period": "2018-03-31",
        "pretaxIncome": 1218,
        "provisionforIncomeTaxes": 301,
        "revenue": 11380,
        "sgaExpense": 2745,
        "totalOperatingExpense": 10105
      },
      {
        "benefitsClaimsLossAdjustment": 10579,
        "depreciationAmortization": 27,
        "dilutedAverageSharesOutstanding": 249,
        "dilutedEPS": 1.06,
        "ebit": 758,
        "grossPremiumsEarned": 10330,
        "minorityInterest": -1,
        "netIncome": 266,
        "netIncomeAfterTaxes": 499,
        "otherOperatingExpensesTotal": -709,
        "period": "2017-12-31",
        "pretaxIncome": 758,
        "provisionforIncomeTaxes": 259,
        "revenue": 10655,
        "totalOperatingExpense": 9897
      },
      {
        "benefitsClaimsLossAdjustment": 6187,
        "depreciationAmortization": 28,
        "dilutedAverageSharesOutstanding": 253,
        "dilutedEPS": 2.21,
        "ebit": 830,
        "grossPremiumsEarned": 10074,
        "minorityInterest": -2,
        "netIncome": 560,
        "netIncomeAfterTaxes": 562,
        "nonRecurringItems": -6,
        "otherOperatingExpensesTotal": 3450,
        "period": "2017-09-30",
        "pretaxIncome": 824,
        "provisionforIncomeTaxes": 262,
        "revenue": 10495,
        "totalOperatingExpense": 9665
      },
      {
        "benefitsClaimsLossAdjustment": 6225,
        "depreciationAmortization": 28,
        "dilutedAverageSharesOutstanding": 258,
        "dilutedEPS": 3.15,
        "ebit": 1136,
        "grossPremiumsEarned": 10066,
        "minorityInterest": 3,
        "netIncome": 813,
        "netIncomeAfterTaxes": 810,
        "nonRecurringItems": -2,
        "otherOperatingExpensesTotal": 3038,
        "period": "2017-06-30",
        "pretaxIncome": 1134,
        "provisionforIncomeTaxes": 324,
        "revenue": 10427,
        "totalOperatingExpense": 9291
      },
      {
        "benefitsClaimsLossAdjustment": 6316,
        "depreciationAmortization": 32,
        "dilutedAverageSharesOutstanding": 260,
        "dilutedEPS": 2.3,
        "ebit": 897,
        "grossPremiumsEarned": 10125,
        "minorityInterest": 5,
        "netIncome": 598,
        "netIncomeAfterTaxes": 593,
        "nonRecurringItems": -7,
        "otherOperatingExpensesTotal": 3236,
        "period": "2017-03-31",
        "pretaxIncome": 890,
        "provisionforIncomeTaxes": 297,
        "revenue": 10481,
        "totalOperatingExpense": 9584
      },
      {
        "benefitsClaimsLossAdjustment": 6131,
        "depreciationAmortization": 36,
        "dilutedAverageSharesOutstanding": 260,
        "dilutedEPS": 1.47,
        "ebit": 609,
        "grossPremiumsEarned": 9586,
        "minorityInterest": 8,
        "netIncome": 382,
        "netIncomeAfterTaxes": 374,
        "nonRecurringItems": -4,
        "otherOperatingExpensesTotal": 3172,
        "period": "2016-12-31",
        "pretaxIncome": 605,
        "provisionforIncomeTaxes": 231,
        "revenue": 9948,
        "totalOperatingExpense": 9339
      },
      {
        "benefitsClaimsLossAdjustment": 6035,
        "depreciationAmortization": 37,
        "dilutedAverageSharesOutstanding": 260,
        "dilutedEPS": 1.76,
        "ebit": 743,
        "grossPremiumsEarned": 9523,
        "minorityInterest": 4,
        "netIncome": 456,
        "netIncomeAfterTaxes": 452,
        "nonRecurringItems": -1,
        "otherOperatingExpensesTotal": 3066,
        "period": "2016-09-30",
        "pretaxIncome": 742,
        "provisionforIncomeTaxes": 290,
        "revenue": 9881,
        "totalOperatingExpense": 9138
      },
      {
        "benefitsClaimsLossAdjustment": 6191,
        "depreciationAmortization": 37,
        "dilutedAverageSharesOutstanding": 260,
        "dilutedEPS": 1.97,
        "ebit": 816,
        "grossPremiumsEarned": 9599,
        "minorityInterest": 7,
        "netIncome": 510,
        "netIncomeAfterTaxes": 503,
        "nonRecurringItems": -3,
        "otherOperatingExpensesTotal": 2919,
        "period": "2016-06-30",
        "pretaxIncome": 813,
        "provisionforIncomeTaxes": 310,
        "revenue": 9963,
        "totalOperatingExpense": 9147
      },
      {
        "benefitsClaimsLossAdjustment": 6129,
        "depreciationAmortization": 41,
        "dilutedAverageSharesOutstanding": 259,
        "dilutedEPS": 2,
        "ebit": 846,
        "grossPremiumsEarned": 9644,
        "minorityInterest": 5,
        "netIncome": 519,
        "netIncomeAfterTaxes": 514,
        "nonRecurringItems": -27,
        "otherOperatingExpensesTotal": 2895,
        "period": "2016-03-31",
        "pretaxIncome": 819,
        "provisionforIncomeTaxes": 305,
        "revenue": 9911,
        "totalOperatingExpense": 9065
      },
      {
        "benefitsClaimsLossAdjustment": 5872,
        "depreciationAmortization": 21,
        "dilutedAverageSharesOutstanding": 261,
        "dilutedEPS": 1.64,
        "ebit": 698,
        "grossPremiumsEarned": 9280,
        "minorityInterest": 8,
        "netIncome": 426,
        "netIncomeAfterTaxes": 418,
        "nonRecurringItems": -39,
        "otherOperatingExpensesTotal": 2976,
        "period": "2015-12-31",
        "pretaxIncome": 659,
        "provisionforIncomeTaxes": 241,
        "revenue": 9567,
        "totalOperatingExpense": 8869
      },
      {
        "benefitsClaimsLossAdjustment": 5769,
        "depreciationAmortization": 39,
        "dilutedAverageSharesOutstanding": 261,
        "dilutedEPS": 2.1,
        "ebit": 936,
        "grossPremiumsEarned": 9094,
        "minorityInterest": 3,
        "netIncome": 547,
        "netIncomeAfterTaxes": 544,
        "nonRecurringItems": -58,
        "otherOperatingExpensesTotal": 2703,
        "period": "2015-09-30",
        "pretaxIncome": 878,
        "provisionforIncomeTaxes": 334,
        "revenue": 9447,
        "totalOperatingExpense": 8511
      }
    ],
    "symbol": "CI"
  }
}