{
  "symbol": "IVZ",
  "statement": "ic",
  "frequency": "annual",
  "timestamp": "2025-09-19T14:02:17.886983",
  "data": {
    "financials": [
      {
        "costOfGoodsSold": 2025.6,
        "depreciationAmortization": 44.8,
        "dilutedAverageSharesOutstanding": 457.7,
        "dilutedEPS": 1.1754,
        "ebit": 832.1,
        "grossIncome": 4041.4,
        "interestExpense": 58,
        "interestIncomeExpense": 183.4,
        "minorityInterest": 22.4,
        "netIncome": 538,
        "netIncomeAfterTaxes": 752.4,
        "nonRecurringItems": 0,
        "period": "2024-12-31",
        "pretaxIncome": 1005.3,
        "provisionforIncomeTaxes": 252.9,
        "revenue": 6067,
        "sgaExpense": 3164.5,
        "totalOperatingExpense": 3209.3,
        "totalOtherIncomeExpenseNet": -10.2,
        "year": 2024
      },
      {
        "costOfGoodsSold": 1825.2,
        "depreciationAmortization": 49.9,
        "dilutedAverageSharesOutstanding": 454.8,
        "dilutedEPS": -0.7337,
        "ebit": 855.7,
        "grossIncome": 3891.2,
        "interestExpense": 70.5,
        "interestIncomeExpense": 275.2,
        "minorityInterest": 71.3,
        "netIncome": -333.7,
        "netIncomeAfterTaxes": -168.2,
        "nonRecurringItems": -1290.5,
        "period": "2023-12-31",
        "pretaxIncome": -237.9,
        "provisionforIncomeTaxes": -69.7,
        "revenue": 5716.4,
        "sgaExpense": 2985.6,
        "totalOperatingExpense": 3035.5,
        "totalOtherIncomeExpenseNet": -78.3,
        "year": 2023
      },
      {
        "costOfGoodsSold": 1886.2,
        "depreciationAmortization": 63.8,
        "dilutedAverageSharesOutstanding": 459.5,
        "dilutedEPS": 1.49,
        "ebit": 1338.9,
        "grossIncome": 4162.7,
        "interestExpense": 308.4,
        "interestIncomeExpense": 196.4,
        "minorityInterest": -4.8,
        "netIncome": 683.9,
        "netIncomeAfterTaxes": 925.5,
        "nonRecurringItems": -21.2,
        "period": "2022-12-31",
        "pretaxIncome": 1247.7,
        "provisionforIncomeTaxes": 322.2,
        "revenue": 6048.9,
        "sgaExpense": 2760,
        "totalOperatingExpense": 2823.8,
        "totalOtherIncomeExpenseNet": -266.4,
        "year": 2022
      },
      {
        "costOfGoodsSold": 2149.3,
        "depreciationAmortization": 62.9,
        "dilutedAverageSharesOutstanding": 465.4,
        "dilutedEPS": 2.99,
        "ebit": 1722.3,
        "grossIncome": 4745.2,
        "interestExpense": 255.4,
        "interestIncomeExpense": 201.8,
        "minorityInterest": -339.6,
        "netIncome": 1393,
        "netIncomeAfterTaxes": 1969.4,
        "nonRecurringItems": 65.9,
        "period": "2021-12-31",
        "pretaxIncome": 2500.5,
        "provisionforIncomeTaxes": 531.1,
        "revenue": 6894.5,
        "sgaExpense": 2960,
        "totalOperatingExpense": 3022.9,
        "totalOtherIncomeExpenseNet": 510.5,
        "year": 2021
      },
      {
        "costOfGoodsSold": 1947.6,
        "dilutedAverageSharesOutstanding": 462.5,
        "dilutedEPS": 1.13,
        "ebit": 1313.7,
        "grossIncome": 4198,
        "interestExpense": 323.8,
        "interestIncomeExpense": 69.4,
        "minorityInterest": -45.9,
        "netIncome": 524.8,
        "netIncomeAfterTaxes": 806.8,
        "nonRecurringItems": -393.3,
        "period": "2020-12-31",
        "pretaxIncome": 1069.1,
        "provisionforIncomeTaxes": 262.3,
        "revenue": 6145.6,
        "sgaExpense": 2884.3,
        "totalOperatingExpense": 2884.3,
        "totalOtherIncomeExpenseNet": 79.3,
        "year": 2020
      },
      {
        "costOfGoodsSold": 1893,
        "dilutedAverageSharesOutstanding": 440.5,
        "dilutedEPS": 1.28,
        "ebit": 1481.2,
        "grossIncome": 4224.4,
        "interestExpense": 364.2,
        "interestIncomeExpense": 61.3,
        "minorityInterest": -49.5,
        "netIncome": 564.7,
        "netIncomeAfterTaxes": 737.8,
        "nonRecurringItems": -673,
        "period": "2019-12-31",
        "pretaxIncome": 972.9,
        "provisionforIncomeTaxes": 235.1,
        "revenue": 6117.4,
        "sgaExpense": 2743.2,
        "totalOperatingExpense": 2743.2,
        "totalOtherIncomeExpenseNet": 103.4,
        "year": 2019
      },
      {
        "costOfGoodsSold": 1608.2,
        "dilutedAverageSharesOutstanding": 412.5,
        "dilutedEPS": 2.14,
        "ebit": 1341.8,
        "grossIncome": 3705.9,
        "interestExpense": 111.5,
        "interestIncomeExpense": -56.3,
        "minorityInterest": -0.3,
        "netIncome": 882.8,
        "netIncomeAfterTaxes": 896.2,
        "nonRecurringItems": -136.9,
        "period": "2018-12-31",
        "pretaxIncome": 1138.1,
        "provisionforIncomeTaxes": 241.9,
        "revenue": 5314.1,
        "sgaExpense": 2364.1,
        "totalOperatingExpense": 2364.1,
        "totalOtherIncomeExpenseNet": -10.5,
        "year": 2018
      },
      {
        "costOfGoodsSold": 1486.5,
        "dilutedAverageSharesOutstanding": 409.9,
        "dilutedEPS": 2.75,
        "ebit": 1380.9,
        "grossIncome": 3673.8,
        "interestExpense": 94.8,
        "interestIncomeExpense": -57.7,
        "minorityInterest": -33.7,
        "netIncome": 1127.3,
        "netIncomeAfterTaxes": 1030.3,
        "nonRecurringItems": -101.8,
        "period": "2017-12-31",
        "pretaxIncome": 1429.2,
        "provisionforIncomeTaxes": 398.9,
        "revenue": 5160.3,
        "sgaExpense": 2292.9,
        "totalOperatingExpense": 2292.9,
        "totalOtherIncomeExpenseNet": 207.8,
        "year": 2017
      },
      {
        "costOfGoodsSold": 1407.2,
        "dilutedAverageSharesOutstanding": 415,
        "dilutedEPS": 2.06,
        "ebit": 1184.6,
        "grossIncome": 3335.4,
        "interestExpense": 93.4,
        "interestIncomeExpense": -54.4,
        "minorityInterest": -14.1,
        "netIncome": 854.2,
        "netIncomeAfterTaxes": 868.3,
        "nonRecurringItems": 0,
        "period": "2016-12-31",
        "pretaxIncome": 1206.6,
        "provisionforIncomeTaxes": 338.3,
        "revenue": 4742.6,
        "sgaExpense": 2150.8,
        "totalOperatingExpense": 2150.8,
        "totalOtherIncomeExpenseNet": 76.4,
        "year": 2016
      },
      {
        "costOfGoodsSold": 1579.9,
        "dilutedAverageSharesOutstanding": 429.3,
        "dilutedEPS": 2.26,
        "ebit": 1386.4,
        "grossIncome": 3571,
        "interestExpense": 81.7,
        "interestIncomeExpense": -39.9,
        "minorityInterest": 4,
        "netIncome": 968.1,
        "netIncomeAfterTaxes": 964.1,
        "nonRecurringItems": -15.5,
        "period": "2015-12-31",
        "pretaxIncome": 1362.1,
        "provisionforIncomeTaxes": 398,
        "revenue": 5150.9,
        "sgaExpense": 2184.6,
        "totalOperatingExpense": 2184.6,
        "totalOtherIncomeExpenseNet": 31.1,
        "year": 2015
      }
    ],
    "symbol": "IVZ"
  }
}