{
  "symbol": "FCX",
  "statement": "ic",
  "frequency": "quarterly",
  "timestamp": "2025-09-19T14:00:47.825016",
  "data": {
    "financials": [
      {
        "costOfGoodsSold": 4950,
        "dilutedAverageSharesOutstanding": 1443,
        "dilutedEPS": 0.535,
        "ebit": 2432,
        "equityEarningsAffiliates": 6,
        "grossIncome": 2632,
        "interestExpense": 82,
        "interestIncomeExpense": -82,
        "minorityInterest": -775,
        "netIncome": 766,
        "netIncomeAfterTaxes": 1541,
        "otherOperatingExpensesTotal": 27,
        "period": "2025-06-30",
        "pretaxIncome": 2391,
        "provisionforIncomeTaxes": 850,
        "researchDevelopment": 46,
        "revenue": 7582,
        "sgaExpense": 127,
        "totalOperatingExpense": 200,
        "totalOtherIncomeExpenseNet": 41
      },
      {
        "costOfGoodsSold": 4222,
        "dilutedAverageSharesOutstanding": 1444,
        "dilutedEPS": 0.24,
        "ebit": 1320,
        "equityEarningsAffiliates": 2,
        "grossIncome": 1506,
        "interestExpense": 70,
        "interestIncomeExpense": -70,
        "minorityInterest": -441,
        "netIncome": 346,
        "netIncomeAfterTaxes": 791,
        "nonRecurringItems": -17,
        "otherOperatingExpensesTotal": -7,
        "period": "2025-03-31",
        "pretaxIncome": 1291,
        "provisionforIncomeTaxes": 500,
        "researchDevelopment": 39,
        "revenue": 5728,
        "sgaExpense": 154,
        "totalOperatingExpense": 186,
        "totalOtherIncomeExpenseNet": 58
      },
      {
        "costOfGoodsSold": 4295,
        "dilutedAverageSharesOutstanding": 1445,
        "dilutedEPS": 0.19,
        "ebit": 1255,
        "equityEarningsAffiliates": 1,
        "grossIncome": 1425,
        "interestExpense": 70,
        "interestIncomeExpense": -53,
        "minorityInterest": -447,
        "netIncome": 274,
        "netIncomeAfterTaxes": 720,
        "nonRecurringItems": -12,
        "otherOperatingExpensesTotal": 0,
        "period": "2024-12-31",
        "pretaxIncome": 1240,
        "provisionforIncomeTaxes": 520,
        "researchDevelopment": 41,
        "revenue": 5720,
        "sgaExpense": 129,
        "totalOperatingExpense": 170,
        "totalOtherIncomeExpenseNet": 50
      },
      {
        "costOfGoodsSold": 4677,
        "dilutedAverageSharesOutstanding": 1444,
        "dilutedEPS": 0.36,
        "ebit": 1955,
        "equityEarningsAffiliates": 10,
        "grossIncome": 2113,
        "interestExpense": 72,
        "interestIncomeExpense": -72,
        "minorityInterest": -710,
        "netIncome": 520,
        "netIncomeAfterTaxes": 1226,
        "nonRecurringItems": -17,
        "otherOperatingExpensesTotal": 3,
        "period": "2024-09-30",
        "pretaxIncome": 1963,
        "provisionforIncomeTaxes": 737,
        "researchDevelopment": 38,
        "revenue": 6790,
        "sgaExpense": 117,
        "totalOperatingExpense": 158,
        "totalOtherIncomeExpenseNet": 97
      },
      {
        "costOfGoodsSold": 4384,
        "dilutedAverageSharesOutstanding": 1445,
        "dilutedEPS": 0.43,
        "ebit": 2054,
        "equityEarningsAffiliates": 4,
        "grossIncome": 2240,
        "interestExpense": 88,
        "interestIncomeExpense": -88,
        "minorityInterest": -664,
        "netIncome": 610,
        "netIncomeAfterTaxes": 1276,
        "nonRecurringItems": -5,
        "otherOperatingExpensesTotal": 23,
        "period": "2024-06-30",
        "pretaxIncome": 2030,
        "provisionforIncomeTaxes": 754,
        "researchDevelopment": 40,
        "revenue": 6624,
        "sgaExpense": 123,
        "totalOperatingExpense": 186,
        "totalOtherIncomeExpenseNet": 69
      },
      {
        "costOfGoodsSold": 4439,
        "dilutedAverageSharesOutstanding": 1444,
        "dilutedEPS": 0.33,
        "ebit": 1645,
        "equityEarningsAffiliates": 0,
        "grossIncome": 1882,
        "interestExpense": 89,
        "interestIncomeExpense": -89,
        "minorityInterest": -689,
        "netIncome": 468,
        "netIncomeAfterTaxes": 1162,
        "nonRecurringItems": -11,
        "otherOperatingExpensesTotal": 56,
        "period": "2024-03-31",
        "pretaxIncome": 1674,
        "provisionforIncomeTaxes": 512,
        "researchDevelopment": 37,
        "revenue": 6321,
        "sgaExpense": 144,
        "totalOperatingExpense": 237,
        "totalOtherIncomeExpenseNet": 129
      },
      {
        "costOfGoodsSold": 3949,
        "dilutedAverageSharesOutstanding": 1443,
        "dilutedEPS": 0.27,
        "ebit": 1806,
        "equityEarningsAffiliates": 3,
        "grossIncome": 1956,
        "interestExpense": 97,
        "interestIncomeExpense": -77,
        "minorityInterest": -619,
        "netIncome": 387,
        "netIncomeAfterTaxes": 1004,
        "nonRecurringItems": -84,
        "otherOperatingExpensesTotal": -4,
        "period": "2023-12-31",
        "pretaxIncome": 1728,
        "provisionforIncomeTaxes": 724,
        "researchDevelopment": 34,
        "revenue": 5905,
        "sgaExpense": 120,
        "totalOperatingExpense": 150,
        "totalOtherIncomeExpenseNet": 83
      },
      {
        "costOfGoodsSold": 4086,
        "dilutedAverageSharesOutstanding": 1443,
        "dilutedEPS": 0.31,
        "ebit": 1507,
        "equityEarningsAffiliates": 0,
        "grossIncome": 1738,
        "interestExpense": 96,
        "interestIncomeExpense": -96,
        "minorityInterest": -510,
        "netIncome": 449,
        "netIncomeAfterTaxes": 964,
        "nonRecurringItems": -10,
        "otherOperatingExpensesTotal": 83,
        "period": "2023-09-30",
        "pretaxIncome": 1472,
        "provisionforIncomeTaxes": 508,
        "researchDevelopment": 30,
        "revenue": 5824,
        "sgaExpense": 118,
        "totalOperatingExpense": 231,
        "totalOtherIncomeExpenseNet": 71
      },
      {
        "costOfGoodsSold": 4096,
        "dilutedAverageSharesOutstanding": 1442,
        "dilutedEPS": 0.23,
        "ebit": 1424,
        "equityEarningsAffiliates": 2,
        "grossIncome": 1641,
        "interestExpense": 171,
        "interestIncomeExpense": -171,
        "minorityInterest": -388,
        "netIncome": 338,
        "netIncomeAfterTaxes": 729,
        "nonRecurringItems": -9,
        "otherOperatingExpensesTotal": 60,
        "period": "2023-06-30",
        "pretaxIncome": 1268,
        "provisionforIncomeTaxes": 539,
        "researchDevelopment": 42,
        "revenue": 5737,
        "sgaExpense": 115,
        "totalOperatingExpense": 217,
        "totalOtherIncomeExpenseNet": 24
      },
      {
        "costOfGoodsSold": 3564,
        "dilutedAverageSharesOutstanding": 1442.5,
        "dilutedEPS": 0.46,
        "ebit": 1612,
        "equityEarningsAffiliates": 10,
        "grossIncome": 1825,
        "interestExpense": 151,
        "interestIncomeExpense": -151,
        "minorityInterest": -386,
        "netIncome": 663,
        "netIncomeAfterTaxes": 1039,
        "nonRecurringItems": -80,
        "otherOperatingExpensesTotal": 56,
        "period": "2023-03-31",
        "pretaxIncome": 1538,
        "provisionforIncomeTaxes": 499,
        "researchDevelopment": 31,
        "revenue": 5389,
        "sgaExpense": 126,
        "totalOperatingExpense": 213,
        "totalOtherIncomeExpenseNet": 157
      },
      {
        "costOfGoodsSold": 4023,
        "dilutedAverageSharesOutstanding": 1439,
        "dilutedEPS": 0.48,
        "ebit": 1530,
        "equityEarningsAffiliates": -2,
        "grossIncome": 1735,
        "interestExpense": 137,
        "interestIncomeExpense": -137,
        "minorityInterest": -280,
        "netIncome": 696,
        "netIncomeAfterTaxes": 979,
        "nonRecurringItems": 3,
        "otherOperatingExpensesTotal": 70,
        "period": "2022-12-31",
        "pretaxIncome": 1536,
        "provisionforIncomeTaxes": 557,
        "researchDevelopment": 28,
        "revenue": 5758,
        "sgaExpense": 107,
        "totalOperatingExpense": 205,
        "totalOtherIncomeExpenseNet": 140
      },
      {
        "costOfGoodsSold": 3899,
        "dilutedAverageSharesOutstanding": 1439,
        "dilutedEPS": 0.28,
        "ebit": 962,
        "equityEarningsAffiliates": 8,
        "grossIncome": 1104,
        "interestExpense": 140,
        "interestIncomeExpense": -140,
        "minorityInterest": -156,
        "netIncome": 399,
        "netIncomeAfterTaxes": 552,
        "nonRecurringItems": 20,
        "otherOperatingExpensesTotal": 6,
        "period": "2022-09-30",
        "pretaxIncome": 867,
        "provisionforIncomeTaxes": 315,
        "researchDevelopment": 38,
        "revenue": 5003,
        "sgaExpense": 98,
        "totalOperatingExpense": 142,
        "totalOtherIncomeExpenseNet": 25
      },
      {
        "costOfGoodsSold": 3528,
        "dilutedAverageSharesOutstanding": 1457,
        "dilutedEPS": 0.57,
        "ebit": 1734,
        "equityEarningsAffiliates": 10,
        "grossIncome": 1888,
        "interestExpense": 156,
        "interestIncomeExpense": -156,
        "minorityInterest": -198,
        "netIncome": 836,
        "netIncomeAfterTaxes": 1028,
        "nonRecurringItems": 10,
        "otherOperatingExpensesTotal": 29,
        "period": "2022-06-30",
        "pretaxIncome": 1599,
        "provisionforIncomeTaxes": 571,
        "researchDevelopment": 25,
        "revenue": 5416,
        "sgaExpense": 100,
        "totalOperatingExpense": 154,
        "totalOtherIncomeExpenseNet": 11
      },
      {
        "costOfGoodsSold": 3639,
        "dilutedAverageSharesOutstanding": 1460,
        "dilutedEPS": 1.05,
        "ebit": 2809,
        "equityEarningsAffiliates": 15,
        "grossIncome": 2964,
        "interestExpense": 127,
        "interestIncomeExpense": -127,
        "minorityInterest": -377,
        "netIncome": 1526,
        "netIncomeAfterTaxes": 1889,
        "nonRecurringItems": 0,
        "otherOperatingExpensesTotal": 16,
        "period": "2022-03-31",
        "pretaxIncome": 2713,
        "provisionforIncomeTaxes": 824,
        "researchDevelopment": 24,
        "revenue": 6603,
        "sgaExpense": 115,
        "totalOperatingExpense": 155,
        "totalOtherIncomeExpenseNet": 31
      },
      {
        "costOfGoodsSold": 3723,
        "dilutedAverageSharesOutstanding": 1485,
        "dilutedEPS": 0.74,
        "ebit": 2288,
        "equityEarningsAffiliates": 10,
        "grossIncome": 2441,
        "interestExpense": 171,
        "interestIncomeExpense": -171,
        "minorityInterest": -252,
        "netIncome": 1105,
        "netIncomeAfterTaxes": 1348,
        "nonRecurringItems": 17,
        "otherOperatingExpensesTotal": 40,
        "period": "2021-12-31",
        "pretaxIncome": 1973,
        "provisionforIncomeTaxes": 625,
        "researchDevelopment": 19,
        "revenue": 6164,
        "sgaExpense": 94,
        "totalOperatingExpense": 153,
        "totalOtherIncomeExpenseNet": -161
      },
      {
        "costOfGoodsSold": 3551,
        "dilutedAverageSharesOutstanding": 1484,
        "dilutedEPS": 0.94,
        "ebit": 2402,
        "equityEarningsAffiliates": -9,
        "grossIncome": 2532,
        "interestExpense": 138,
        "interestIncomeExpense": -138,
        "minorityInterest": -324,
        "netIncome": 1395,
        "netIncomeAfterTaxes": 1732,
        "nonRecurringItems": 60,
        "otherOperatingExpensesTotal": 13,
        "period": "2021-09-30",
        "pretaxIncome": 2360,
        "provisionforIncomeTaxes": 628,
        "researchDevelopment": 15,
        "revenue": 6083,
        "sgaExpense": 102,
        "totalOperatingExpense": 130,
        "totalOtherIncomeExpenseNet": 36
      },
      {
        "costOfGoodsSold": 3550,
        "dilutedAverageSharesOutstanding": 1483,
        "dilutedEPS": 0.73,
        "ebit": 2064,
        "equityEarningsAffiliates": 6,
        "grossIncome": 2198,
        "interestExpense": 148,
        "interestIncomeExpense": -148,
        "minorityInterest": -248,
        "netIncome": 1079,
        "netIncomeAfterTaxes": 1325,
        "nonRecurringItems": 3,
        "otherOperatingExpensesTotal": 33,
        "period": "2021-06-30",
        "pretaxIncome": 1928,
        "provisionforIncomeTaxes": 603,
        "researchDevelopment": 14,
        "revenue": 5748,
        "sgaExpense": 87,
        "totalOperatingExpense": 134,
        "totalOtherIncomeExpenseNet": 9
      },
      {
        "costOfGoodsSold": 3206,
        "dilutedAverageSharesOutstanding": 1481.5,
        "dilutedEPS": 0.48,
        "ebit": 1532,
        "equityEarningsAffiliates": -2,
        "grossIncome": 1644,
        "interestExpense": 145,
        "interestIncomeExpense": -145,
        "minorityInterest": -235,
        "netIncome": 718,
        "netIncomeAfterTaxes": 955,
        "nonRecurringItems": 0,
        "otherOperatingExpensesTotal": 5,
        "period": "2021-03-31",
        "pretaxIncome": 1398,
        "provisionforIncomeTaxes": 443,
        "researchDevelopment": 7,
        "revenue": 4850,
        "sgaExpense": 100,
        "totalOperatingExpense": 112,
        "totalOtherIncomeExpenseNet": 11
      },
      {
        "costOfGoodsSold": 3066,
        "dilutedAverageSharesOutstanding": 1485,
        "dilutedEPS": 0.48,
        "ebit": 1224,
        "equityEarningsAffiliates": 0,
        "grossIncome": 1429,
        "interestExpense": 236,
        "interestIncomeExpense": -236,
        "minorityInterest": -150,
        "netIncome": 708,
        "netIncomeAfterTaxes": 858,
        "nonRecurringItems": 484,
        "otherOperatingExpensesTotal": 101,
        "period": "2020-12-31",
        "pretaxIncome": 1469,
        "provisionforIncomeTaxes": 611,
        "researchDevelopment": 8,
        "revenue": 4495,
        "sgaExpense": 96,
        "totalOperatingExpense": 205,
        "totalOtherIncomeExpenseNet": -3
      },
      {
        "costOfGoodsSold": 2835,
        "dilutedAverageSharesOutstanding": 1461,
        "dilutedEPS": 0.22,
        "ebit": 917,
        "equityEarningsAffiliates": 6,
        "grossIncome": 1016,
        "interestExpense": 120,
        "interestIncomeExpense": -120,
        "minorityInterest": -103,
        "netIncome": 326,
        "netIncomeAfterTaxes": 426,
        "nonRecurringItems": -96,
        "otherOperatingExpensesTotal": 21,
        "period": "2020-09-30",
        "pretaxIncome": 723,
        "provisionforIncomeTaxes": 297,
        "researchDevelopment": 7,
        "revenue": 3851,
        "sgaExpense": 71,
        "totalOperatingExpense": 99,
        "totalOtherIncomeExpenseNet": 22
      },
      {
        "costOfGoodsSold": 2421,
        "dilutedAverageSharesOutstanding": 1469.967,
        "dilutedEPS": 0.04,
        "ebit": 510,
        "equityEarningsAffiliates": 3,
        "grossIncome": 633,
        "interestExpense": 115,
        "interestIncomeExpense": -115,
        "minorityInterest": -71,
        "netIncome": 56,
        "netIncomeAfterTaxes": 121,
        "nonRecurringItems": -198,
        "otherOperatingExpensesTotal": 35,
        "period": "2020-06-30",
        "pretaxIncome": 217,
        "provisionforIncomeTaxes": 96,
        "researchDevelopment": 11,
        "revenue": 3054,
        "sgaExpense": 77,
        "totalOperatingExpense": 123,
        "totalOtherIncomeExpenseNet": 20
      },
      {
        "costOfGoodsSold": 3099,
        "dilutedAverageSharesOutstanding": 1452,
        "dilutedEPS": -0.34,
        "ebit": -453,
        "equityEarningsAffiliates": 3,
        "grossIncome": -301,
        "interestExpense": 127,
        "interestIncomeExpense": -103,
        "minorityInterest": 58,
        "netIncome": -494,
        "netIncomeAfterTaxes": -552,
        "nonRecurringItems": -76,
        "otherOperatingExpensesTotal": 26,
        "period": "2020-03-31",
        "pretaxIncome": -612,
        "provisionforIncomeTaxes": -60,
        "researchDevelopment": 16,
        "revenue": 2798,
        "sgaExpense": 110,
        "totalOperatingExpense": 152,
        "totalOtherIncomeExpenseNet": 20
      },
      {
        "costOfGoodsSold": 3384,
        "dilutedAverageSharesOutstanding": 1451,
        "dilutedEPS": 0.01,
        "ebit": 387,
        "equityEarningsAffiliates": 5,
        "grossIncome": 527,
        "interestExpense": 219,
        "interestIncomeExpense": -235,
        "minorityInterest": -34,
        "netIncome": 12,
        "netIncomeAfterTaxes": 37,
        "nonRecurringItems": 404,
        "otherOperatingExpensesTotal": 20,
        "period": "2019-12-31",
        "pretaxIncome": 366,
        "provisionforIncomeTaxes": 329,
        "researchDevelopment": 21,
        "revenue": 3911,
        "sgaExpense": 99,
        "totalOperatingExpense": 140,
        "totalOtherIncomeExpenseNet": -190
      },
      {
        "costOfGoodsSold": 3036,
        "dilutedAverageSharesOutstanding": 1452,
        "dilutedEPS": -0.15,
        "ebit": -34,
        "equityEarningsAffiliates": 5,
        "grossIncome": 117,
        "interestExpense": 123,
        "interestIncomeExpense": -115,
        "minorityInterest": 27,
        "netIncome": -210,
        "netIncomeAfterTaxes": -240,
        "nonRecurringItems": -33,
        "otherOperatingExpensesTotal": 20,
        "period": "2019-09-30",
        "pretaxIncome": -149,
        "provisionforIncomeTaxes": 91,
        "researchDevelopment": 25,
        "revenue": 3153,
        "sgaExpense": 106,
        "totalOperatingExpense": 151,
        "totalOtherIncomeExpenseNet": 33
      },
      {
        "costOfGoodsSold": 3357,
        "dilutedAverageSharesOutstanding": 1467.951,
        "dilutedEPS": -0.05,
        "ebit": 38,
        "equityEarningsAffiliates": 5,
        "grossIncome": 189,
        "interestExpense": 132,
        "interestIncomeExpense": -129,
        "minorityInterest": 2,
        "netIncome": -72,
        "netIncomeAfterTaxes": -79,
        "nonRecurringItems": -8,
        "otherOperatingExpensesTotal": 23,
        "period": "2019-06-30",
        "pretaxIncome": -94,
        "provisionforIncomeTaxes": -15,
        "researchDevelopment": 31,
        "revenue": 3546,
        "sgaExpense": 97,
        "totalOperatingExpense": 151,
        "totalOtherIncomeExpenseNet": 5
      },
      {
        "costOfGoodsSold": 3321,
        "dilutedAverageSharesOutstanding": 1451,
        "dilutedEPS": 0.02,
        "ebit": 290,
        "equityEarningsAffiliates": -3,
        "grossIncome": 471,
        "interestExpense": 146,
        "interestIncomeExpense": -148,
        "minorityInterest": -45,
        "netIncome": 31,
        "netIncomeAfterTaxes": 78,
        "nonRecurringItems": 27,
        "otherOperatingExpensesTotal": 42,
        "period": "2019-03-31",
        "pretaxIncome": 183,
        "provisionforIncomeTaxes": 105,
        "researchDevelopment": 27,
        "revenue": 3792,
        "sgaExpense": 112,
        "totalOperatingExpense": 181,
        "totalOtherIncomeExpenseNet": 14
      },
      {
        "costOfGoodsSold": 3301,
        "dilutedAverageSharesOutstanding": 1458,
        "dilutedEPS": 0.33,
        "ebit": 235,
        "equityEarningsAffiliates": 3,
        "grossIncome": 383,
        "interestExpense": 509,
        "interestIncomeExpense": -510,
        "minorityInterest": 107,
        "netIncome": 486,
        "netIncomeAfterTaxes": 248,
        "nonRecurringItems": 81,
        "otherOperatingExpensesTotal": 13,
        "period": "2018-12-31",
        "pretaxIncome": -181,
        "provisionforIncomeTaxes": -429,
        "researchDevelopment": 33,
        "revenue": 3684,
        "sgaExpense": 102,
        "totalOperatingExpense": 148,
        "totalOtherIncomeExpenseNet": 13
      },
      {
        "costOfGoodsSold": 3518,
        "dilutedAverageSharesOutstanding": 1458,
        "dilutedEPS": 0.38,
        "ebit": 1254,
        "equityEarningsAffiliates": 4,
        "grossIncome": 1390,
        "interestExpense": 143,
        "interestIncomeExpense": -152,
        "minorityInterest": -108,
        "netIncome": 552,
        "netIncomeAfterTaxes": 664,
        "nonRecurringItems": 70,
        "otherOperatingExpensesTotal": 8,
        "period": "2018-09-30",
        "pretaxIncome": 1186,
        "provisionforIncomeTaxes": 522,
        "researchDevelopment": 27,
        "revenue": 4908,
        "sgaExpense": 101,
        "totalOperatingExpense": 136,
        "totalOtherIncomeExpenseNet": 14
      },
      {
        "costOfGoodsSold": 3351,
        "dilutedAverageSharesOutstanding": 1458,
        "dilutedEPS": 0.6,
        "ebit": 1625,
        "equityEarningsAffiliates": 3,
        "grossIncome": 1817,
        "interestExpense": 142,
        "interestIncomeExpense": -148,
        "minorityInterest": -166,
        "netIncome": 866,
        "netIncomeAfterTaxes": 1036,
        "nonRecurringItems": 54,
        "otherOperatingExpensesTotal": 59,
        "period": "2018-06-30",
        "pretaxIncome": 1551,
        "provisionforIncomeTaxes": 515,
        "researchDevelopment": 24,
        "revenue": 5168,
        "sgaExpense": 109,
        "totalOperatingExpense": 192,
        "totalOtherIncomeExpenseNet": 20
      },
      {
        "costOfGoodsSold": 3257,
        "dilutedAverageSharesOutstanding": 1458,
        "dilutedEPS": 0.48,
        "ebit": 1450,
        "equityEarningsAffiliates": -2,
        "grossIncome": 1611,
        "interestExpense": 151,
        "interestIncomeExpense": -153,
        "minorityInterest": -125,
        "netIncome": 688,
        "netIncomeAfterTaxes": 830,
        "nonRecurringItems": 11,
        "otherOperatingExpensesTotal": 9,
        "period": "2018-03-31",
        "pretaxIncome": 1336,
        "provisionforIncomeTaxes": 506,
        "researchDevelopment": 21,
        "revenue": 4868,
        "sgaExpense": 131,
        "totalOperatingExpense": 161,
        "totalOtherIncomeExpenseNet": 28
      },
      {
        "costOfGoodsSold": 3262,
        "dilutedAverageSharesOutstanding": 1455,
        "dilutedEPS": 0.71,
        "ebit": 1463,
        "equityEarningsAffiliates": 4,
        "grossIncome": 1779,
        "interestExpense": 168,
        "interestIncomeExpense": -167,
        "minorityInterest": -168,
        "netIncome": 1040,
        "netIncomeAfterTaxes": 796,
        "nonRecurringItems": 28,
        "otherOperatingExpensesTotal": 168,
        "period": "2017-12-31",
        "pretaxIncome": 1325,
        "provisionforIncomeTaxes": 529,
        "researchDevelopment": 33,
        "revenue": 5041,
        "sgaExpense": 115,
        "totalOperatingExpense": 316,
        "totalOtherIncomeExpenseNet": 1
      },
      {
        "costOfGoodsSold": 3221,
        "dilutedAverageSharesOutstanding": 1454,
        "dilutedEPS": 0.19,
        "ebit": 886,
        "equityEarningsAffiliates": 3,
        "grossIncome": 1089,
        "interestExpense": 304,
        "interestIncomeExpense": -295,
        "minorityInterest": 35,
        "netIncome": 277,
        "netIncomeAfterTaxes": 239,
        "nonRecurringItems": 44,
        "otherOperatingExpensesTotal": 72,
        "period": "2017-09-30",
        "pretaxIncome": 626,
        "provisionforIncomeTaxes": 387,
        "researchDevelopment": 27,
        "revenue": 4310,
        "sgaExpense": 104,
        "totalOperatingExpense": 203,
        "totalOtherIncomeExpenseNet": -9
      },
      {
        "costOfGoodsSold": 2934,
        "dilutedAverageSharesOutstanding": 1453,
        "dilutedEPS": 0.18,
        "ebit": 672,
        "equityEarningsAffiliates": -1,
        "grossIncome": 777,
        "interestExpense": 162,
        "interestIncomeExpense": -158,
        "minorityInterest": -66,
        "netIncome": 265,
        "netIncomeAfterTaxes": 327,
        "nonRecurringItems": 6,
        "otherOperatingExpensesTotal": -21,
        "period": "2017-06-30",
        "pretaxIncome": 513,
        "provisionforIncomeTaxes": 186,
        "researchDevelopment": 19,
        "revenue": 3711,
        "sgaExpense": 107,
        "totalOperatingExpense": 105,
        "totalOtherIncomeExpenseNet": -7
      },
      {
        "costOfGoodsSold": 2578,
        "dilutedAverageSharesOutstanding": 1454,
        "dilutedEPS": 0.15,
        "ebit": 573,
        "equityEarningsAffiliates": 4,
        "grossIncome": 763,
        "interestExpense": 167,
        "interestIncomeExpense": -166,
        "minorityInterest": -75,
        "netIncome": 225,
        "netIncomeAfterTaxes": 264,
        "nonRecurringItems": 23,
        "otherOperatingExpensesTotal": 25,
        "period": "2017-03-31",
        "pretaxIncome": 438,
        "provisionforIncomeTaxes": 174,
        "researchDevelopment": 14,
        "revenue": 3341,
        "sgaExpense": 151,
        "totalOperatingExpense": 190,
        "totalOtherIncomeExpenseNet": 8
      },
      {
        "costOfGoodsSold": 3296,
        "dilutedAverageSharesOutstanding": 1405,
        "dilutedEPS": 0.22,
        "ebit": 879,
        "equityEarningsAffiliates": 2,
        "grossIncome": 1081,
        "interestExpense": 181,
        "interestIncomeExpense": -181,
        "minorityInterest": 111,
        "netIncome": 292,
        "netIncomeAfterTaxes": 200,
        "nonRecurringItems": -138,
        "otherOperatingExpensesTotal": -4,
        "period": "2016-12-31",
        "pretaxIncome": 492,
        "provisionforIncomeTaxes": 292,
        "researchDevelopment": 17,
        "revenue": 4377,
        "sgaExpense": 189,
        "totalOperatingExpense": 202,
        "totalOtherIncomeExpenseNet": -68
      },
      {
        "costOfGoodsSold": 3172,
        "dilutedAverageSharesOutstanding": 1351,
        "dilutedEPS": 0.15,
        "ebit": 585,
        "equityEarningsAffiliates": 1,
        "grossIncome": 705,
        "interestExpense": 187,
        "interestIncomeExpense": -187,
        "minorityInterest": -47,
        "netIncome": 214,
        "netIncomeAfterTaxes": 291,
        "nonRecurringItems": -211,
        "otherOperatingExpensesTotal": -3,
        "period": "2016-09-30",
        "pretaxIncome": 177,
        "provisionforIncomeTaxes": -114,
        "researchDevelopment": 13,
        "revenue": 3877,
        "sgaExpense": 110,
        "totalOperatingExpense": 120,
        "totalOtherIncomeExpenseNet": -10
      },
      {
        "costOfGoodsSold": 3588,
        "dilutedAverageSharesOutstanding": 1269,
        "dilutedEPS": -0.37,
        "ebit": -440,
        "equityEarningsAffiliates": 1,
        "grossIncome": -254,
        "interestExpense": 196,
        "interestIncomeExpense": -196,
        "minorityInterest": -57,
        "netIncome": -482,
        "netIncomeAfterTaxes": -230,
        "nonRecurringItems": 497,
        "otherOperatingExpensesTotal": 11,
        "period": "2016-06-30",
        "pretaxIncome": -114,
        "provisionforIncomeTaxes": 116,
        "researchDevelopment": 15,
        "revenue": 3334,
        "sgaExpense": 160,
        "totalOperatingExpense": 186,
        "totalOtherIncomeExpenseNet": 25
      },
      {
        "costOfGoodsSold": 3161,
        "dilutedAverageSharesOutstanding": 1251,
        "dilutedEPS": -3.33,
        "ebit": -85,
        "equityEarningsAffiliates": 7,
        "grossIncome": 81,
        "interestExpense": 191,
        "interestIncomeExpense": -191,
        "minorityInterest": -73,
        "netIncome": -4184,
        "netIncomeAfterTaxes": -4104,
        "nonRecurringItems": -3787,
        "otherOperatingExpensesTotal": 10,
        "period": "2016-03-31",
        "pretaxIncome": -4027,
        "provisionforIncomeTaxes": 77,
        "researchDevelopment": 18,
        "revenue": 3242,
        "sgaExpense": 138,
        "totalOperatingExpense": 166,
        "totalOtherIncomeExpenseNet": 36
      },
      {
        "costOfGoodsSold": 3733,
        "dilutedAverageSharesOutstanding": 1178,
        "dilutedEPS": -3.45,
        "ebit": -395,
        "equityEarningsAffiliates": -2,
        "grossIncome": -217,
        "interestExpense": 179,
        "interestIncomeExpense": -179,
        "minorityInterest": 24,
        "netIncome": -4081,
        "netIncomeAfterTaxes": -4088,
        "nonRecurringItems": -3702,
        "otherOperatingExpensesTotal": 17,
        "period": "2015-12-31",
        "pretaxIncome": -4277,
        "provisionforIncomeTaxes": -189,
        "researchDevelopment": 24,
        "revenue": 3516,
        "sgaExpense": 137,
        "totalOperatingExpense": 178,
        "totalOtherIncomeExpenseNet": -1
      },
      {
        "costOfGoodsSold": 3509,
        "dilutedAverageSharesOutstanding": 1071,
        "dilutedEPS": -3.58,
        "ebit": -312,
        "equityEarningsAffiliates": -2,
        "grossIncome": -127,
        "interestExpense": 157,
        "interestIncomeExpense": -157,
        "minorityInterest": -24,
        "netIncome": -3830,
        "netIncomeAfterTaxes": -3813,
        "nonRecurringItems": -3652,
        "otherOperatingExpensesTotal": 37,
        "period": "2015-09-30",
        "pretaxIncome": -4162,
        "provisionforIncomeTaxes": -349,
        "researchDevelopment": 26,
        "revenue": 3382,
        "sgaExpense": 122,
        "totalOperatingExpense": 185,
        "totalOtherIncomeExpenseNet": -41
      }
    ],
    "symbol": "FCX"
  }
}