{
  "symbol": "AME",
  "statement": "ic",
  "frequency": "quarterly",
  "timestamp": "2025-09-19T13:55:57.258568",
  "data": {
    "financials": [
      {
        "costOfGoodsSold": 1142.167,
        "dilutedAverageSharesOutstanding": 231.472,
        "dilutedEPS": 1.5482,
        "ebit": 461.626,
        "grossIncome": 635.889,
        "interestExpense": 16.857,
        "interestIncomeExpense": -16.857,
        "netIncome": 358.367,
        "netIncomeAfterTaxes": 358.367,
        "period": "2025-06-30",
        "pretaxIncome": 442.169,
        "provisionforIncomeTaxes": 83.802,
        "revenue": 1778.056,
        "sgaExpense": 174.263,
        "totalOperatingExpense": 174.263,
        "totalOtherIncomeExpenseNet": -2.6
      },
      {
        "costOfGoodsSold": 1106.971,
        "dilutedAverageSharesOutstanding": 231.542,
        "dilutedEPS": 1.5192,
        "ebit": 454.829,
        "grossIncome": 625,
        "interestExpense": 18.993,
        "interestIncomeExpense": -18.993,
        "netIncome": 351.758,
        "netIncomeAfterTaxes": 351.758,
        "period": "2025-03-31",
        "pretaxIncome": 434.222,
        "provisionforIncomeTaxes": 82.464,
        "revenue": 1731.971,
        "sgaExpense": 170.171,
        "totalOperatingExpense": 170.171,
        "totalOtherIncomeExpenseNet": -1.614
      },
      {
        "costOfGoodsSold": 1116.853,
        "dilutedAverageSharesOutstanding": 232.108,
        "dilutedEPS": 1.6684,
        "ebit": 468.981,
        "grossIncome": 644.749,
        "interestExpense": 22,
        "interestIncomeExpense": -22,
        "netIncome": 387.257,
        "netIncomeAfterTaxes": 387.257,
        "period": "2024-12-31",
        "pretaxIncome": 444.355,
        "provisionforIncomeTaxes": 57.098,
        "revenue": 1761.602,
        "sgaExpense": 175.768,
        "totalOperatingExpense": 175.768,
        "totalOtherIncomeExpenseNet": -2.626
      },
      {
        "costOfGoodsSold": 1092.754,
        "dilutedAverageSharesOutstanding": 232.224,
        "dilutedEPS": 1.4651,
        "ebit": 445.851,
        "grossIncome": 615.81,
        "interestExpense": 25.118,
        "interestIncomeExpense": -25.118,
        "netIncome": 340.241,
        "netIncomeAfterTaxes": 340.241,
        "period": "2024-09-30",
        "pretaxIncome": 418.845,
        "provisionforIncomeTaxes": 78.604,
        "revenue": 1708.564,
        "sgaExpense": 169.959,
        "totalOperatingExpense": 169.959,
        "totalOtherIncomeExpenseNet": -1.888
      },
      {
        "costOfGoodsSold": 1110.425,
        "dilutedAverageSharesOutstanding": 232.304,
        "dilutedEPS": 1.4536,
        "ebit": 447.514,
        "grossIncome": 624.409,
        "interestExpense": 30.59,
        "interestIncomeExpense": -30.59,
        "netIncome": 337.683,
        "netIncomeAfterTaxes": 337.683,
        "period": "2024-06-30",
        "pretaxIncome": 417.01,
        "provisionforIncomeTaxes": 79.327,
        "revenue": 1734.834,
        "sgaExpense": 176.895,
        "totalOperatingExpense": 176.895,
        "totalOtherIncomeExpenseNet": 0.086
      },
      {
        "costOfGoodsSold": 1115.481,
        "dilutedAverageSharesOutstanding": 232.035,
        "dilutedEPS": 1.3401,
        "ebit": 446.416,
        "grossIncome": 620.699,
        "interestExpense": 35.254,
        "interestIncomeExpense": -35.254,
        "netIncome": 310.943,
        "netIncomeAfterTaxes": 310.943,
        "nonRecurringItems": -29.2,
        "period": "2024-03-31",
        "pretaxIncome": 381.329,
        "provisionforIncomeTaxes": 70.386,
        "revenue": 1736.18,
        "sgaExpense": 174.283,
        "totalOperatingExpense": 174.283,
        "totalOtherIncomeExpenseNet": -0.633
      },
      {
        "costOfGoodsSold": 1115.85,
        "dilutedAverageSharesOutstanding": 231.794,
        "dilutedEPS": 1.4792,
        "ebit": 444.992,
        "grossIncome": 615.035,
        "interestExpense": 24.117,
        "interestIncomeExpense": -24.117,
        "netIncome": 342.864,
        "netIncomeAfterTaxes": 342.864,
        "period": "2023-12-31",
        "pretaxIncome": 416.936,
        "provisionforIncomeTaxes": 74.072,
        "revenue": 1730.885,
        "sgaExpense": 170.043,
        "totalOperatingExpense": 170.043,
        "totalOtherIncomeExpenseNet": -3.939
      },
      {
        "costOfGoodsSold": 1020.9,
        "dilutedAverageSharesOutstanding": 231.8,
        "dilutedEPS": 1.47,
        "ebit": 438.1,
        "grossIncome": 601.9,
        "interestExpense": 18.386,
        "interestIncomeExpense": -18.4,
        "netIncome": 340.4,
        "netIncomeAfterTaxes": 340.4,
        "period": "2023-09-30",
        "pretaxIncome": 413.5,
        "provisionforIncomeTaxes": 73.1,
        "revenue": 1622.8,
        "sgaExpense": 163.8,
        "totalOperatingExpense": 163.8,
        "totalOtherIncomeExpenseNet": -6.3
      },
      {
        "costOfGoodsSold": 1053.2,
        "dilutedAverageSharesOutstanding": 231.3,
        "dilutedEPS": 1.4,
        "ebit": 418.8,
        "grossIncome": 592.9,
        "interestExpense": 18.723,
        "interestIncomeExpense": -18.7,
        "netIncome": 324.2,
        "netIncomeAfterTaxes": 324.2,
        "period": "2023-06-30",
        "pretaxIncome": 396.4,
        "provisionforIncomeTaxes": 72.1,
        "revenue": 1646.1,
        "sgaExpense": 174.1,
        "totalOperatingExpense": 174.1,
        "totalOtherIncomeExpenseNet": -3.7
      },
      {
        "costOfGoodsSold": 1022.5,
        "dilutedAverageSharesOutstanding": 231.2,
        "dilutedEPS": 1.32,
        "ebit": 405.5,
        "grossIncome": 574.6,
        "interestExpense": 20.569,
        "interestIncomeExpense": -20.6,
        "netIncome": 305.7,
        "netIncomeAfterTaxes": 305.7,
        "period": "2023-03-31",
        "pretaxIncome": 379.6,
        "provisionforIncomeTaxes": 73.9,
        "revenue": 1597.1,
        "sgaExpense": 169.1,
        "totalOperatingExpense": 169.1,
        "totalOtherIncomeExpenseNet": -5.4
      },
      {
        "costOfGoodsSold": 1063.7,
        "dilutedAverageSharesOutstanding": 231.1,
        "dilutedEPS": 1.33,
        "ebit": 398.1,
        "grossIncome": 562,
        "interestExpense": 23.021,
        "interestIncomeExpense": -23,
        "netIncome": 307.1,
        "netIncomeAfterTaxes": 307.1,
        "period": "2022-12-31",
        "pretaxIncome": 378.5,
        "provisionforIncomeTaxes": 71.4,
        "revenue": 1625.7,
        "sgaExpense": 163.9,
        "totalOperatingExpense": 163.9,
        "totalOtherIncomeExpenseNet": 3.4
      },
      {
        "costOfGoodsSold": 1004.6,
        "dilutedAverageSharesOutstanding": 230.7,
        "dilutedEPS": 1.29,
        "ebit": 384.5,
        "grossIncome": 547.2,
        "interestExpense": 20.245,
        "interestIncomeExpense": -20.2,
        "netIncome": 297.6,
        "netIncomeAfterTaxes": 297.6,
        "period": "2022-09-30",
        "pretaxIncome": 367.5,
        "provisionforIncomeTaxes": 69.9,
        "revenue": 1551.8,
        "sgaExpense": 162.7,
        "totalOperatingExpense": 162.7,
        "totalOtherIncomeExpenseNet": 3.2
      },
      {
        "costOfGoodsSold": 988.2,
        "dilutedAverageSharesOutstanding": 231.2,
        "dilutedEPS": 1.22,
        "ebit": 364.8,
        "grossIncome": 526.4,
        "interestExpense": 20.35,
        "interestIncomeExpense": -20.4,
        "netIncome": 282.4,
        "netIncomeAfterTaxes": 282.4,
        "period": "2022-06-30",
        "pretaxIncome": 346.5,
        "provisionforIncomeTaxes": 64.1,
        "revenue": 1514.6,
        "sgaExpense": 161.5,
        "totalOperatingExpense": 161.5,
        "totalOtherIncomeExpenseNet": 2
      },
      {
        "costOfGoodsSold": 948.8,
        "dilutedAverageSharesOutstanding": 233.1,
        "dilutedEPS": 1.17,
        "ebit": 353.2,
        "grossIncome": 509.7,
        "interestExpense": 19.57,
        "interestIncomeExpense": -19.6,
        "netIncome": 272.4,
        "netIncomeAfterTaxes": 272.4,
        "period": "2022-03-31",
        "pretaxIncome": 336.2,
        "provisionforIncomeTaxes": 63.8,
        "revenue": 1458.5,
        "sgaExpense": 156.5,
        "totalOperatingExpense": 156.5,
        "totalOtherIncomeExpenseNet": 2.6
      },
      {
        "costOfGoodsSold": 982.4,
        "dilutedAverageSharesOutstanding": 233.1,
        "dilutedEPS": 1.21,
        "ebit": 361.2,
        "grossIncome": 521.4,
        "interestExpense": 20.516,
        "interestIncomeExpense": -20.5,
        "netIncome": 281.7,
        "netIncomeAfterTaxes": 281.7,
        "period": "2021-12-31",
        "pretaxIncome": 339.3,
        "provisionforIncomeTaxes": 57.6,
        "revenue": 1503.7,
        "sgaExpense": 160.2,
        "totalOperatingExpense": 160.2,
        "totalOtherIncomeExpenseNet": -1.3
      },
      {
        "costOfGoodsSold": 949.4,
        "dilutedAverageSharesOutstanding": 233,
        "dilutedEPS": 1.1,
        "ebit": 337.6,
        "grossIncome": 491.3,
        "interestExpense": 20.476,
        "interestIncomeExpense": -20.5,
        "netIncome": 257.5,
        "netIncomeAfterTaxes": 257.5,
        "period": "2021-09-30",
        "pretaxIncome": 319.7,
        "provisionforIncomeTaxes": 62.2,
        "revenue": 1440.7,
        "sgaExpense": 153.7,
        "totalOperatingExpense": 153.7,
        "totalOtherIncomeExpenseNet": 2.6
      },
      {
        "costOfGoodsSold": 912.7,
        "dilutedAverageSharesOutstanding": 232.8,
        "dilutedEPS": 1,
        "ebit": 316.6,
        "grossIncome": 473.6,
        "interestExpense": 20.442,
        "interestIncomeExpense": -20.4,
        "netIncome": 231.7,
        "netIncomeAfterTaxes": 231.7,
        "period": "2021-06-30",
        "pretaxIncome": 291.8,
        "provisionforIncomeTaxes": 60.1,
        "revenue": 1386.3,
        "sgaExpense": 157,
        "totalOperatingExpense": 157,
        "totalOtherIncomeExpenseNet": -4.4
      },
      {
        "costOfGoodsSold": 789.4,
        "dilutedAverageSharesOutstanding": 232.3,
        "dilutedEPS": 0.94,
        "ebit": 293.3,
        "grossIncome": 426.4,
        "interestExpense": 18.947,
        "interestIncomeExpense": -18.9,
        "netIncome": 219.2,
        "netIncomeAfterTaxes": 219.2,
        "period": "2021-03-31",
        "pretaxIncome": 272.5,
        "provisionforIncomeTaxes": 53.2,
        "revenue": 1215.7,
        "sgaExpense": 133,
        "totalOperatingExpense": 133,
        "totalOtherIncomeExpenseNet": -1.9
      },
      {
        "costOfGoodsSold": 770,
        "dilutedAverageSharesOutstanding": 231.9,
        "dilutedEPS": 0.95,
        "ebit": 298.1,
        "grossIncome": 429,
        "interestExpense": 19.465,
        "interestIncomeExpense": -19.5,
        "netIncome": 221,
        "netIncomeAfterTaxes": 221,
        "nonRecurringItems": 0,
        "period": "2020-12-31",
        "pretaxIncome": 276.7,
        "provisionforIncomeTaxes": 55.7,
        "revenue": 1198.9,
        "sgaExpense": 130.9,
        "totalOperatingExpense": 130.8,
        "totalOtherIncomeExpenseNet": -1.9
      },
      {
        "costOfGoodsSold": 732.7,
        "dilutedAverageSharesOutstanding": 231.5,
        "dilutedEPS": 0.88,
        "ebit": 270.7,
        "grossIncome": 394.2,
        "interestExpense": 21.187,
        "interestIncomeExpense": -21.2,
        "netIncome": 204.6,
        "netIncomeAfterTaxes": 204.6,
        "period": "2020-09-30",
        "pretaxIncome": 248.1,
        "provisionforIncomeTaxes": 43.5,
        "revenue": 1126.9,
        "sgaExpense": 123.5,
        "totalOperatingExpense": 123.5,
        "totalOtherIncomeExpenseNet": -1.5
      },
      {
        "costOfGoodsSold": 669.2,
        "dilutedAverageSharesOutstanding": 230.4,
        "dilutedEPS": 0.72,
        "ebit": 227,
        "grossIncome": 342.7,
        "interestExpense": 22.669,
        "interestIncomeExpense": -22.7,
        "netIncome": 166.2,
        "netIncomeAfterTaxes": 166.2,
        "period": "2020-06-30",
        "pretaxIncome": 206.5,
        "provisionforIncomeTaxes": 40.2,
        "revenue": 1011.9,
        "sgaExpense": 115.7,
        "totalOperatingExpense": 115.7,
        "totalOtherIncomeExpenseNet": 2.1
      },
      {
        "costOfGoodsSold": 780.9,
        "dilutedAverageSharesOutstanding": 230.9,
        "dilutedEPS": 1.22,
        "ebit": 275.9,
        "grossIncome": 421.3,
        "interestExpense": 22.741,
        "interestIncomeExpense": -22.7,
        "netIncome": 280.6,
        "netIncomeAfterTaxes": 280.6,
        "nonRecurringItems": 97.1,
        "period": "2020-03-31",
        "pretaxIncome": 351.1,
        "provisionforIncomeTaxes": 70.5,
        "revenue": 1202.2,
        "sgaExpense": 145.3,
        "totalOperatingExpense": 145.4,
        "totalOtherIncomeExpenseNet": 0.8
      },
      {
        "costOfGoodsSold": 858.2,
        "dilutedAverageSharesOutstanding": 230,
        "dilutedEPS": 0.96,
        "ebit": 297.7,
        "grossIncome": 446.6,
        "interestExpense": 23.045,
        "interestIncomeExpense": -23,
        "netIncome": 220.8,
        "netIncomeAfterTaxes": 220.8,
        "period": "2019-12-31",
        "pretaxIncome": 268,
        "provisionforIncomeTaxes": 47.2,
        "revenue": 1304.8,
        "sgaExpense": 149,
        "totalOperatingExpense": 149,
        "totalOtherIncomeExpenseNet": -6.6
      },
      {
        "costOfGoodsSold": 823.3,
        "dilutedAverageSharesOutstanding": 229.6,
        "dilutedEPS": 0.96,
        "ebit": 301.1,
        "grossIncome": 453.4,
        "interestExpense": 21.308,
        "interestIncomeExpense": -21.3,
        "netIncome": 220.7,
        "netIncomeAfterTaxes": 220.7,
        "period": "2019-09-30",
        "pretaxIncome": 274.2,
        "provisionforIncomeTaxes": 53.5,
        "revenue": 1276.6,
        "sgaExpense": 152.3,
        "totalOperatingExpense": 152.3,
        "totalOtherIncomeExpenseNet": -5.5
      },
      {
        "costOfGoodsSold": 838.2,
        "dilutedAverageSharesOutstanding": 229.3,
        "dilutedEPS": 0.94,
        "ebit": 295.4,
        "grossIncome": 451.3,
        "interestExpense": 21.475,
        "interestIncomeExpense": -21.5,
        "netIncome": 215.5,
        "netIncomeAfterTaxes": 215.5,
        "period": "2019-06-30",
        "pretaxIncome": 270.6,
        "provisionforIncomeTaxes": 55.1,
        "revenue": 1289.4,
        "sgaExpense": 155.8,
        "totalOperatingExpense": 155.8,
        "totalOtherIncomeExpenseNet": -3.3
      },
      {
        "costOfGoodsSold": 851.3,
        "dilutedAverageSharesOutstanding": 228.7,
        "dilutedEPS": 0.89,
        "ebit": 283.3,
        "grossIncome": 436.4,
        "interestExpense": 22.653,
        "interestIncomeExpense": -22.7,
        "netIncome": 204.3,
        "netIncomeAfterTaxes": 204.3,
        "period": "2019-03-31",
        "pretaxIncome": 256.9,
        "provisionforIncomeTaxes": 52.7,
        "revenue": 1287.7,
        "sgaExpense": 153.1,
        "totalOperatingExpense": 153.1,
        "totalOtherIncomeExpenseNet": -3.7
      },
      {
        "costOfGoodsSold": 835.3,
        "dilutedAverageSharesOutstanding": 231.3,
        "dilutedEPS": 0.91,
        "ebit": 282,
        "grossIncome": 436.1,
        "interestExpense": 20.319,
        "interestIncomeExpense": -20.3,
        "netIncome": 211.5,
        "netIncomeAfterTaxes": 199.7,
        "period": "2018-12-31",
        "pretaxIncome": 258.8,
        "provisionforIncomeTaxes": 59.1,
        "revenue": 1271.3,
        "sgaExpense": 154,
        "totalOperatingExpense": 154,
        "totalOtherIncomeExpenseNet": -2.9
      },
      {
        "costOfGoodsSold": 783,
        "dilutedAverageSharesOutstanding": 233.3,
        "dilutedEPS": 0.82,
        "ebit": 265.3,
        "grossIncome": 410,
        "interestExpense": 19.391,
        "interestIncomeExpense": -19.4,
        "netIncome": 191.2,
        "netIncomeAfterTaxes": 191.2,
        "period": "2018-09-30",
        "pretaxIncome": 244.9,
        "provisionforIncomeTaxes": 53.7,
        "revenue": 1193,
        "sgaExpense": 144.7,
        "totalOperatingExpense": 144.7,
        "totalOtherIncomeExpenseNet": -0.9
      },
      {
        "costOfGoodsSold": 791.2,
        "dilutedAverageSharesOutstanding": 233.3,
        "dilutedEPS": 0.83,
        "ebit": 270.1,
        "grossIncome": 417.7,
        "interestExpense": 20.784,
        "interestIncomeExpense": -20.8,
        "netIncome": 193.9,
        "netIncomeAfterTaxes": 193.9,
        "period": "2018-06-30",
        "pretaxIncome": 248.2,
        "provisionforIncomeTaxes": 54.4,
        "revenue": 1208.9,
        "sgaExpense": 147.6,
        "totalOperatingExpense": 147.6,
        "totalOtherIncomeExpenseNet": -1.1
      },
      {
        "costOfGoodsSold": 776.8,
        "dilutedAverageSharesOutstanding": 233,
        "dilutedEPS": 0.78,
        "ebit": 258.2,
        "grossIncome": 395.8,
        "interestExpense": 21.686,
        "interestIncomeExpense": -21.7,
        "netIncome": 181.3,
        "netIncomeAfterTaxes": 181.3,
        "period": "2018-03-31",
        "pretaxIncome": 235.8,
        "provisionforIncomeTaxes": 54.5,
        "revenue": 1172.6,
        "sgaExpense": 137.7,
        "totalOperatingExpense": 137.7,
        "totalOtherIncomeExpenseNet": -0.7
      },
      {
        "costOfGoodsSold": 767,
        "dilutedAverageSharesOutstanding": 232.5,
        "dilutedEPS": 1.02,
        "ebit": 229.6,
        "grossIncome": 376,
        "interestExpense": 24.252,
        "interestIncomeExpense": -24.3,
        "netIncome": 238.5,
        "netIncomeAfterTaxes": 146.9,
        "period": "2017-12-31",
        "pretaxIncome": 197.5,
        "provisionforIncomeTaxes": 50.6,
        "revenue": 1143.1,
        "sgaExpense": 146.5,
        "totalOperatingExpense": 146.5,
        "totalOtherIncomeExpenseNet": -7.8
      },
      {
        "costOfGoodsSold": 722.1,
        "dilutedAverageSharesOutstanding": 232.3,
        "dilutedEPS": 0.66,
        "ebit": 230,
        "grossIncome": 362.7,
        "interestExpense": 24.709,
        "interestIncomeExpense": -24.7,
        "netIncome": 153.5,
        "netIncomeAfterTaxes": 153.5,
        "period": "2017-09-30",
        "pretaxIncome": 204.4,
        "provisionforIncomeTaxes": 50.9,
        "revenue": 1084.8,
        "sgaExpense": 132.6,
        "totalOperatingExpense": 132.7,
        "totalOtherIncomeExpenseNet": -0.9
      },
      {
        "costOfGoodsSold": 702.2,
        "dilutedAverageSharesOutstanding": 231.6,
        "dilutedEPS": 0.65,
        "ebit": 229.5,
        "grossIncome": 362.4,
        "interestExpense": 24.552,
        "interestIncomeExpense": -24.6,
        "netIncome": 150.5,
        "netIncomeAfterTaxes": 150.5,
        "period": "2017-06-30",
        "pretaxIncome": 203.4,
        "provisionforIncomeTaxes": 52.9,
        "revenue": 1064.6,
        "sgaExpense": 132.9,
        "totalOperatingExpense": 132.9,
        "totalOtherIncomeExpenseNet": -1.6
      },
      {
        "costOfGoodsSold": 667.4,
        "dilutedAverageSharesOutstanding": 231,
        "dilutedEPS": 0.6,
        "ebit": 217.4,
        "grossIncome": 340.3,
        "interestExpense": 24.516,
        "interestIncomeExpense": -24.5,
        "netIncome": 138.9,
        "netIncomeAfterTaxes": 138.9,
        "period": "2017-03-31",
        "pretaxIncome": 191.4,
        "provisionforIncomeTaxes": 52.5,
        "revenue": 1007.7,
        "sgaExpense": 122.8,
        "totalOperatingExpense": 122.8,
        "totalOtherIncomeExpenseNet": -1.5
      },
      {
        "costOfGoodsSold": 735.6,
        "dilutedAverageSharesOutstanding": 231.2,
        "dilutedEPS": 0.47,
        "ebit": 173.2,
        "grossIncome": 237.4,
        "interestExpense": 23.588,
        "interestIncomeExpense": -23.6,
        "netIncome": 109.1,
        "netIncomeAfterTaxes": 109.1,
        "otherOperatingExpensesTotal": -54.5,
        "period": "2016-12-31",
        "pretaxIncome": 145.3,
        "provisionforIncomeTaxes": 36.1,
        "revenue": 973,
        "sgaExpense": 118.6,
        "totalOperatingExpense": 64.1,
        "totalOtherIncomeExpenseNet": -4.4
      },
      {
        "costOfGoodsSold": 612.7,
        "depreciationAmortization": 18,
        "dilutedAverageSharesOutstanding": 232.7,
        "dilutedEPS": 0.56,
        "ebit": 201.1,
        "grossIncome": 332.3,
        "interestExpense": 23.609,
        "interestIncomeExpense": -23.6,
        "netIncome": 130.7,
        "netIncomeAfterTaxes": 130.7,
        "period": "2016-09-30",
        "pretaxIncome": 174.2,
        "provisionforIncomeTaxes": 43.6,
        "revenue": 945,
        "sgaExpense": 113.2,
        "totalOperatingExpense": 131.2,
        "totalOtherIncomeExpenseNet": -3.3
      },
      {
        "costOfGoodsSold": 621.6,
        "depreciationAmortization": 18.1,
        "dilutedAverageSharesOutstanding": 234.8,
        "dilutedEPS": 0.59,
        "ebit": 219,
        "grossIncome": 356.1,
        "interestExpense": 23.706,
        "interestIncomeExpense": -23.7,
        "netIncome": 138.2,
        "netIncomeAfterTaxes": 138.2,
        "period": "2016-06-30",
        "pretaxIncome": 190.6,
        "provisionforIncomeTaxes": 52.4,
        "revenue": 977.7,
        "sgaExpense": 119,
        "totalOperatingExpense": 137.1,
        "totalOtherIncomeExpenseNet": -4.8
      },
      {
        "costOfGoodsSold": 605.4,
        "depreciationAmortization": 18.3,
        "dilutedAverageSharesOutstanding": 236.2,
        "dilutedEPS": 0.57,
        "ebit": 208.5,
        "grossIncome": 339,
        "interestExpense": 23.401,
        "interestIncomeExpense": -23.4,
        "netIncome": 134.2,
        "netIncomeAfterTaxes": 134.2,
        "period": "2016-03-31",
        "pretaxIncome": 183,
        "provisionforIncomeTaxes": 48.9,
        "revenue": 944.4,
        "sgaExpense": 112.2,
        "totalOperatingExpense": 130.5,
        "totalOtherIncomeExpenseNet": -2.1
      },
      {
        "costOfGoodsSold": 647.6,
        "depreciationAmortization": 18.7,
        "dilutedAverageSharesOutstanding": 238.7,
        "dilutedEPS": 0.57,
        "ebit": 208.8,
        "grossIncome": 340.4,
        "interestExpense": 22.747,
        "interestIncomeExpense": -22.7,
        "netIncome": 136.8,
        "netIncomeAfterTaxes": 136.8,
        "period": "2015-12-31",
        "pretaxIncome": 182.8,
        "provisionforIncomeTaxes": 46,
        "revenue": 988,
        "sgaExpense": 112.9,
        "totalOperatingExpense": 131.6,
        "totalOtherIncomeExpenseNet": -3.2
      },
      {
        "costOfGoodsSold": 631.8,
        "depreciationAmortization": 17,
        "dilutedAverageSharesOutstanding": 241.2,
        "dilutedEPS": 0.65,
        "ebit": 237.6,
        "grossIncome": 366.7,
        "interestExpense": 23.684,
        "interestIncomeExpense": -23.7,
        "netIncome": 156.4,
        "netIncomeAfterTaxes": 156.4,
        "period": "2015-09-30",
        "pretaxIncome": 211.6,
        "provisionforIncomeTaxes": 55.2,
        "revenue": 998.5,
        "sgaExpense": 112.1,
        "totalOperatingExpense": 129.1,
        "totalOtherIncomeExpenseNet": -2.3
      }
    ],
    "symbol": "AME"
  }
}