{
  "symbol": "SPGI",
  "statement": "ic",
  "frequency": "annual",
  "timestamp": "2025-09-19T14:06:26.338091",
  "data": {
    "financials": [
      {
        "costOfGoodsSold": 4391,
        "depreciationAmortization": 1173,
        "dilutedAverageSharesOutstanding": 311.9,
        "dilutedEPS": 12.35,
        "ebit": 5777,
        "grossIncome": 9817,
        "interestExpense": 297,
        "interestIncomeExpense": -253,
        "minorityInterest": -315,
        "netIncome": 3852,
        "netIncomeAfterTaxes": 4167,
        "nonRecurringItems": -240,
        "period": "2024-12-31",
        "pretaxIncome": 5308,
        "provisionforIncomeTaxes": 1141,
        "revenue": 14208,
        "sgaExpense": 2867,
        "totalOperatingExpense": 4040,
        "totalOtherIncomeExpenseNet": 24,
        "year": 2024
      },
      {
        "costOfGoodsSold": 4141,
        "depreciationAmortization": 1143,
        "dilutedAverageSharesOutstanding": 318.9,
        "dilutedEPS": 8.23,
        "ebit": 4599,
        "grossIncome": 8356,
        "interestExpense": 334,
        "interestIncomeExpense": -313,
        "minorityInterest": -267,
        "netIncome": 2626,
        "netIncomeAfterTaxes": 2893,
        "nonRecurringItems": -615,
        "period": "2023-12-31",
        "pretaxIncome": 3671,
        "provisionforIncomeTaxes": 778,
        "revenue": 12497,
        "sgaExpense": 2614,
        "totalOperatingExpense": 3757,
        "totalOtherIncomeExpenseNet": 0,
        "year": 2023
      },
      {
        "costOfGoodsSold": 3766,
        "depreciationAmortization": 1013,
        "dilutedAverageSharesOutstanding": 318.5,
        "dilutedEPS": 10.2,
        "ebit": 4289,
        "grossIncome": 7415,
        "interestExpense": 304,
        "interestIncomeExpense": -218,
        "minorityInterest": -274,
        "netIncome": 3248,
        "netIncomeAfterTaxes": 3522,
        "nonRecurringItems": 620,
        "period": "2022-12-31",
        "pretaxIncome": 4702,
        "provisionforIncomeTaxes": 1180,
        "revenue": 11181,
        "sgaExpense": 2113,
        "totalOperatingExpense": 3126,
        "totalOtherIncomeExpenseNet": 11,
        "year": 2022
      },
      {
        "costOfGoodsSold": 2195,
        "depreciationAmortization": 178,
        "dilutedAverageSharesOutstanding": 241.8,
        "dilutedEPS": 12.51,
        "ebit": 4513,
        "grossIncome": 6102,
        "interestExpense": 119,
        "interestIncomeExpense": -102,
        "minorityInterest": -239,
        "netIncome": 3024,
        "netIncomeAfterTaxes": 3263,
        "nonRecurringItems": -292,
        "period": "2021-12-31",
        "pretaxIncome": 4164,
        "provisionforIncomeTaxes": 901,
        "revenue": 8297,
        "sgaExpense": 1411,
        "totalOperatingExpense": 1589,
        "totalOtherIncomeExpenseNet": 45,
        "year": 2021
      },
      {
        "costOfGoodsSold": 2092,
        "depreciationAmortization": 206,
        "dilutedAverageSharesOutstanding": 242.1,
        "dilutedEPS": 9.66,
        "ebit": 3834,
        "grossIncome": 5350,
        "interestExpense": 141,
        "interestIncomeExpense": -142,
        "minorityInterest": -195,
        "netIncome": 2339,
        "netIncomeAfterTaxes": 2534,
        "nonRecurringItems": -499,
        "period": "2020-12-31",
        "pretaxIncome": 3228,
        "provisionforIncomeTaxes": 694,
        "revenue": 7442,
        "sgaExpense": 1310,
        "totalOperatingExpense": 1516,
        "totalOtherIncomeExpenseNet": 35,
        "year": 2020
      },
      {
        "costOfGoodsSold": 1801,
        "depreciationAmortization": 204,
        "dilutedAverageSharesOutstanding": 246.9,
        "dilutedEPS": 8.6,
        "ebit": 3294,
        "grossIncome": 4898,
        "interestExpense": 198,
        "interestIncomeExpense": -217,
        "minorityInterest": -180,
        "netIncome": 2123,
        "netIncomeAfterTaxes": 2303,
        "nonRecurringItems": -181,
        "period": "2019-12-31",
        "pretaxIncome": 2930,
        "provisionforIncomeTaxes": 627,
        "revenue": 6699,
        "sgaExpense": 1400,
        "totalOperatingExpense": 1604,
        "totalOtherIncomeExpenseNet": 34,
        "year": 2019
      },
      {
        "costOfGoodsSold": 1701,
        "depreciationAmortization": 206,
        "dilutedAverageSharesOutstanding": 253.2,
        "dilutedEPS": 7.73,
        "ebit": 2931,
        "grossIncome": 4557,
        "interestExpense": 134,
        "interestIncomeExpense": -139,
        "minorityInterest": -163,
        "netIncome": 1958,
        "netIncomeAfterTaxes": 2121,
        "nonRecurringItems": -141,
        "period": "2018-12-31",
        "pretaxIncome": 2681,
        "provisionforIncomeTaxes": 560,
        "revenue": 6258,
        "sgaExpense": 1420,
        "totalOperatingExpense": 1626,
        "totalOtherIncomeExpenseNet": 30,
        "year": 2018
      },
      {
        "costOfGoodsSold": 1695,
        "depreciationAmortization": 180,
        "dilutedAverageSharesOutstanding": 258.9,
        "dilutedEPS": 5.77,
        "ebit": 2583,
        "grossIncome": 4368,
        "interestExpense": 149,
        "interestIncomeExpense": -149,
        "minorityInterest": -142,
        "netIncome": 1496,
        "netIncomeAfterTaxes": 1787,
        "nonRecurringItems": 0,
        "period": "2017-12-31",
        "pretaxIncome": 2461,
        "provisionforIncomeTaxes": 674,
        "revenue": 6063,
        "sgaExpense": 1605,
        "totalOperatingExpense": 1785,
        "totalOtherIncomeExpenseNet": 27,
        "year": 2017
      },
      {
        "costOfGoodsSold": 1773,
        "depreciationAmortization": 181,
        "dilutedAverageSharesOutstanding": 265.2,
        "dilutedEPS": 7.94,
        "ebit": 2240,
        "grossIncome": 3888,
        "interestExpense": 181,
        "interestIncomeExpense": -181,
        "minorityInterest": -122,
        "netIncome": 2106,
        "netIncomeAfterTaxes": 2228,
        "nonRecurringItems": 1101,
        "period": "2016-12-31",
        "pretaxIncome": 3188,
        "provisionforIncomeTaxes": 960,
        "revenue": 5661,
        "sgaExpense": 1467,
        "totalOperatingExpense": 1648,
        "totalOtherIncomeExpenseNet": 28,
        "year": 2016
      },
      {
        "costOfGoodsSold": 1672,
        "depreciationAmortization": 157,
        "dilutedAverageSharesOutstanding": 274.6,
        "dilutedEPS": 4.21,
        "ebit": 1917,
        "grossIncome": 3641,
        "interestExpense": 102,
        "interestIncomeExpense": -102,
        "minorityInterest": -112,
        "netIncome": 1156,
        "netIncomeAfterTaxes": 1268,
        "otherOperatingExpensesTotal": -11,
        "period": "2015-12-31",
        "pretaxIncome": 1815,
        "provisionforIncomeTaxes": 547,
        "revenue": 5313,
        "sgaExpense": 1578,
        "totalOperatingExpense": 1724,
        "year": 2015
      }
    ],
    "symbol": "SPGI"
  }
}