{
  "symbol": "HCA",
  "statement": "ic",
  "frequency": "quarterly",
  "timestamp": "2025-09-19T14:01:22.604957",
  "data": {
    "financials": [
      {
        "costOfGoodsSold": 2844,
        "depreciationAmortization": 863,
        "dilutedAverageSharesOutstanding": 241.911,
        "dilutedEPS": 6.83,
        "ebit": 2967,
        "gainLossOnDispositionOfAssets": -3,
        "grossIncome": 15761,
        "interestExpense": 568,
        "interestIncomeExpense": -549,
        "minorityInterest": -238,
        "netIncome": 1653,
        "netIncomeAfterTaxes": 1891,
        "otherOperatingExpensesTotal": 3793,
        "period": "2025-06-30",
        "pretaxIncome": 2415,
        "provisionforIncomeTaxes": 524,
        "revenue": 18605,
        "sgaExpense": 8138,
        "totalOperatingExpense": 12794
      },
      {
        "costOfGoodsSold": 2764,
        "depreciationAmortization": 860,
        "dilutedAverageSharesOutstanding": 249.44,
        "dilutedEPS": 6.45,
        "ebit": 2855,
        "gainLossOnDispositionOfAssets": 1,
        "grossIncome": 15557,
        "interestExpense": 547,
        "interestIncomeExpense": -529,
        "minorityInterest": -215,
        "netIncome": 1610,
        "netIncomeAfterTaxes": 1825,
        "otherOperatingExpensesTotal": 3845,
        "period": "2025-03-31",
        "pretaxIncome": 2327,
        "provisionforIncomeTaxes": 502,
        "revenue": 18321,
        "sgaExpense": 7997,
        "totalOperatingExpense": 12702
      },
      {
        "costOfGoodsSold": 2793,
        "depreciationAmortization": 856,
        "dilutedAverageSharesOutstanding": 255.263,
        "dilutedEPS": 5.63,
        "ebit": 2846,
        "gainLossOnDispositionOfAssets": -195,
        "grossIncome": 15492,
        "interestExpense": 528,
        "interestIncomeExpense": -518,
        "minorityInterest": -248,
        "netIncome": 1438,
        "netIncomeAfterTaxes": 1686,
        "nonRecurringItems": 0,
        "otherOperatingExpensesTotal": 3873,
        "period": "2024-12-31",
        "pretaxIncome": 2133,
        "provisionforIncomeTaxes": 447,
        "revenue": 18285,
        "sgaExpense": 7917,
        "totalOperatingExpense": 12646
      },
      {
        "costOfGoodsSold": 2657,
        "depreciationAmortization": 842,
        "dilutedAverageSharesOutstanding": 259.917,
        "dilutedEPS": 4.89,
        "ebit": 2410,
        "gainLossOnDispositionOfAssets": -4,
        "grossIncome": 14830,
        "interestExpense": 515,
        "interestIncomeExpense": -500,
        "minorityInterest": -212,
        "netIncome": 1270,
        "netIncomeAfterTaxes": 1482,
        "otherOperatingExpensesTotal": 3717,
        "period": "2024-09-30",
        "pretaxIncome": 1906,
        "provisionforIncomeTaxes": 424,
        "revenue": 17487,
        "sgaExpense": 7861,
        "totalOperatingExpense": 12420
      },
      {
        "costOfGoodsSold": 2634,
        "depreciationAmortization": 819,
        "dilutedAverageSharesOutstanding": 264.071,
        "dilutedEPS": 5.53,
        "ebit": 2731,
        "gainLossOnDispositionOfAssets": 12,
        "grossIncome": 14858,
        "interestExpense": 506,
        "interestIncomeExpense": -506,
        "minorityInterest": -226,
        "netIncome": 1461,
        "netIncomeAfterTaxes": 1687,
        "otherOperatingExpensesTotal": 3623,
        "period": "2024-06-30",
        "pretaxIncome": 2237,
        "provisionforIncomeTaxes": 550,
        "revenue": 17492,
        "sgaExpense": 7685,
        "totalOperatingExpense": 12127
      },
      {
        "costOfGoodsSold": 2671,
        "depreciationAmortization": 795,
        "dilutedAverageSharesOutstanding": 268.016,
        "dilutedEPS": 5.94,
        "ebit": 2560,
        "gainLossOnDispositionOfAssets": 201,
        "grossIncome": 14668,
        "interestExpense": 512,
        "interestIncomeExpense": -514,
        "minorityInterest": -211,
        "netIncome": 1591,
        "netIncomeAfterTaxes": 1802,
        "otherOperatingExpensesTotal": 3606,
        "period": "2024-03-31",
        "pretaxIncome": 2247,
        "provisionforIncomeTaxes": 445,
        "revenue": 17339,
        "sgaExpense": 7707,
        "totalOperatingExpense": 12108
      },
      {
        "costOfGoodsSold": 2584,
        "depreciationAmortization": 789,
        "dilutedAverageSharesOutstanding": 271.129,
        "dilutedEPS": 5.93,
        "ebit": 2801,
        "gainLossOnDispositionOfAssets": 7,
        "grossIncome": 14719,
        "interestExpense": 491,
        "interestIncomeExpense": -463,
        "minorityInterest": -254,
        "netIncome": 1607,
        "netIncomeAfterTaxes": 1861,
        "nonRecurringItems": 0,
        "otherOperatingExpensesTotal": 3559,
        "period": "2023-12-31",
        "pretaxIncome": 2345,
        "provisionforIncomeTaxes": 484,
        "revenue": 17303,
        "sgaExpense": 7570,
        "totalOperatingExpense": 11918
      },
      {
        "costOfGoodsSold": 2417,
        "depreciationAmortization": 769,
        "dilutedAverageSharesOutstanding": 275.424,
        "dilutedEPS": 3.92,
        "ebit": 2092,
        "gainLossOnDispositionOfAssets": 2,
        "grossIncome": 13796,
        "interestExpense": 483,
        "interestIncomeExpense": -464,
        "minorityInterest": -196,
        "netIncome": 1079,
        "netIncomeAfterTaxes": 1275,
        "nonRecurringItems": 0,
        "otherOperatingExpensesTotal": 3379,
        "period": "2023-09-30",
        "pretaxIncome": 1630,
        "provisionforIncomeTaxes": 355,
        "revenue": 16213,
        "sgaExpense": 7556,
        "totalOperatingExpense": 11704
      },
      {
        "costOfGoodsSold": 2478,
        "depreciationAmortization": 763,
        "dilutedAverageSharesOutstanding": 278.198,
        "dilutedEPS": 4.29,
        "ebit": 2300,
        "gainLossOnDispositionOfAssets": 1,
        "grossIncome": 13383,
        "interestExpense": 485,
        "interestIncomeExpense": -492,
        "minorityInterest": -219,
        "netIncome": 1193,
        "netIncomeAfterTaxes": 1412,
        "nonRecurringItems": 0,
        "otherOperatingExpensesTotal": 3043,
        "period": "2023-06-30",
        "pretaxIncome": 1809,
        "provisionforIncomeTaxes": 397,
        "revenue": 15861,
        "sgaExpense": 7277,
        "totalOperatingExpense": 11083
      },
      {
        "costOfGoodsSold": 2423,
        "depreciationAmortization": 756,
        "dilutedAverageSharesOutstanding": 280.961,
        "dilutedEPS": 4.85,
        "ebit": 2434,
        "gainLossOnDispositionOfAssets": -15,
        "grossIncome": 13168,
        "interestExpense": 479,
        "interestIncomeExpense": -497,
        "minorityInterest": -180,
        "netIncome": 1363,
        "netIncomeAfterTaxes": 1543,
        "otherOperatingExpensesTotal": 2894,
        "period": "2023-03-31",
        "pretaxIncome": 1922,
        "provisionforIncomeTaxes": 379,
        "revenue": 15591,
        "sgaExpense": 7084,
        "totalOperatingExpense": 10734
      },
      {
        "costOfGoodsSold": 2429,
        "depreciationAmortization": 750,
        "dilutedAverageSharesOutstanding": 285.558,
        "dilutedEPS": 7.29,
        "ebit": 2413,
        "gainLossOnDispositionOfAssets": 1326,
        "grossIncome": 13068,
        "interestExpense": 453,
        "interestIncomeExpense": -437,
        "minorityInterest": -565,
        "netIncome": 2081,
        "netIncomeAfterTaxes": 2646,
        "nonRecurringItems": 0,
        "otherOperatingExpensesTotal": 2850,
        "period": "2022-12-31",
        "pretaxIncome": 3302,
        "provisionforIncomeTaxes": 656,
        "revenue": 15497,
        "sgaExpense": 7055,
        "totalOperatingExpense": 10655
      },
      {
        "costOfGoodsSold": 2320,
        "depreciationAmortization": 749,
        "dilutedAverageSharesOutstanding": 289.852,
        "dilutedEPS": 3.91,
        "ebit": 2143,
        "gainLossOnDispositionOfAssets": -3,
        "grossIncome": 12651,
        "interestExpense": 446,
        "interestIncomeExpense": -436,
        "minorityInterest": -210,
        "netIncome": 1134,
        "netIncomeAfterTaxes": 1344,
        "nonRecurringItems": 0,
        "otherOperatingExpensesTotal": 2860,
        "period": "2022-09-30",
        "pretaxIncome": 1704,
        "provisionforIncomeTaxes": 360,
        "revenue": 14971,
        "sgaExpense": 6899,
        "totalOperatingExpense": 10508
      },
      {
        "costOfGoodsSold": 2301,
        "depreciationAmortization": 738,
        "dilutedAverageSharesOutstanding": 296.061,
        "dilutedEPS": 3.9,
        "ebit": 2296,
        "gainLossOnDispositionOfAssets": -32,
        "grossIncome": 12519,
        "interestExpense": 434,
        "interestIncomeExpense": -426,
        "minorityInterest": -224,
        "netIncome": 1155,
        "netIncomeAfterTaxes": 1379,
        "nonRecurringItems": -78,
        "otherOperatingExpensesTotal": 2693,
        "period": "2022-06-30",
        "pretaxIncome": 1760,
        "provisionforIncomeTaxes": 381,
        "revenue": 14820,
        "sgaExpense": 6792,
        "totalOperatingExpense": 10223
      },
      {
        "costOfGoodsSold": 2321,
        "depreciationAmortization": 732,
        "dilutedAverageSharesOutstanding": 307.374,
        "dilutedEPS": 4.14,
        "ebit": 2201,
        "gainLossOnDispositionOfAssets": 10,
        "grossIncome": 12624,
        "interestExpense": 408,
        "interestIncomeExpense": -397,
        "minorityInterest": -192,
        "netIncome": 1273,
        "netIncomeAfterTaxes": 1465,
        "otherOperatingExpensesTotal": 2752,
        "period": "2022-03-31",
        "pretaxIncome": 1814,
        "provisionforIncomeTaxes": 349,
        "revenue": 14945,
        "sgaExpense": 6939,
        "totalOperatingExpense": 10423
      },
      {
        "costOfGoodsSold": 2414,
        "depreciationAmortization": 728,
        "dilutedAverageSharesOutstanding": 315.264,
        "dilutedEPS": 5.75,
        "ebit": 2386,
        "gainLossOnDispositionOfAssets": 563,
        "grossIncome": 12650,
        "interestExpense": 398,
        "interestIncomeExpense": -363,
        "minorityInterest": -191,
        "netIncome": 1814,
        "netIncomeAfterTaxes": 2005,
        "nonRecurringItems": 0,
        "otherOperatingExpensesTotal": 2537,
        "period": "2021-12-31",
        "pretaxIncome": 2586,
        "provisionforIncomeTaxes": 581,
        "revenue": 15064,
        "sgaExpense": 6999,
        "totalOperatingExpense": 10264
      },
      {
        "costOfGoodsSold": 2463,
        "depreciationAmortization": 716,
        "dilutedAverageSharesOutstanding": 324.029,
        "dilutedEPS": 7,
        "ebit": 2473,
        "gainLossOnDispositionOfAssets": 1047,
        "grossIncome": 12813,
        "interestExpense": 398,
        "interestIncomeExpense": -363,
        "minorityInterest": -203,
        "netIncome": 2269,
        "netIncomeAfterTaxes": 2472,
        "nonRecurringItems": 0,
        "otherOperatingExpensesTotal": 2530,
        "period": "2021-09-30",
        "pretaxIncome": 3157,
        "provisionforIncomeTaxes": 685,
        "revenue": 15276,
        "sgaExpense": 7094,
        "totalOperatingExpense": 10340
      },
      {
        "costOfGoodsSold": 2380,
        "depreciationAmortization": 712,
        "dilutedAverageSharesOutstanding": 332.613,
        "dilutedEPS": 4.36,
        "ebit": 2485,
        "gainLossOnDispositionOfAssets": 8,
        "grossIncome": 12055,
        "interestExpense": 386,
        "interestIncomeExpense": -364,
        "minorityInterest": -214,
        "netIncome": 1450,
        "netIncomeAfterTaxes": 1664,
        "nonRecurringItems": -12,
        "otherOperatingExpensesTotal": 2473,
        "period": "2021-06-30",
        "pretaxIncome": 2117,
        "provisionforIncomeTaxes": 453,
        "revenue": 14435,
        "sgaExpense": 6385,
        "totalOperatingExpense": 9570
      },
      {
        "costOfGoodsSold": 2224,
        "depreciationAmortization": 697,
        "dilutedAverageSharesOutstanding": 343.321,
        "dilutedEPS": 4.14,
        "ebit": 2334,
        "gainLossOnDispositionOfAssets": 2,
        "grossIncome": 11753,
        "interestExpense": 384,
        "interestIncomeExpense": -363,
        "minorityInterest": -157,
        "netIncome": 1423,
        "netIncomeAfterTaxes": 1580,
        "nonRecurringItems": 0,
        "otherOperatingExpensesTotal": 2421,
        "period": "2021-03-31",
        "pretaxIncome": 1973,
        "provisionforIncomeTaxes": 393,
        "revenue": 13977,
        "sgaExpense": 6301,
        "totalOperatingExpense": 9419
      },
      {
        "costOfGoodsSold": 2370,
        "depreciationAmortization": 662,
        "dilutedAverageSharesOutstanding": 345.378,
        "dilutedEPS": 4.13,
        "ebit": 2450,
        "gainLossOnDispositionOfAssets": -1,
        "grossIncome": 11923,
        "interestExpense": 383,
        "interestIncomeExpense": -377,
        "minorityInterest": -268,
        "netIncome": 1426,
        "netIncomeAfterTaxes": 1694,
        "nonRecurringItems": 0,
        "otherOperatingExpensesTotal": 2482,
        "period": "2020-12-31",
        "pretaxIncome": 2072,
        "provisionforIncomeTaxes": 378,
        "revenue": 14293,
        "sgaExpense": 6329,
        "totalOperatingExpense": 9473
      },
      {
        "costOfGoodsSold": 2128,
        "depreciationAmortization": 694,
        "dilutedAverageSharesOutstanding": 343.346,
        "dilutedEPS": 1.95,
        "ebit": 2141,
        "gainLossOnDispositionOfAssets": 14,
        "grossIncome": 11183,
        "interestExpense": 385,
        "interestIncomeExpense": -345,
        "minorityInterest": -111,
        "netIncome": 668,
        "netIncomeAfterTaxes": 779,
        "nonRecurringItems": -822,
        "otherOperatingExpensesTotal": 2251,
        "period": "2020-09-30",
        "pretaxIncome": 988,
        "provisionforIncomeTaxes": 209,
        "revenue": 13311,
        "sgaExpense": 6097,
        "totalOperatingExpense": 9042
      },
      {
        "costOfGoodsSold": 1748,
        "depreciationAmortization": 691,
        "dilutedAverageSharesOutstanding": 341.599,
        "dilutedEPS": 3.16,
        "ebit": 1152,
        "gainLossOnDispositionOfAssets": -27,
        "grossIncome": 9320,
        "interestExpense": 388,
        "interestIncomeExpense": -387,
        "minorityInterest": -137,
        "netIncome": 1079,
        "netIncomeAfterTaxes": 1216,
        "nonRecurringItems": 822,
        "otherOperatingExpensesTotal": 2147,
        "period": "2020-06-30",
        "pretaxIncome": 1560,
        "provisionforIncomeTaxes": 344,
        "revenue": 11068,
        "sgaExpense": 5330,
        "totalOperatingExpense": 8168
      },
      {
        "costOfGoodsSold": 2123,
        "depreciationAmortization": 674,
        "dilutedAverageSharesOutstanding": 344.096,
        "dilutedEPS": 1.69,
        "ebit": 1519,
        "gainLossOnDispositionOfAssets": 7,
        "grossIncome": 10738,
        "interestExpense": 428,
        "interestIncomeExpense": -421,
        "minorityInterest": -117,
        "netIncome": 581,
        "netIncomeAfterTaxes": 698,
        "nonRecurringItems": -295,
        "otherOperatingExpensesTotal": 2427,
        "period": "2020-03-31",
        "pretaxIncome": 810,
        "provisionforIncomeTaxes": 112,
        "revenue": 12861,
        "sgaExpense": 6118,
        "totalOperatingExpense": 9219
      },
      {
        "costOfGoodsSold": 2232,
        "depreciationAmortization": 694,
        "dilutedAverageSharesOutstanding": 346.768,
        "dilutedEPS": 3.09,
        "ebit": 2024,
        "gainLossOnDispositionOfAssets": 1,
        "grossIncome": 11291,
        "interestExpense": 438,
        "interestIncomeExpense": -418,
        "minorityInterest": -202,
        "netIncome": 1071,
        "netIncomeAfterTaxes": 1273,
        "nonRecurringItems": 0,
        "otherOperatingExpensesTotal": 2249,
        "period": "2019-12-31",
        "pretaxIncome": 1607,
        "provisionforIncomeTaxes": 334,
        "revenue": 13523,
        "sgaExpense": 6324,
        "totalOperatingExpense": 9267
      },
      {
        "costOfGoodsSold": 2090,
        "depreciationAmortization": 647,
        "dilutedAverageSharesOutstanding": 347.487,
        "dilutedEPS": 1.76,
        "ebit": 1634,
        "gainLossOnDispositionOfAssets": 0,
        "grossIncome": 10604,
        "interestExpense": 448,
        "interestIncomeExpense": -444,
        "minorityInterest": -152,
        "netIncome": 612,
        "netIncomeAfterTaxes": 764,
        "nonRecurringItems": -211,
        "otherOperatingExpensesTotal": 2136,
        "period": "2019-09-30",
        "pretaxIncome": 979,
        "provisionforIncomeTaxes": 215,
        "revenue": 12694,
        "sgaExpense": 6187,
        "totalOperatingExpense": 8970
      },
      {
        "costOfGoodsSold": 2118,
        "depreciationAmortization": 636,
        "dilutedAverageSharesOutstanding": 348.373,
        "dilutedEPS": 2.25,
        "ebit": 1649,
        "gainLossOnDispositionOfAssets": 18,
        "grossIncome": 10484,
        "interestExpense": 477,
        "interestIncomeExpense": -469,
        "minorityInterest": -144,
        "netIncome": 783,
        "netIncomeAfterTaxes": 927,
        "period": "2019-06-30",
        "pretaxIncome": 1198,
        "provisionforIncomeTaxes": 271,
        "revenue": 12602,
        "sgaExpense": 8199,
        "totalOperatingExpense": 8835
      },
      {
        "costOfGoodsSold": 2041,
        "depreciationAmortization": 619,
        "dilutedAverageSharesOutstanding": 350.316,
        "dilutedEPS": 2.97,
        "ebit": 1911,
        "gainLossOnDispositionOfAssets": -1,
        "grossIncome": 10476,
        "interestExpense": 461,
        "interestIncomeExpense": -450,
        "minorityInterest": -142,
        "netIncome": 1039,
        "netIncomeAfterTaxes": 1181,
        "period": "2019-03-31",
        "pretaxIncome": 1460,
        "provisionforIncomeTaxes": 279,
        "revenue": 12517,
        "sgaExpense": 7946,
        "totalOperatingExpense": 8565
      },
      {
        "costOfGoodsSold": 2002,
        "depreciationAmortization": 581,
        "dilutedAverageSharesOutstanding": 352.84,
        "dilutedEPS": 3.01,
        "ebit": 1923,
        "gainLossOnDispositionOfAssets": 8,
        "grossIncome": 10272,
        "interestExpense": 446,
        "interestIncomeExpense": -442,
        "minorityInterest": -181,
        "netIncome": 1064,
        "netIncomeAfterTaxes": 1010,
        "nonRecurringItems": 0,
        "period": "2018-12-31",
        "pretaxIncome": 1489,
        "provisionforIncomeTaxes": 479,
        "revenue": 12274,
        "sgaExpense": 7768,
        "totalOperatingExpense": 8349
      },
      {
        "costOfGoodsSold": 1890,
        "depreciationAmortization": 582,
        "dilutedAverageSharesOutstanding": 353.639,
        "dilutedEPS": 2.14,
        "ebit": 1505,
        "gainLossOnDispositionOfAssets": 6,
        "grossIncome": 9561,
        "interestExpense": 442,
        "interestIncomeExpense": -433,
        "minorityInterest": -137,
        "netIncome": 759,
        "netIncomeAfterTaxes": 825,
        "nonRecurringItems": -9,
        "period": "2018-09-30",
        "pretaxIncome": 1069,
        "provisionforIncomeTaxes": 244,
        "revenue": 11451,
        "sgaExpense": 7474,
        "totalOperatingExpense": 8056
      },
      {
        "costOfGoodsSold": 1917,
        "depreciationAmortization": 562,
        "dilutedAverageSharesOutstanding": 355.039,
        "dilutedEPS": 2.3,
        "ebit": 1658,
        "gainLossOnDispositionOfAssets": 9,
        "grossIncome": 9612,
        "interestExpense": 436,
        "interestIncomeExpense": -429,
        "minorityInterest": -146,
        "netIncome": 820,
        "netIncomeAfterTaxes": 844,
        "period": "2018-06-30",
        "pretaxIncome": 1238,
        "provisionforIncomeTaxes": 394,
        "revenue": 11529,
        "sgaExpense": 7392,
        "totalOperatingExpense": 7954
      },
      {
        "costOfGoodsSold": 1915,
        "depreciationAmortization": 553,
        "dilutedAverageSharesOutstanding": 359.749,
        "dilutedEPS": 3.17,
        "ebit": 1556,
        "gainLossOnDispositionOfAssets": 405,
        "grossIncome": 9508,
        "interestExpense": 431,
        "interestIncomeExpense": -422,
        "minorityInterest": -138,
        "netIncome": 1144,
        "netIncomeAfterTaxes": 1159,
        "period": "2018-03-31",
        "pretaxIncome": 1539,
        "provisionforIncomeTaxes": 380,
        "revenue": 11423,
        "sgaExpense": 7399,
        "totalOperatingExpense": 7952
      },
      {
        "costOfGoodsSold": 1947,
        "depreciationAmortization": 550,
        "dilutedAverageSharesOutstanding": 363.845,
        "dilutedEPS": 1.3,
        "ebit": 1803,
        "gainLossOnDispositionOfAssets": -2,
        "grossIncome": 9615,
        "interestExpense": 433,
        "interestIncomeExpense": -424,
        "minorityInterest": -167,
        "netIncome": 474,
        "netIncomeAfterTaxes": 942,
        "nonRecurringItems": 0,
        "period": "2017-12-31",
        "pretaxIncome": 1377,
        "provisionforIncomeTaxes": 435,
        "revenue": 11562,
        "sgaExpense": 7262,
        "totalOperatingExpense": 7812
      },
      {
        "costOfGoodsSold": 1777,
        "depreciationAmortization": 539,
        "dilutedAverageSharesOutstanding": 369.834,
        "dilutedEPS": 1.15,
        "ebit": 1224,
        "gainLossOnDispositionOfAssets": 7,
        "grossIncome": 8919,
        "interestExpense": 427,
        "interestIncomeExpense": -414,
        "minorityInterest": -104,
        "netIncome": 426,
        "netIncomeAfterTaxes": 530,
        "nonRecurringItems": -39,
        "period": "2017-09-30",
        "pretaxIncome": 778,
        "provisionforIncomeTaxes": 248,
        "revenue": 10696,
        "sgaExpense": 7156,
        "totalOperatingExpense": 7695
      },
      {
        "costOfGoodsSold": 1795,
        "depreciationAmortization": 521,
        "dilutedAverageSharesOutstanding": 375.338,
        "dilutedEPS": 1.75,
        "ebit": 1556,
        "gainLossOnDispositionOfAssets": 2,
        "grossIncome": 8938,
        "interestExpense": 411,
        "interestIncomeExpense": -398,
        "minorityInterest": -138,
        "netIncome": 657,
        "netIncomeAfterTaxes": 795,
        "nonRecurringItems": 0,
        "period": "2017-06-30",
        "pretaxIncome": 1160,
        "provisionforIncomeTaxes": 365,
        "revenue": 10733,
        "sgaExpense": 6861,
        "totalOperatingExpense": 7382
      },
      {
        "costOfGoodsSold": 1797,
        "depreciationAmortization": 521,
        "dilutedAverageSharesOutstanding": 379.98,
        "dilutedEPS": 1.73,
        "ebit": 1474,
        "gainLossOnDispositionOfAssets": 1,
        "grossIncome": 8826,
        "interestExpense": 419,
        "interestIncomeExpense": -409,
        "minorityInterest": -118,
        "netIncome": 659,
        "netIncomeAfterTaxes": 777,
        "nonRecurringItems": 0,
        "period": "2017-03-31",
        "pretaxIncome": 1066,
        "provisionforIncomeTaxes": 289,
        "revenue": 10623,
        "sgaExpense": 6831,
        "totalOperatingExpense": 7352
      },
      {
        "costOfGoodsSold": 1802,
        "depreciationAmortization": 503,
        "dilutedAverageSharesOutstanding": 384.673,
        "dilutedEPS": 2.39,
        "ebit": 1693,
        "gainLossOnDispositionOfAssets": 15,
        "grossIncome": 8839,
        "interestExpense": 432,
        "interestIncomeExpense": -422,
        "minorityInterest": -165,
        "netIncome": 920,
        "netIncomeAfterTaxes": 1085,
        "nonRecurringItems": 279,
        "otherOperatingExpensesTotal": -2,
        "period": "2016-12-31",
        "pretaxIncome": 1565,
        "provisionforIncomeTaxes": 480,
        "revenue": 10641,
        "sgaExpense": 6645,
        "totalOperatingExpense": 7146
      },
      {
        "costOfGoodsSold": 1699,
        "depreciationAmortization": 495,
        "dilutedAverageSharesOutstanding": 389.592,
        "dilutedEPS": 1.59,
        "ebit": 1440,
        "gainLossOnDispositionOfAssets": 3,
        "grossIncome": 8571,
        "interestExpense": 432,
        "interestIncomeExpense": -410,
        "minorityInterest": -127,
        "netIncome": 618,
        "netIncomeAfterTaxes": 745,
        "nonRecurringItems": -15,
        "otherOperatingExpensesTotal": -1,
        "period": "2016-09-30",
        "pretaxIncome": 1018,
        "provisionforIncomeTaxes": 273,
        "revenue": 10270,
        "sgaExpense": 6637,
        "totalOperatingExpense": 7131
      },
      {
        "costOfGoodsSold": 1718,
        "depreciationAmortization": 489,
        "dilutedAverageSharesOutstanding": 398.659,
        "dilutedEPS": 1.65,
        "ebit": 1553,
        "gainLossOnDispositionOfAssets": 6,
        "grossIncome": 8601,
        "interestExpense": 427,
        "interestIncomeExpense": -417,
        "minorityInterest": -133,
        "netIncome": 658,
        "netIncomeAfterTaxes": 791,
        "nonRecurringItems": -10,
        "otherOperatingExpensesTotal": -5,
        "period": "2016-06-30",
        "pretaxIncome": 1132,
        "provisionforIncomeTaxes": 341,
        "revenue": 10319,
        "sgaExpense": 6564,
        "totalOperatingExpense": 7048
      },
      {
        "costOfGoodsSold": 1714,
        "depreciationAmortization": 479,
        "dilutedAverageSharesOutstanding": 410.575,
        "dilutedEPS": 1.69,
        "ebit": 1512,
        "gainLossOnDispositionOfAssets": -1,
        "grossIncome": 8546,
        "interestExpense": 416,
        "interestIncomeExpense": -404,
        "minorityInterest": -117,
        "netIncome": 694,
        "netIncomeAfterTaxes": 811,
        "nonRecurringItems": -12,
        "otherOperatingExpensesTotal": -4,
        "period": "2016-03-31",
        "pretaxIncome": 1095,
        "provisionforIncomeTaxes": 284,
        "revenue": 10260,
        "sgaExpense": 6559,
        "totalOperatingExpense": 7034
      },
      {
        "costOfGoodsSold": 1686,
        "depreciationAmortization": 480,
        "dilutedAverageSharesOutstanding": 415.822,
        "dilutedEPS": 1.4,
        "ebit": 1643,
        "gainLossOnDispositionOfAssets": -7,
        "grossIncome": 8563,
        "interestExpense": 410,
        "interestIncomeExpense": -402,
        "minorityInterest": -156,
        "netIncome": 582,
        "netIncomeAfterTaxes": 738,
        "nonRecurringItems": -182,
        "otherOperatingExpensesTotal": -1,
        "period": "2015-12-31",
        "pretaxIncome": 1052,
        "provisionforIncomeTaxes": 314,
        "revenue": 10249,
        "sgaExpense": 6441,
        "totalOperatingExpense": 6920
      },
      {
        "costOfGoodsSold": 1644,
        "depreciationAmortization": 482,
        "dilutedAverageSharesOutstanding": 426.441,
        "dilutedEPS": 1.05,
        "ebit": 1324,
        "gainLossOnDispositionOfAssets": -2,
        "grossIncome": 8212,
        "interestExpense": 411,
        "interestIncomeExpense": -402,
        "minorityInterest": -124,
        "netIncome": 449,
        "netIncomeAfterTaxes": 573,
        "nonRecurringItems": -77,
        "otherOperatingExpensesTotal": -9,
        "period": "2015-09-30",
        "pretaxIncome": 843,
        "provisionforIncomeTaxes": 270,
        "revenue": 9856,
        "sgaExpense": 6415,
        "totalOperatingExpense": 6888
      }
    ],
    "symbol": "HCA"
  }
}