{
  "symbol": "PCG",
  "statement": "ic",
  "frequency": "quarterly",
  "timestamp": "2025-09-19T14:05:29.541905",
  "data": {
    "financials": [
      {
        "costOfGoodsSold": 710,
        "depreciationAmortization": 1073,
        "dilutedAverageSharesOutstanding": 2203,
        "dilutedEPS": 0.2365,
        "ebit": 1255,
        "grossIncome": 5188,
        "interestIncomeExpense": -611,
        "netIncome": 521,
        "netIncomeAfterTaxes": 549,
        "nonRecurringItems": -159,
        "operationsMaintenance": 2719,
        "period": "2025-06-30",
        "pretaxIncome": 569,
        "provisionforIncomeTaxes": 20,
        "revenue": 5898,
        "sgaExpense": 141,
        "totalOperatingExpense": 3933,
        "totalOtherIncomeExpenseNet": 84
      },
      {
        "costOfGoodsSold": 895,
        "depreciationAmortization": 1097,
        "dilutedAverageSharesOutstanding": 2200,
        "dilutedEPS": 0.2759,
        "ebit": 1345,
        "grossIncome": 5088,
        "interestExpense": 734,
        "interestIncomeExpense": -617,
        "netIncome": 607,
        "netIncomeAfterTaxes": 634,
        "nonRecurringItems": -125,
        "operationsMaintenance": 2546,
        "period": "2025-03-31",
        "pretaxIncome": 673,
        "provisionforIncomeTaxes": 39,
        "revenue": 5983,
        "sgaExpense": 100,
        "totalOperatingExpense": 3743,
        "totalOtherIncomeExpenseNet": 70
      },
      {
        "costOfGoodsSold": 712,
        "depreciationAmortization": 1055,
        "dilutedAverageSharesOutstanding": 2162,
        "dilutedEPS": 0.2993,
        "ebit": 1132,
        "grossIncome": 5919,
        "interestExpense": 729,
        "interestIncomeExpense": -620,
        "netIncome": 647,
        "netIncomeAfterTaxes": 674,
        "nonRecurringItems": -112,
        "operationsMaintenance": 3635,
        "otherOperatingExpensesTotal": 0,
        "period": "2024-12-31",
        "pretaxIncome": 459,
        "provisionforIncomeTaxes": -215,
        "revenue": 6631,
        "sgaExpense": 97,
        "totalOperatingExpense": 4787,
        "totalOtherIncomeExpenseNet": 59
      },
      {
        "costOfGoodsSold": 924,
        "depreciationAmortization": 1059,
        "dilutedAverageSharesOutstanding": 2143,
        "dilutedEPS": 0.2688,
        "ebit": 1242,
        "grossIncome": 5017,
        "interestExpense": 795,
        "interestIncomeExpense": -639,
        "netIncome": 576,
        "netIncomeAfterTaxes": 579,
        "nonRecurringItems": -213,
        "operationsMaintenance": 2574,
        "otherOperatingExpensesTotal": 33,
        "period": "2024-09-30",
        "pretaxIncome": 473,
        "provisionforIncomeTaxes": -106,
        "revenue": 5941,
        "sgaExpense": 109,
        "totalOperatingExpense": 3775,
        "totalOtherIncomeExpenseNet": 83
      },
      {
        "costOfGoodsSold": 967,
        "depreciationAmortization": 1053,
        "dilutedAverageSharesOutstanding": 2142,
        "dilutedEPS": 0.2428,
        "ebit": 1209,
        "grossIncome": 5019,
        "interestExpense": 812,
        "interestIncomeExpense": -610,
        "netIncome": 520,
        "netIncomeAfterTaxes": 524,
        "nonRecurringItems": -75,
        "operationsMaintenance": 2692,
        "otherOperatingExpensesTotal": 0,
        "period": "2024-06-30",
        "pretaxIncome": 606,
        "provisionforIncomeTaxes": 82,
        "revenue": 5986,
        "sgaExpense": 65,
        "totalOperatingExpense": 3810,
        "totalOtherIncomeExpenseNet": 82
      },
      {
        "costOfGoodsSold": 850,
        "depreciationAmortization": 1022,
        "dilutedAverageSharesOutstanding": 2139,
        "dilutedEPS": 0.34,
        "ebit": 1353,
        "grossIncome": 5011,
        "interestExpense": 715,
        "interestIncomeExpense": -578,
        "netIncome": 732,
        "netIncomeAfterTaxes": 735,
        "nonRecurringItems": -77,
        "operationsMaintenance": 2566,
        "otherOperatingExpensesTotal": 0,
        "period": "2024-03-31",
        "pretaxIncome": 774,
        "provisionforIncomeTaxes": 39,
        "revenue": 5861,
        "sgaExpense": 70,
        "totalOperatingExpense": 3658,
        "totalOtherIncomeExpenseNet": 76
      },
      {
        "costOfGoodsSold": 809,
        "depreciationAmortization": 853,
        "dilutedAverageSharesOutstanding": 2138,
        "dilutedEPS": 0.43,
        "ebit": 1348,
        "grossIncome": 6232,
        "interestExpense": 926,
        "interestIncomeExpense": -729,
        "netIncome": 919,
        "netIncomeAfterTaxes": 923,
        "nonRecurringItems": -213,
        "operationsMaintenance": 3588,
        "otherOperatingExpensesTotal": 359,
        "period": "2023-12-31",
        "pretaxIncome": 465,
        "provisionforIncomeTaxes": -458,
        "revenue": 7041,
        "sgaExpense": 84,
        "totalOperatingExpense": 4884,
        "totalOtherIncomeExpenseNet": 59
      },
      {
        "costOfGoodsSold": 1004,
        "depreciationAmortization": 811,
        "dilutedAverageSharesOutstanding": 2140,
        "dilutedEPS": 0.16,
        "ebit": 588,
        "grossIncome": 4884,
        "interestExpense": 682,
        "interestIncomeExpense": -528,
        "netIncome": 348,
        "netIncomeAfterTaxes": 351,
        "nonRecurringItems": -187,
        "operationsMaintenance": 2880,
        "otherOperatingExpensesTotal": 346,
        "period": "2023-09-30",
        "pretaxIncome": -65,
        "provisionforIncomeTaxes": -416,
        "revenue": 5888,
        "sgaExpense": 259,
        "totalOperatingExpense": 4296,
        "totalOtherIncomeExpenseNet": 62
      },
      {
        "costOfGoodsSold": 946,
        "depreciationAmortization": 997,
        "dilutedAverageSharesOutstanding": 2139,
        "dilutedEPS": 0.19,
        "ebit": 622,
        "grossIncome": 4344,
        "interestExpense": 640,
        "interestIncomeExpense": -497,
        "netIncome": 406,
        "netIncomeAfterTaxes": 410,
        "nonRecurringItems": -116,
        "operationsMaintenance": 2282,
        "otherOperatingExpensesTotal": 289,
        "period": "2023-06-30",
        "pretaxIncome": 75,
        "provisionforIncomeTaxes": -335,
        "revenue": 5290,
        "sgaExpense": 154,
        "totalOperatingExpense": 3722,
        "totalOtherIncomeExpenseNet": 66
      },
      {
        "costOfGoodsSold": 1438,
        "depreciationAmortization": 1077,
        "dilutedAverageSharesOutstanding": 2132,
        "dilutedEPS": 0.27,
        "ebit": 744,
        "grossIncome": 4771,
        "interestExpense": 602,
        "interestIncomeExpense": -490,
        "netIncome": 569,
        "netIncomeAfterTaxes": 572,
        "nonRecurringItems": -115,
        "operationsMaintenance": 2538,
        "otherOperatingExpensesTotal": 273,
        "period": "2023-03-31",
        "pretaxIncome": 224,
        "provisionforIncomeTaxes": -348,
        "revenue": 6209,
        "sgaExpense": 139,
        "totalOperatingExpense": 4027,
        "totalOtherIncomeExpenseNet": 85
      },
      {
        "costOfGoodsSold": 1365,
        "depreciationAmortization": 941,
        "dilutedAverageSharesOutstanding": 2132,
        "dilutedEPS": 0.24,
        "ebit": 341,
        "grossIncome": 4005,
        "interestExpense": 562,
        "interestIncomeExpense": -470,
        "netIncome": 513,
        "netIncomeAfterTaxes": 517,
        "nonRecurringItems": -211,
        "operationsMaintenance": 2138,
        "otherOperatingExpensesTotal": 568,
        "period": "2022-12-31",
        "pretaxIncome": -192,
        "provisionforIncomeTaxes": -709,
        "revenue": 5370,
        "sgaExpense": 17,
        "totalOperatingExpense": 3664,
        "totalOtherIncomeExpenseNet": 148
      },
      {
        "costOfGoodsSold": 1289,
        "depreciationAmortization": 1002,
        "dilutedAverageSharesOutstanding": 2132,
        "dilutedEPS": 0.21,
        "ebit": 930,
        "grossIncome": 4105,
        "interestExpense": 525,
        "interestIncomeExpense": -482,
        "netIncome": 456,
        "netIncomeAfterTaxes": 459,
        "nonRecurringItems": -204,
        "operationsMaintenance": 2123,
        "otherOperatingExpensesTotal": 0,
        "period": "2022-09-30",
        "pretaxIncome": 362,
        "provisionforIncomeTaxes": -97,
        "revenue": 5394,
        "sgaExpense": 50,
        "totalOperatingExpense": 3175,
        "totalOtherIncomeExpenseNet": 118
      },
      {
        "costOfGoodsSold": 1139,
        "depreciationAmortization": 941,
        "dilutedAverageSharesOutstanding": 2141,
        "dilutedEPS": 0.17,
        "ebit": 707,
        "grossIncome": 3979,
        "interestExpense": 411,
        "interestIncomeExpense": -392,
        "netIncome": 356,
        "netIncomeAfterTaxes": 360,
        "nonRecurringItems": -262,
        "operationsMaintenance": 2258,
        "otherOperatingExpensesTotal": 40,
        "period": "2022-06-30",
        "pretaxIncome": 32,
        "provisionforIncomeTaxes": -328,
        "revenue": 5118,
        "sgaExpense": 33,
        "totalOperatingExpense": 3272,
        "totalOtherIncomeExpenseNet": -21
      },
      {
        "costOfGoodsSold": 1063,
        "depreciationAmortization": 972,
        "dilutedAverageSharesOutstanding": 2134,
        "dilutedEPS": 0.22,
        "ebit": 653,
        "grossIncome": 4735,
        "interestExpense": 419,
        "interestIncomeExpense": -411,
        "netIncome": 475,
        "netIncomeAfterTaxes": 478,
        "nonRecurringItems": -117,
        "operationsMaintenance": 3067,
        "period": "2022-03-31",
        "pretaxIncome": 274,
        "provisionforIncomeTaxes": -204,
        "revenue": 5798,
        "sgaExpense": 43,
        "totalOperatingExpense": 4082,
        "totalOtherIncomeExpenseNet": 149
      },
      {
        "costOfGoodsSold": 1141,
        "depreciationAmortization": 863,
        "dilutedAverageSharesOutstanding": 1985,
        "dilutedEPS": 0.24,
        "ebit": 756,
        "grossIncome": 4105,
        "interestExpense": 396,
        "interestIncomeExpense": -393,
        "netIncome": 472,
        "netIncomeAfterTaxes": 476,
        "nonRecurringItems": -115,
        "operationsMaintenance": 2612,
        "period": "2021-12-31",
        "pretaxIncome": 318,
        "provisionforIncomeTaxes": -158,
        "revenue": 5246,
        "sgaExpense": -126,
        "totalOperatingExpense": 3349,
        "totalOtherIncomeExpenseNet": 70
      },
      {
        "costOfGoodsSold": 1309,
        "depreciationAmortization": 801,
        "dilutedAverageSharesOutstanding": 1985,
        "dilutedEPS": -0.55,
        "ebit": 560,
        "grossIncome": 4156,
        "interestExpense": 399,
        "interestIncomeExpense": -399,
        "netIncome": -1091,
        "netIncomeAfterTaxes": -1088,
        "nonRecurringItems": -256,
        "operationsMaintenance": 2704,
        "period": "2021-09-30",
        "pretaxIncome": 37,
        "provisionforIncomeTaxes": 1125,
        "revenue": 5465,
        "sgaExpense": 91,
        "totalOperatingExpense": 3596,
        "totalOtherIncomeExpenseNet": 132
      },
      {
        "costOfGoodsSold": 1034,
        "depreciationAmortization": 851,
        "dilutedAverageSharesOutstanding": 2146,
        "dilutedEPS": 0.19,
        "ebit": 747,
        "grossIncome": 4181,
        "interestExpense": 398,
        "interestIncomeExpense": -383,
        "netIncome": 397,
        "netIncomeAfterTaxes": 401,
        "nonRecurringItems": -124,
        "operationsMaintenance": 2470,
        "period": "2021-06-30",
        "pretaxIncome": 368,
        "provisionforIncomeTaxes": -33,
        "revenue": 5215,
        "sgaExpense": 113,
        "totalOperatingExpense": 3434,
        "totalOtherIncomeExpenseNet": 128
      },
      {
        "costOfGoodsSold": 897,
        "depreciationAmortization": 888,
        "dilutedAverageSharesOutstanding": 2131,
        "dilutedEPS": 0.06,
        "ebit": 595,
        "grossIncome": 3819,
        "interestExpense": 408,
        "interestIncomeExpense": -406,
        "netIncome": 120,
        "netIncomeAfterTaxes": 123,
        "nonRecurringItems": -291,
        "operationsMaintenance": 2260,
        "period": "2021-03-31",
        "pretaxIncome": 25,
        "provisionforIncomeTaxes": -98,
        "revenue": 4716,
        "sgaExpense": 76,
        "totalOperatingExpense": 3224,
        "totalOtherIncomeExpenseNet": 127
      },
      {
        "costOfGoodsSold": 972,
        "depreciationAmortization": 894,
        "dilutedAverageSharesOutstanding": 1992,
        "dilutedEPS": 0.1,
        "ebit": 596,
        "grossIncome": 3776,
        "interestExpense": 416,
        "interestIncomeExpense": -410,
        "netIncome": 200,
        "netIncomeAfterTaxes": 204,
        "nonRecurringItems": -198,
        "operationsMaintenance": 2286,
        "period": "2020-12-31",
        "pretaxIncome": 172,
        "provisionforIncomeTaxes": -32,
        "revenue": 4748,
        "totalOperatingExpense": 3180,
        "totalOtherIncomeExpenseNet": 184
      },
      {
        "costOfGoodsSold": 1204,
        "depreciationAmortization": 845,
        "dilutedAverageSharesOutstanding": 2140,
        "dilutedEPS": 0.04,
        "ebit": 543,
        "grossIncome": 3678,
        "interestExpense": 391,
        "interestIncomeExpense": -386,
        "netIncome": 83,
        "netIncomeAfterTaxes": 86,
        "nonRecurringItems": -282,
        "operationsMaintenance": 2290,
        "period": "2020-09-30",
        "pretaxIncome": -23,
        "provisionforIncomeTaxes": -109,
        "revenue": 4882,
        "totalOperatingExpense": 3135,
        "totalOtherIncomeExpenseNet": 102
      },
      {
        "costOfGoodsSold": 893,
        "depreciationAmortization": 874,
        "dilutedAverageSharesOutstanding": 529,
        "dilutedEPS": -3.73,
        "ebit": 625,
        "grossIncome": 3640,
        "interestExpense": 199,
        "interestIncomeExpense": -187,
        "netIncome": -1972,
        "netIncomeAfterTaxes": -1968,
        "nonRecurringItems": -1967,
        "operationsMaintenance": 2141,
        "period": "2020-06-30",
        "pretaxIncome": -1429,
        "provisionforIncomeTaxes": 539,
        "revenue": 4533,
        "totalOperatingExpense": 3015,
        "totalOtherIncomeExpenseNet": 100
      },
      {
        "costOfGoodsSold": 829,
        "depreciationAmortization": 855,
        "dilutedAverageSharesOutstanding": 648,
        "dilutedEPS": 0.57,
        "ebit": 655,
        "grossIncome": 3477,
        "interestExpense": 254,
        "interestIncomeExpense": -238,
        "netIncome": 371,
        "netIncomeAfterTaxes": 374,
        "nonRecurringItems": -176,
        "operationsMaintenance": 1967,
        "period": "2020-03-31",
        "pretaxIncome": 338,
        "provisionforIncomeTaxes": -36,
        "revenue": 4306,
        "totalOperatingExpense": 2822,
        "totalOtherIncomeExpenseNet": 97
      },
      {
        "costOfGoodsSold": 808,
        "depreciationAmortization": 801,
        "dilutedAverageSharesOutstanding": 528,
        "dilutedEPS": -6.85,
        "ebit": 644,
        "grossIncome": 3935,
        "interestExpense": 719,
        "interestIncomeExpense": -699,
        "netIncome": -3617,
        "netIncomeAfterTaxes": -3613,
        "nonRecurringItems": -5077,
        "operationsMaintenance": 2490,
        "period": "2019-12-31",
        "pretaxIncome": -5081,
        "provisionforIncomeTaxes": -1468,
        "revenue": 4743,
        "totalOperatingExpense": 3291,
        "totalOtherIncomeExpenseNet": 51
      },
      {
        "costOfGoodsSold": 1138,
        "depreciationAmortization": 840,
        "dilutedAverageSharesOutstanding": 529,
        "dilutedEPS": -3.06,
        "ebit": 248,
        "grossIncome": 3294,
        "interestExpense": 52,
        "interestIncomeExpense": -34,
        "netIncome": -1619,
        "netIncomeAfterTaxes": -1616,
        "nonRecurringItems": -2621,
        "operationsMaintenance": 2206,
        "period": "2019-09-30",
        "pretaxIncome": -2345,
        "provisionforIncomeTaxes": -729,
        "revenue": 4432,
        "totalOperatingExpense": 3046,
        "totalOtherIncomeExpenseNet": 62
      },
      {
        "costOfGoodsSold": 945,
        "depreciationAmortization": 796,
        "dilutedAverageSharesOutstanding": 529,
        "dilutedEPS": -4.83,
        "ebit": 260,
        "grossIncome": 2998,
        "interestExpense": 60,
        "interestIncomeExpense": -38,
        "netIncome": -2553,
        "netIncomeAfterTaxes": -2549,
        "nonRecurringItems": -3956,
        "operationsMaintenance": 1942,
        "period": "2019-06-30",
        "pretaxIncome": -3668,
        "provisionforIncomeTaxes": -1119,
        "revenue": 3943,
        "totalOperatingExpense": 2738,
        "totalOtherIncomeExpenseNet": 66
      },
      {
        "costOfGoodsSold": 938,
        "depreciationAmortization": 797,
        "dilutedAverageSharesOutstanding": 527,
        "dilutedEPS": 0.25,
        "ebit": 189,
        "grossIncome": 3073,
        "interestExpense": 103,
        "interestIncomeExpense": -81,
        "netIncome": 133,
        "netIncomeAfterTaxes": 136,
        "nonRecurringItems": -127,
        "operationsMaintenance": 2087,
        "period": "2019-03-31",
        "pretaxIncome": 52,
        "provisionforIncomeTaxes": -84,
        "revenue": 4011,
        "totalOperatingExpense": 2884,
        "totalOtherIncomeExpenseNet": 71
      },
      {
        "costOfGoodsSold": 1024,
        "depreciationAmortization": 779,
        "dilutedAverageSharesOutstanding": 520,
        "dilutedEPS": -13.21,
        "ebit": 133,
        "grossIncome": 3064,
        "interestExpense": 251,
        "interestIncomeExpense": -210,
        "netIncome": -6873,
        "netIncomeAfterTaxes": -6882,
        "nonRecurringItems": -9663,
        "operationsMaintenance": 2152,
        "period": "2018-12-31",
        "pretaxIncome": -9634,
        "provisionforIncomeTaxes": -2752,
        "revenue": 4088,
        "totalOperatingExpense": 2931,
        "totalOtherIncomeExpenseNet": 106
      },
      {
        "costOfGoodsSold": 1325,
        "depreciationAmortization": 759,
        "dilutedAverageSharesOutstanding": 517,
        "dilutedEPS": 1.09,
        "ebit": 686,
        "grossIncome": 3056,
        "interestExpense": 232,
        "interestIncomeExpense": -218,
        "netIncome": 564,
        "netIncomeAfterTaxes": 567,
        "nonRecurringItems": 10,
        "operationsMaintenance": 1611,
        "period": "2018-09-30",
        "pretaxIncome": 582,
        "provisionforIncomeTaxes": 15,
        "revenue": 4381,
        "totalOperatingExpense": 2370,
        "totalOtherIncomeExpenseNet": 104
      },
      {
        "costOfGoodsSold": 1042,
        "depreciationAmortization": 746,
        "dilutedAverageSharesOutstanding": 516,
        "dilutedEPS": -1.91,
        "ebit": 660,
        "grossIncome": 3192,
        "interestExpense": 226,
        "interestIncomeExpense": -214,
        "netIncome": -984,
        "netIncomeAfterTaxes": -980,
        "nonRecurringItems": -2125,
        "operationsMaintenance": 1786,
        "period": "2018-06-30",
        "pretaxIncome": -1573,
        "provisionforIncomeTaxes": -593,
        "revenue": 4234,
        "totalOperatingExpense": 2532,
        "totalOtherIncomeExpenseNet": 106
      },
      {
        "costOfGoodsSold": 1108,
        "depreciationAmortization": 752,
        "dilutedAverageSharesOutstanding": 516,
        "dilutedEPS": 0.86,
        "ebit": 599,
        "grossIncome": 2948,
        "interestExpense": 220,
        "interestIncomeExpense": -211,
        "netIncome": 442,
        "netIncomeAfterTaxes": 445,
        "operationsMaintenance": 1597,
        "period": "2018-03-31",
        "pretaxIncome": 496,
        "provisionforIncomeTaxes": 51,
        "revenue": 4056,
        "totalOperatingExpense": 2349,
        "totalOtherIncomeExpenseNet": 108
      },
      {
        "costOfGoodsSold": 1095,
        "depreciationAmortization": 720,
        "dilutedAverageSharesOutstanding": 515,
        "dilutedEPS": 0.22,
        "ebit": 417,
        "grossIncome": 3005,
        "interestExpense": 225,
        "interestIncomeExpense": -216,
        "netIncome": 114,
        "netIncomeAfterTaxes": 265,
        "nonRecurringItems": 0,
        "operationsMaintenance": 1868,
        "period": "2017-12-31",
        "pretaxIncome": 226,
        "provisionforIncomeTaxes": -39,
        "revenue": 4100,
        "totalOperatingExpense": 2588,
        "totalOtherIncomeExpenseNet": 25
      },
      {
        "costOfGoodsSold": 1544,
        "depreciationAmortization": 710,
        "dilutedAverageSharesOutstanding": 516,
        "dilutedEPS": 1.07,
        "ebit": 939,
        "grossIncome": 2973,
        "interestExpense": 220,
        "interestIncomeExpense": -211,
        "netIncome": 550,
        "netIncomeAfterTaxes": 553,
        "nonRecurringItems": -53,
        "operationsMaintenance": 1324,
        "period": "2017-09-30",
        "pretaxIncome": 713,
        "provisionforIncomeTaxes": 160,
        "revenue": 4517,
        "totalOperatingExpense": 2034,
        "totalOtherIncomeExpenseNet": 38
      },
      {
        "costOfGoodsSold": 1244,
        "depreciationAmortization": 712,
        "dilutedAverageSharesOutstanding": 513,
        "dilutedEPS": 0.79,
        "ebit": 689,
        "grossIncome": 3006,
        "interestExpense": 225,
        "interestIncomeExpense": -217,
        "netIncome": 406,
        "netIncomeAfterTaxes": 410,
        "nonRecurringItems": 46,
        "operationsMaintenance": 1605,
        "period": "2017-06-30",
        "pretaxIncome": 544,
        "provisionforIncomeTaxes": 134,
        "revenue": 4250,
        "totalOperatingExpense": 2317,
        "totalOtherIncomeExpenseNet": 26
      },
      {
        "costOfGoodsSold": 1172,
        "depreciationAmortization": 712,
        "dilutedAverageSharesOutstanding": 511,
        "dilutedEPS": 1.13,
        "ebit": 867,
        "grossIncome": 3096,
        "interestExpense": 218,
        "interestIncomeExpense": -213,
        "netIncome": 576,
        "netIncomeAfterTaxes": 579,
        "operationsMaintenance": 1517,
        "period": "2017-03-31",
        "pretaxIncome": 688,
        "provisionforIncomeTaxes": 109,
        "revenue": 4268,
        "totalOperatingExpense": 2229,
        "totalOtherIncomeExpenseNet": 34
      },
      {
        "costOfGoodsSold": 1284,
        "depreciationAmortization": 665,
        "dilutedAverageSharesOutstanding": 505,
        "dilutedEPS": 1.37,
        "ebit": 1069,
        "grossIncome": 3429,
        "interestExpense": 208,
        "interestIncomeExpense": -202,
        "netIncome": 692,
        "netIncomeAfterTaxes": 696,
        "nonRecurringItems": -125,
        "operationsMaintenance": 1695,
        "period": "2016-12-31",
        "pretaxIncome": 856,
        "provisionforIncomeTaxes": 160,
        "revenue": 4713,
        "totalOperatingExpense": 2360,
        "totalOtherIncomeExpenseNet": 114
      },
      {
        "costOfGoodsSold": 1693,
        "depreciationAmortization": 694,
        "dilutedAverageSharesOutstanding": 503,
        "dilutedEPS": 0.77,
        "ebit": 640,
        "grossIncome": 3117,
        "interestExpense": 211,
        "interestIncomeExpense": -203,
        "netIncome": 388,
        "netIncomeAfterTaxes": 391,
        "operationsMaintenance": 1783,
        "period": "2016-09-30",
        "pretaxIncome": 461,
        "provisionforIncomeTaxes": 70,
        "revenue": 4810,
        "totalOperatingExpense": 2477,
        "totalOtherIncomeExpenseNet": 24
      },
      {
        "costOfGoodsSold": 1231,
        "depreciationAmortization": 699,
        "dilutedAverageSharesOutstanding": 498,
        "dilutedEPS": 0.41,
        "ebit": 401,
        "grossIncome": 2938,
        "interestExpense": 207,
        "interestIncomeExpense": -202,
        "netIncome": 206,
        "netIncomeAfterTaxes": 210,
        "operationsMaintenance": 1838,
        "period": "2016-06-30",
        "pretaxIncome": 222,
        "provisionforIncomeTaxes": 12,
        "revenue": 4169,
        "totalOperatingExpense": 2537,
        "totalOtherIncomeExpenseNet": 23
      },
      {
        "costOfGoodsSold": 1172,
        "depreciationAmortization": 697,
        "dilutedAverageSharesOutstanding": 495,
        "dilutedEPS": 0.22,
        "ebit": 95,
        "grossIncome": 2802,
        "interestExpense": 203,
        "interestIncomeExpense": -199,
        "netIncome": 107,
        "netIncomeAfterTaxes": 110,
        "operationsMaintenance": 2010,
        "period": "2016-03-31",
        "pretaxIncome": -77,
        "provisionforIncomeTaxes": -187,
        "revenue": 3974,
        "totalOperatingExpense": 2707,
        "totalOtherIncomeExpenseNet": 27
      },
      {
        "costOfGoodsSold": 1362,
        "depreciationAmortization": 677,
        "dilutedAverageSharesOutstanding": 496,
        "dilutedEPS": 0.27,
        "ebit": 205,
        "grossIncome": 2805,
        "interestExpense": 198,
        "interestIncomeExpense": -195,
        "netIncome": 134,
        "netIncomeAfterTaxes": 138,
        "operationsMaintenance": 1923,
        "period": "2015-12-31",
        "pretaxIncome": 27,
        "provisionforIncomeTaxes": -111,
        "revenue": 4167,
        "totalOperatingExpense": 2600,
        "totalOtherIncomeExpenseNet": 17
      },
      {
        "costOfGoodsSold": 1731,
        "depreciationAmortization": 653,
        "dilutedAverageSharesOutstanding": 489,
        "dilutedEPS": 0.63,
        "ebit": 545,
        "grossIncome": 2819,
        "interestExpense": 194,
        "interestIncomeExpense": -192,
        "netIncome": 307,
        "netIncomeAfterTaxes": 310,
        "operationsMaintenance": 1621,
        "period": "2015-09-30",
        "pretaxIncome": 377,
        "provisionforIncomeTaxes": 67,
        "revenue": 4550,
        "totalOperatingExpense": 2274,
        "totalOtherIncomeExpenseNet": 24
      }
    ],
    "symbol": "PCG"
  }
}