{
  "symbol": "RCL",
  "statement": "ic",
  "frequency": "quarterly",
  "timestamp": "2025-09-19T14:06:24.994209",
  "data": {
    "financials": [
      {
        "costOfGoodsSold": 2233,
        "depreciationAmortization": 417,
        "dilutedAverageSharesOutstanding": 275,
        "dilutedEPS": 4.4,
        "ebit": 1332,
        "grossIncome": 2305,
        "interestExpense": 228,
        "interestIncomeExpense": -109,
        "minorityInterest": -5,
        "netIncome": 1210,
        "netIncomeAfterTaxes": 1214,
        "nonRecurringItems": -3,
        "otherOperatingExpensesTotal": 1,
        "period": "2025-06-30",
        "pretaxIncome": 1214,
        "revenue": 4538,
        "sgaExpense": 555,
        "totalOperatingExpense": 973,
        "totalOtherIncomeExpenseNet": -6
      },
      {
        "costOfGoodsSold": 2010,
        "depreciationAmortization": 412,
        "dilutedAverageSharesOutstanding": 276,
        "dilutedEPS": 2.64,
        "ebit": 947,
        "grossIncome": 1989,
        "interestExpense": 239,
        "interestIncomeExpense": -189,
        "minorityInterest": -6,
        "netIncome": 730,
        "netIncomeAfterTaxes": 736,
        "nonRecurringItems": -12,
        "otherOperatingExpensesTotal": 2,
        "period": "2025-03-31",
        "pretaxIncome": 736,
        "revenue": 3999,
        "sgaExpense": 628,
        "totalOperatingExpense": 1042,
        "totalOtherIncomeExpenseNet": -10
      },
      {
        "costOfGoodsSold": 1989,
        "depreciationAmortization": 410,
        "dilutedAverageSharesOutstanding": 276,
        "dilutedEPS": 2,
        "ebit": 632,
        "grossIncome": 1771,
        "interestExpense": 259,
        "interestIncomeExpense": -199,
        "minorityInterest": -6,
        "netIncome": 552,
        "netIncomeAfterTaxes": 559,
        "nonRecurringItems": -139,
        "otherOperatingExpensesTotal": 1,
        "period": "2024-12-31",
        "pretaxIncome": 559,
        "revenue": 3760,
        "sgaExpense": 728,
        "totalOperatingExpense": 1139,
        "totalOtherIncomeExpenseNet": 265
      },
      {
        "costOfGoodsSold": 2349,
        "depreciationAmortization": 410,
        "dilutedAverageSharesOutstanding": 264,
        "dilutedEPS": 4.21,
        "ebit": 1636,
        "grossIncome": 2537,
        "interestExpense": 280,
        "interestIncomeExpense": -170,
        "minorityInterest": -4,
        "netIncome": 1111,
        "netIncomeAfterTaxes": 1115,
        "nonRecurringItems": -322,
        "period": "2024-09-30",
        "pretaxIncome": 1115,
        "revenue": 4886,
        "sgaExpense": 491,
        "totalOperatingExpense": 901,
        "totalOtherIncomeExpenseNet": -29
      },
      {
        "costOfGoodsSold": 2100,
        "depreciationAmortization": 393,
        "dilutedAverageSharesOutstanding": 281,
        "dilutedEPS": 3.03,
        "ebit": 1108,
        "grossIncome": 2010,
        "interestExpense": 281,
        "interestIncomeExpense": -221,
        "minorityInterest": -4,
        "netIncome": 854,
        "netIncomeAfterTaxes": 858,
        "nonRecurringItems": -26,
        "period": "2024-06-30",
        "pretaxIncome": 858,
        "revenue": 4110,
        "sgaExpense": 509,
        "totalOperatingExpense": 902,
        "totalOtherIncomeExpenseNet": -3
      },
      {
        "costOfGoodsSold": 1981,
        "depreciationAmortization": 387,
        "dilutedAverageSharesOutstanding": 281,
        "dilutedEPS": 1.28,
        "ebit": 750,
        "grossIncome": 1747,
        "interestExpense": 308,
        "interestIncomeExpense": -262,
        "minorityInterest": -4,
        "netIncome": 360,
        "netIncomeAfterTaxes": 364,
        "nonRecurringItems": -116,
        "period": "2024-03-31",
        "pretaxIncome": 364,
        "revenue": 3728,
        "sgaExpense": 610,
        "totalOperatingExpense": 997,
        "totalOtherIncomeExpenseNet": -8
      },
      {
        "costOfGoodsSold": 1814.772,
        "depreciationAmortization": 368.077,
        "dilutedAverageSharesOutstanding": 365.866,
        "dilutedEPS": 0.75,
        "ebit": 595.534,
        "grossIncome": 1516.647,
        "interestExpense": 322.922,
        "interestIncomeExpense": -267.897,
        "minorityInterest": -1.849,
        "netIncome": 277.073,
        "netIncomeAfterTaxes": 278.922,
        "nonRecurringItems": -54.155,
        "period": "2023-12-31",
        "pretaxIncome": 278.922,
        "revenue": 3331.419,
        "sgaExpense": 553.036,
        "totalOperatingExpense": 921.113,
        "totalOtherIncomeExpenseNet": 5.44
      },
      {
        "costOfGoodsSold": 2098.39,
        "depreciationAmortization": 365.473,
        "dilutedAverageSharesOutstanding": 281.876,
        "dilutedEPS": 3.57,
        "ebit": 1265.104,
        "grossIncome": 2062.063,
        "interestExpense": 302.697,
        "interestIncomeExpense": -208.598,
        "minorityInterest": -1.602,
        "netIncome": 1009.076,
        "netIncomeAfterTaxes": 1010.678,
        "nonRecurringItems": -37.923,
        "period": "2023-09-30",
        "pretaxIncome": 1010.678,
        "revenue": 4160.453,
        "sgaExpense": 431.486,
        "totalOperatingExpense": 796.959,
        "totalOtherIncomeExpenseNet": -7.905
      },
      {
        "costOfGoodsSold": 1909.459,
        "depreciationAmortization": 361.677,
        "dilutedAverageSharesOutstanding": 281.913,
        "dilutedEPS": 1.62,
        "ebit": 776.869,
        "grossIncome": 1613.523,
        "interestExpense": 325.283,
        "interestIncomeExpense": -273.686,
        "minorityInterest": -3.519,
        "netIncome": 458.761,
        "netIncomeAfterTaxes": 462.28,
        "nonRecurringItems": -35.517,
        "period": "2023-06-30",
        "pretaxIncome": 462.28,
        "revenue": 3522.982,
        "sgaExpense": 474.977,
        "totalOperatingExpense": 836.654,
        "totalOtherIncomeExpenseNet": -5.386
      },
      {
        "costOfGoodsSold": 1742.379,
        "depreciationAmortization": 359.773,
        "dilutedAverageSharesOutstanding": 255.465,
        "dilutedEPS": -0.19,
        "ebit": 261.493,
        "grossIncome": 1142.767,
        "interestExpense": 346.098,
        "interestIncomeExpense": -310.819,
        "minorityInterest": 0,
        "netIncome": -47.91,
        "netIncomeAfterTaxes": -47.91,
        "nonRecurringItems": 12.595,
        "period": "2023-03-31",
        "pretaxIncome": -47.91,
        "revenue": 2885.146,
        "sgaExpense": 521.501,
        "totalOperatingExpense": 881.274,
        "totalOtherIncomeExpenseNet": -11.179
      },
      {
        "costOfGoodsSold": 1727.228,
        "depreciationAmortization": 360.595,
        "dilutedAverageSharesOutstanding": 255.185,
        "dilutedEPS": -1.96,
        "ebit": 16.597,
        "grossIncome": 876.764,
        "interestExpense": 354.249,
        "interestIncomeExpense": -313.221,
        "minorityInterest": 0,
        "netIncome": -500.206,
        "netIncomeAfterTaxes": -500.206,
        "nonRecurringItems": -78.507,
        "period": "2022-12-31",
        "pretaxIncome": -500.206,
        "revenue": 2603.992,
        "sgaExpense": 499.572,
        "totalOperatingExpense": 860.167,
        "totalOtherIncomeExpenseNet": -125.075
      },
      {
        "costOfGoodsSold": 1923.794,
        "depreciationAmortization": 355.085,
        "dilutedAverageSharesOutstanding": 255.378,
        "dilutedEPS": 0.13,
        "ebit": 308.611,
        "grossIncome": 1069.281,
        "interestExpense": 335.738,
        "interestIncomeExpense": -249.788,
        "netIncome": 32.968,
        "netIncomeAfterTaxes": 32.968,
        "nonRecurringItems": -26.635,
        "period": "2022-09-30",
        "pretaxIncome": 32.968,
        "revenue": 2993.075,
        "sgaExpense": 405.585,
        "totalOperatingExpense": 760.67,
        "totalOtherIncomeExpenseNet": 0.78
      },
      {
        "costOfGoodsSold": 1657.346,
        "depreciationAmortization": 351.542,
        "dilutedAverageSharesOutstanding": 254.964,
        "dilutedEPS": -2.05,
        "ebit": -229.587,
        "grossIncome": 526.896,
        "interestExpense": 302.706,
        "interestIncomeExpense": -309.395,
        "netIncome": -521.582,
        "netIncomeAfterTaxes": -521.582,
        "nonRecurringItems": 10.943,
        "period": "2022-06-30",
        "pretaxIncome": -521.582,
        "revenue": 2184.242,
        "sgaExpense": 404.941,
        "totalOperatingExpense": 756.483,
        "totalOtherIncomeExpenseNet": 6.457
      },
      {
        "costOfGoodsSold": 1156.569,
        "depreciationAmortization": 339.467,
        "dilutedAverageSharesOutstanding": 254.821,
        "dilutedEPS": -4.58,
        "ebit": -859.035,
        "grossIncome": -97.338,
        "interestExpense": 277.659,
        "interestIncomeExpense": -305.396,
        "netIncome": -1167.142,
        "netIncomeAfterTaxes": -1167.142,
        "nonRecurringItems": -0.173,
        "period": "2022-03-31",
        "pretaxIncome": -1167.142,
        "revenue": 1059.231,
        "sgaExpense": 422.23,
        "totalOperatingExpense": 761.697,
        "totalOtherIncomeExpenseNet": -2.538
      },
      {
        "costOfGoodsSold": 1110.374,
        "depreciationAmortization": 333.366,
        "dilutedAverageSharesOutstanding": 254.824,
        "dilutedEPS": -5.33,
        "ebit": -989.678,
        "grossIncome": -128.127,
        "interestExpense": 283.767,
        "interestIncomeExpense": -278.736,
        "minorityInterest": 0,
        "netIncome": -1356.968,
        "netIncomeAfterTaxes": -1356.968,
        "nonRecurringItems": -42.067,
        "period": "2021-12-31",
        "pretaxIncome": -1356.968,
        "revenue": 982.247,
        "sgaExpense": 528.185,
        "totalOperatingExpense": 861.551,
        "totalOtherIncomeExpenseNet": -46.487
      },
      {
        "costOfGoodsSold": 806.641,
        "depreciationAmortization": 325.907,
        "dilutedAverageSharesOutstanding": 254.713,
        "dilutedEPS": -5.59,
        "ebit": -1006.062,
        "grossIncome": -349.683,
        "interestExpense": 288.746,
        "interestIncomeExpense": -314.045,
        "minorityInterest": 0,
        "netIncome": -1424.554,
        "netIncomeAfterTaxes": -1424.554,
        "nonRecurringItems": -146.919,
        "period": "2021-09-30",
        "pretaxIncome": -1424.554,
        "revenue": 456.958,
        "sgaExpense": 330.472,
        "totalOperatingExpense": 656.379,
        "totalOtherIncomeExpenseNet": 42.472
      },
      {
        "costOfGoodsSold": 420.019,
        "depreciationAmortization": 323.439,
        "dilutedAverageSharesOutstanding": 254.577,
        "dilutedEPS": -5.29,
        "ebit": -982.913,
        "grossIncome": -369.105,
        "interestExpense": 309.281,
        "interestIncomeExpense": -352.699,
        "minorityInterest": 0,
        "netIncome": -1347.255,
        "netIncomeAfterTaxes": -1347.255,
        "nonRecurringItems": -36.151,
        "period": "2021-06-30",
        "pretaxIncome": -1347.255,
        "revenue": 50.914,
        "sgaExpense": 290.369,
        "totalOperatingExpense": 613.808,
        "totalOtherIncomeExpenseNet": 24.508
      },
      {
        "costOfGoodsSold": 278.357,
        "depreciationAmortization": 310.166,
        "dilutedAverageSharesOutstanding": 243.004,
        "dilutedEPS": -4.66,
        "ebit": -809.68,
        "grossIncome": -236.343,
        "interestExpense": 271.2,
        "interestIncomeExpense": -326.21,
        "minorityInterest": 0,
        "netIncome": -1131.722,
        "netIncomeAfterTaxes": -1131.722,
        "nonRecurringItems": -5.865,
        "period": "2021-03-31",
        "pretaxIncome": -1131.722,
        "revenue": 42.014,
        "sgaExpense": 263.171,
        "totalOperatingExpense": 573.337,
        "totalOtherIncomeExpenseNet": 10.033
      },
      {
        "costOfGoodsSold": 269.444,
        "depreciationAmortization": 318.028,
        "dilutedAverageSharesOutstanding": 224.658,
        "dilutedEPS": -6.08,
        "ebit": -804.683,
        "grossIncome": -235.306,
        "interestExpense": 273.089,
        "interestIncomeExpense": -340.838,
        "minorityInterest": 0,
        "netIncome": -1366.935,
        "netIncomeAfterTaxes": -1366.935,
        "nonRecurringItems": -211.866,
        "otherOperatingExpensesTotal": -13.219,
        "period": "2020-12-31",
        "pretaxIncome": -1366.935,
        "revenue": 34.138,
        "sgaExpense": 264.568,
        "totalOperatingExpense": 569.377,
        "totalOtherIncomeExpenseNet": -9.548
      },
      {
        "costOfGoodsSold": 283.782,
        "depreciationAmortization": 317.139,
        "dilutedAverageSharesOutstanding": 214.163,
        "dilutedEPS": -6.29,
        "ebit": -906.215,
        "grossIncome": -317.47,
        "interestExpense": 258.575,
        "interestIncomeExpense": -331.571,
        "minorityInterest": -7.444,
        "netIncome": -1346.756,
        "netIncomeAfterTaxes": -1339.312,
        "nonRecurringItems": -90.673,
        "period": "2020-09-30",
        "pretaxIncome": -1339.312,
        "revenue": -33.688,
        "sgaExpense": 271.606,
        "totalOperatingExpense": 588.745,
        "totalOtherIncomeExpenseNet": -10.853
      },
      {
        "costOfGoodsSold": 654.805,
        "depreciationAmortization": 322.643,
        "dilutedAverageSharesOutstanding": 209.385,
        "dilutedEPS": -7.83,
        "ebit": -1125.99,
        "grossIncome": -479.2,
        "interestExpense": 178.554,
        "interestIncomeExpense": -294.245,
        "minorityInterest": -7.444,
        "netIncome": -1639.292,
        "netIncomeAfterTaxes": -1631.848,
        "nonRecurringItems": -218.469,
        "otherOperatingExpensesTotal": -2.886,
        "period": "2020-06-30",
        "pretaxIncome": -1631.848,
        "revenue": 175.605,
        "sgaExpense": 327.033,
        "totalOperatingExpense": 646.79,
        "totalOtherIncomeExpenseNet": 6.856
      },
      {
        "costOfGoodsSold": 1463.473,
        "depreciationAmortization": 324.33,
        "dilutedAverageSharesOutstanding": 209.097,
        "dilutedEPS": -6.91,
        "ebit": -198.289,
        "grossIncome": 569.277,
        "interestExpense": 92.011,
        "interestIncomeExpense": -217.651,
        "minorityInterest": -7.444,
        "netIncome": -1444.479,
        "netIncomeAfterTaxes": -1437.035,
        "nonRecurringItems": -1108.118,
        "period": "2020-03-31",
        "pretaxIncome": -1437.035,
        "revenue": 2032.75,
        "sgaExpense": 443.236,
        "totalOperatingExpense": 767.566,
        "totalOtherIncomeExpenseNet": 87.023
      },
      {
        "costOfGoodsSold": 1455.386,
        "depreciationAmortization": 321.762,
        "dilutedAverageSharesOutstanding": 209.624,
        "dilutedEPS": 1.3,
        "ebit": 299.425,
        "grossIncome": 1062.027,
        "interestExpense": 94.062,
        "interestIncomeExpense": -3.315,
        "minorityInterest": -7.338,
        "netIncome": 273.136,
        "netIncomeAfterTaxes": 280.474,
        "nonRecurringItems": -2.903,
        "period": "2019-12-31",
        "pretaxIncome": 280.474,
        "revenue": 2517.413,
        "sgaExpense": 440.84,
        "totalOperatingExpense": 762.602,
        "totalOtherIncomeExpenseNet": -12.733
      },
      {
        "costOfGoodsSold": 1597.051,
        "depreciationAmortization": 320.295,
        "dilutedAverageSharesOutstanding": 210.121,
        "dilutedEPS": 4.2,
        "ebit": 890.792,
        "grossIncome": 1589.799,
        "interestExpense": 100.842,
        "interestIncomeExpense": -17.699,
        "minorityInterest": -7.125,
        "netIncome": 883.24,
        "netIncomeAfterTaxes": 890.365,
        "period": "2019-09-30",
        "pretaxIncome": 890.365,
        "revenue": 3186.85,
        "sgaExpense": 378.712,
        "totalOperatingExpense": 699.007,
        "totalOtherIncomeExpenseNet": 17.272
      },
      {
        "costOfGoodsSold": 1518.517,
        "depreciationAmortization": 311.6,
        "dilutedAverageSharesOutstanding": 210.052,
        "dilutedEPS": 2.25,
        "ebit": 573.653,
        "grossIncome": 1288.114,
        "interestExpense": 108.961,
        "interestIncomeExpense": -75.963,
        "minorityInterest": -7.125,
        "netIncome": 472.83,
        "netIncomeAfterTaxes": 479.955,
        "period": "2019-06-30",
        "pretaxIncome": 479.955,
        "revenue": 2806.631,
        "sgaExpense": 402.861,
        "totalOperatingExpense": 714.461,
        "totalOtherIncomeExpenseNet": -17.735
      },
      {
        "costOfGoodsSold": 1387.717,
        "depreciationAmortization": 292.285,
        "dilutedAverageSharesOutstanding": 209.874,
        "dilutedEPS": 1.19,
        "ebit": 318.831,
        "grossIncome": 1052.05,
        "interestExpense": 89.699,
        "interestIncomeExpense": -44.065,
        "minorityInterest": -7.125,
        "netIncome": 249.681,
        "netIncomeAfterTaxes": 256.806,
        "period": "2019-03-31",
        "pretaxIncome": 256.806,
        "revenue": 2439.767,
        "sgaExpense": 440.934,
        "totalOperatingExpense": 733.219,
        "totalOtherIncomeExpenseNet": -17.96
      },
      {
        "costOfGoodsSold": 1360.413,
        "depreciationAmortization": 280.168,
        "dilutedAverageSharesOutstanding": 210.297,
        "dilutedEPS": 1.5,
        "ebit": 364.027,
        "grossIncome": 971.888,
        "interestExpense": 95.951,
        "interestIncomeExpense": -68.509,
        "minorityInterest": -4.75,
        "netIncome": 315.703,
        "netIncomeAfterTaxes": 320.453,
        "period": "2018-12-31",
        "pretaxIncome": 320.453,
        "revenue": 2332.301,
        "sgaExpense": 327.693,
        "totalOperatingExpense": 607.861,
        "totalOtherIncomeExpenseNet": 24.935
      },
      {
        "costOfGoodsSold": 1411.364,
        "depreciationAmortization": 259.923,
        "dilutedAverageSharesOutstanding": 209.928,
        "dilutedEPS": 3.86,
        "ebit": 799.733,
        "grossIncome": 1384.823,
        "interestExpense": 85.122,
        "interestIncomeExpense": 2.843,
        "netIncome": 810.391,
        "netIncomeAfterTaxes": 810.391,
        "period": "2018-09-30",
        "pretaxIncome": 810.391,
        "revenue": 2796.187,
        "sgaExpense": 325.167,
        "totalOperatingExpense": 585.09,
        "totalOtherIncomeExpenseNet": 7.815
      },
      {
        "costOfGoodsSold": 1314.411,
        "depreciationAmortization": 253.376,
        "dilutedAverageSharesOutstanding": 212.509,
        "dilutedEPS": 2.19,
        "ebit": 456.895,
        "grossIncome": 1023.194,
        "interestExpense": 79.928,
        "interestIncomeExpense": -62.017,
        "netIncome": 466.295,
        "netIncomeAfterTaxes": 466.295,
        "period": "2018-06-30",
        "pretaxIncome": 466.295,
        "revenue": 2337.605,
        "sgaExpense": 312.923,
        "totalOperatingExpense": 566.299,
        "totalOtherIncomeExpenseNet": 71.417
      },
      {
        "costOfGoodsSold": 1176.019,
        "depreciationAmortization": 240.23,
        "dilutedAverageSharesOutstanding": 212.794,
        "dilutedEPS": 1.03,
        "ebit": 274.146,
        "grossIncome": 851.737,
        "interestExpense": 68.49,
        "interestIncomeExpense": -23.581,
        "netIncome": 218.653,
        "netIncomeAfterTaxes": 218.653,
        "period": "2018-03-31",
        "pretaxIncome": 218.653,
        "revenue": 2027.756,
        "sgaExpense": 337.361,
        "totalOperatingExpense": 577.591,
        "totalOtherIncomeExpenseNet": -31.912
      },
      {
        "costOfGoodsSold": 1145.701,
        "depreciationAmortization": 240.358,
        "dilutedAverageSharesOutstanding": 215.061,
        "dilutedEPS": 1.34,
        "ebit": 307.349,
        "grossIncome": 858.766,
        "interestExpense": 70.165,
        "interestIncomeExpense": -14.751,
        "netIncome": 288.039,
        "netIncomeAfterTaxes": 288.039,
        "period": "2017-12-31",
        "pretaxIncome": 288.039,
        "revenue": 2004.467,
        "sgaExpense": 311.059,
        "totalOperatingExpense": 551.417,
        "totalOtherIncomeExpenseNet": -4.559
      },
      {
        "costOfGoodsSold": 1318.269,
        "depreciationAmortization": 240.15,
        "dilutedAverageSharesOutstanding": 215.824,
        "dilutedEPS": 3.49,
        "ebit": 737.488,
        "grossIncome": 1251.275,
        "interestExpense": 73.833,
        "interestIncomeExpense": 42.25,
        "netIncome": 752.842,
        "netIncomeAfterTaxes": 752.842,
        "period": "2017-09-30",
        "pretaxIncome": 752.842,
        "revenue": 2569.544,
        "sgaExpense": 273.637,
        "totalOperatingExpense": 513.787,
        "totalOtherIncomeExpenseNet": -26.896
      },
      {
        "costOfGoodsSold": 1256.785,
        "depreciationAmortization": 234.937,
        "dilutedAverageSharesOutstanding": 216.062,
        "dilutedEPS": 1.71,
        "ebit": 419.697,
        "grossIncome": 938.489,
        "interestExpense": 77.501,
        "interestIncomeExpense": -25.199,
        "netIncome": 369.526,
        "netIncomeAfterTaxes": 369.526,
        "period": "2017-06-30",
        "pretaxIncome": 369.526,
        "revenue": 2195.274,
        "sgaExpense": 283.855,
        "totalOperatingExpense": 518.792,
        "totalOtherIncomeExpenseNet": -24.972
      },
      {
        "costOfGoodsSold": 1175.824,
        "depreciationAmortization": 235.749,
        "dilutedAverageSharesOutstanding": 215.813,
        "dilutedEPS": 0.99,
        "ebit": 279.522,
        "grossIncome": 832.736,
        "interestExpense": 81.49,
        "interestIncomeExpense": -49.788,
        "netIncome": 214.726,
        "netIncomeAfterTaxes": 214.726,
        "period": "2017-03-31",
        "pretaxIncome": 214.726,
        "revenue": 2008.56,
        "sgaExpense": 317.465,
        "totalOperatingExpense": 553.214,
        "totalOtherIncomeExpenseNet": -15.008
      },
      {
        "costOfGoodsSold": 1123.251,
        "depreciationAmortization": 233.203,
        "dilutedAverageSharesOutstanding": 201.853,
        "dilutedEPS": 1.29,
        "ebit": 298.667,
        "grossIncome": 786.352,
        "interestExpense": 81.94,
        "interestIncomeExpense": 16.811,
        "netIncome": 261.086,
        "netIncomeAfterTaxes": 261.086,
        "nonRecurringItems": -1.825,
        "period": "2016-12-31",
        "pretaxIncome": 261.086,
        "revenue": 1909.603,
        "sgaExpense": 254.482,
        "totalOperatingExpense": 487.685,
        "totalOtherIncomeExpenseNet": -52.567
      },
      {
        "costOfGoodsSold": 1340.123,
        "depreciationAmortization": 229.328,
        "dilutedAverageSharesOutstanding": 215.667,
        "dilutedEPS": 3.21,
        "ebit": 736.86,
        "grossIncome": 1223.618,
        "interestExpense": 84.347,
        "interestIncomeExpense": -79.931,
        "netIncome": 693.257,
        "netIncomeAfterTaxes": 693.257,
        "nonRecurringItems": -1.897,
        "period": "2016-09-30",
        "pretaxIncome": 693.257,
        "revenue": 2563.741,
        "sgaExpense": 257.43,
        "totalOperatingExpense": 486.758,
        "totalOtherIncomeExpenseNet": 38.225
      },
      {
        "costOfGoodsSold": 1310.587,
        "depreciationAmortization": 221.62,
        "dilutedAverageSharesOutstanding": 216.131,
        "dilutedEPS": 1.06,
        "ebit": 286.698,
        "grossIncome": 794.675,
        "interestExpense": 84.001,
        "interestIncomeExpense": -99.722,
        "netIncome": 229.905,
        "netIncomeAfterTaxes": 229.905,
        "nonRecurringItems": -4.425,
        "period": "2016-06-30",
        "pretaxIncome": 229.905,
        "revenue": 2105.262,
        "sgaExpense": 286.357,
        "totalOperatingExpense": 507.977,
        "totalOtherIncomeExpenseNet": 47.354
      },
      {
        "costOfGoodsSold": 1241.578,
        "depreciationAmortization": 210.764,
        "dilutedAverageSharesOutstanding": 217.869,
        "dilutedEPS": 0.46,
        "ebit": 163.432,
        "grossIncome": 676.217,
        "interestExpense": 71.733,
        "interestIncomeExpense": -45.697,
        "netIncome": 99.14,
        "netIncomeAfterTaxes": 99.14,
        "nonRecurringItems": -0.305,
        "period": "2016-03-31",
        "pretaxIncome": 99.14,
        "revenue": 1917.795,
        "sgaExpense": 302.021,
        "totalOperatingExpense": 512.785,
        "totalOtherIncomeExpenseNet": -18.29
      },
      {
        "costOfGoodsSold": 1173.341,
        "depreciationAmortization": 209.33,
        "dilutedAverageSharesOutstanding": 219.819,
        "dilutedEPS": 0.94,
        "ebit": 249.918,
        "grossIncome": 728.712,
        "interestExpense": 70.731,
        "interestIncomeExpense": -63.784,
        "netIncome": 206.799,
        "netIncomeAfterTaxes": 206.799,
        "nonRecurringItems": 0,
        "period": "2015-12-31",
        "pretaxIncome": 206.799,
        "revenue": 1902.053,
        "sgaExpense": 269.464,
        "totalOperatingExpense": 478.794,
        "totalOtherIncomeExpenseNet": 20.665
      },
      {
        "costOfGoodsSold": 1387.026,
        "depreciationAmortization": 210.742,
        "dilutedAverageSharesOutstanding": 221.137,
        "dilutedEPS": 1.03,
        "ebit": 669.272,
        "grossIncome": 1136.074,
        "interestExpense": 73.58,
        "interestIncomeExpense": -98.746,
        "netIncome": 228.787,
        "netIncomeAfterTaxes": 228.787,
        "nonRecurringItems": -411.267,
        "period": "2015-09-30",
        "pretaxIncome": 228.787,
        "revenue": 2523.1,
        "sgaExpense": 256.06,
        "totalOperatingExpense": 466.802,
        "totalOtherIncomeExpenseNet": 69.528
      }
    ],
    "symbol": "RCL"
  }
}