{
  "symbol": "NVR",
  "statement": "ic",
  "frequency": "annual",
  "timestamp": "2025-09-19T14:04:54.453068",
  "data": {
    "financials": [
      {
        "costOfGoodsSold": 7850.549,
        "dilutedAverageSharesOutstanding": 3.319,
        "dilutedEPS": 506.7575,
        "ebit": 2143.289,
        "grossIncome": 2842.392,
        "interestExpense": 27.783,
        "interestIncomeExpense": -27.783,
        "netIncome": 1681.928,
        "netIncomeAfterTaxes": 1681.928,
        "period": "2024-12-31",
        "pretaxIncome": 2115.506,
        "provisionforIncomeTaxes": 433.578,
        "revenue": 10692.941,
        "sgaExpense": 699.103,
        "totalOperatingExpense": 699.103,
        "year": 2024
      },
      {
        "costOfGoodsSold": 7051.198,
        "dilutedAverageSharesOutstanding": 3.435,
        "dilutedEPS": 463.3511,
        "ebit": 1956.113,
        "grossIncome": 2636.15,
        "interestExpense": 27.74,
        "interestIncomeExpense": -27.74,
        "netIncome": 1591.611,
        "netIncomeAfterTaxes": 1591.611,
        "period": "2023-12-31",
        "pretaxIncome": 1928.373,
        "provisionforIncomeTaxes": 336.762,
        "revenue": 9687.348,
        "sgaExpense": 680.037,
        "totalOperatingExpense": 680.037,
        "year": 2023
      },
      {
        "costOfGoodsSold": 7662,
        "dilutedAverageSharesOutstanding": 4,
        "dilutedEPS": 431.5,
        "ebit": 2293,
        "grossIncome": 2918,
        "interestExpense": 39.524,
        "interestIncomeExpense": -40,
        "netIncome": 1726,
        "netIncomeAfterTaxes": 1726,
        "period": "2022-12-31",
        "pretaxIncome": 2253,
        "provisionforIncomeTaxes": 528,
        "revenue": 10580,
        "sgaExpense": 625,
        "totalOperatingExpense": 626,
        "year": 2022
      },
      {
        "costOfGoodsSold": 6763,
        "dilutedAverageSharesOutstanding": 4,
        "dilutedEPS": 309.25,
        "ebit": 1644,
        "grossIncome": 2207,
        "interestExpense": 53.117,
        "interestIncomeExpense": -53,
        "netIncome": 1237,
        "netIncomeAfterTaxes": 1237,
        "period": "2021-12-31",
        "pretaxIncome": 1590,
        "provisionforIncomeTaxes": 354,
        "revenue": 8970,
        "sgaExpense": 563,
        "totalOperatingExpense": 564,
        "year": 2021
      },
      {
        "costOfGoodsSold": 5937,
        "dilutedAverageSharesOutstanding": 4,
        "dilutedEPS": 225.25,
        "ebit": 1119,
        "grossIncome": 1629,
        "interestExpense": 40.872,
        "interestIncomeExpense": -41,
        "netIncome": 901,
        "netIncomeAfterTaxes": 901,
        "period": "2020-12-31",
        "pretaxIncome": 1078,
        "provisionforIncomeTaxes": 177,
        "revenue": 7566,
        "sgaExpense": 510,
        "totalOperatingExpense": 510,
        "year": 2020
      },
      {
        "costOfGoodsSold": 5850,
        "dilutedAverageSharesOutstanding": 4,
        "dilutedEPS": 219.75,
        "ebit": 1051,
        "grossIncome": 1579,
        "interestExpense": 25.38,
        "interestIncomeExpense": -25,
        "netIncome": 879,
        "netIncomeAfterTaxes": 879,
        "period": "2019-12-31",
        "pretaxIncome": 1026,
        "provisionforIncomeTaxes": 147,
        "revenue": 7428,
        "sgaExpense": 527,
        "totalOperatingExpense": 527,
        "year": 2019
      },
      {
        "costOfGoodsSold": 5692,
        "dilutedAverageSharesOutstanding": 4,
        "dilutedEPS": 199.25,
        "ebit": 985,
        "grossIncome": 1498,
        "interestExpense": 25.081,
        "interestIncomeExpense": -25,
        "netIncome": 797,
        "netIncomeAfterTaxes": 797,
        "period": "2018-12-31",
        "pretaxIncome": 960,
        "provisionforIncomeTaxes": 163,
        "revenue": 7190,
        "sgaExpense": 513,
        "totalOperatingExpense": 513,
        "year": 2018
      },
      {
        "costOfGoodsSold": 4990,
        "dilutedAverageSharesOutstanding": 4,
        "dilutedEPS": 134.5,
        "ebit": 871,
        "grossIncome": 1332,
        "interestExpense": 24.185,
        "interestIncomeExpense": -24,
        "netIncome": 538,
        "netIncomeAfterTaxes": 600,
        "period": "2017-12-31",
        "pretaxIncome": 847,
        "provisionforIncomeTaxes": 247,
        "revenue": 6322,
        "sgaExpense": 461,
        "totalOperatingExpense": 461,
        "year": 2017
      },
      {
        "costOfGoodsSold": 4708,
        "dilutedAverageSharesOutstanding": 4,
        "dilutedEPS": 106.25,
        "ebit": 683,
        "grossIncome": 1127,
        "interestExpense": 21.707,
        "interestIncomeExpense": -22,
        "netIncome": 425,
        "netIncomeAfterTaxes": 425,
        "period": "2016-12-31",
        "pretaxIncome": 662,
        "provisionforIncomeTaxes": 236,
        "revenue": 5835,
        "sgaExpense": 443,
        "totalOperatingExpense": 443,
        "year": 2016
      },
      {
        "costOfGoodsSold": 4119,
        "dilutedAverageSharesOutstanding": 4,
        "dilutedEPS": 95.75,
        "ebit": 627,
        "grossIncome": 1051,
        "interestExpense": 23.559,
        "interestIncomeExpense": -24,
        "netIncome": 383,
        "netIncomeAfterTaxes": 383,
        "period": "2015-12-31",
        "pretaxIncome": 603,
        "provisionforIncomeTaxes": 220,
        "revenue": 5170,
        "sgaExpense": 424,
        "totalOperatingExpense": 424,
        "year": 2015
      }
    ],
    "symbol": "NVR"
  }
}