{
  "symbol": "PAYX",
  "statement": "ic",
  "frequency": "quarterly",
  "timestamp": "2025-09-19T14:05:19.973839",
  "data": {
    "financials": [
      {
        "costOfGoodsSold": 131.3,
        "depreciationAmortization": 85.7,
        "dilutedAverageSharesOutstanding": 362.3,
        "dilutedEPS": 0.8203,
        "ebit": 536,
        "grossIncome": 1296,
        "interestExpense": 29.7,
        "interestIncomeExpense": -9.2,
        "netIncome": 297.2,
        "netIncomeAfterTaxes": 297.2,
        "nonRecurringItems": -138.9,
        "otherOperatingExpensesTotal": 182.7,
        "period": "2025-05-31",
        "pretaxIncome": 389.3,
        "provisionforIncomeTaxes": 92.1,
        "revenue": 1427.3,
        "sgaExpense": 491.6,
        "totalOperatingExpense": 760,
        "totalOtherIncomeExpenseNet": 1.4
      },
      {
        "costOfGoodsSold": 127.7,
        "depreciationAmortization": 43.1,
        "dilutedAverageSharesOutstanding": 362,
        "dilutedEPS": 1.43,
        "ebit": 708.5,
        "grossIncome": 1381.3,
        "interestExpense": 22.6,
        "interestIncomeExpense": -6,
        "netIncome": 519.3,
        "netIncomeAfterTaxes": 519.3,
        "nonRecurringItems": -16.7,
        "otherOperatingExpensesTotal": 174,
        "period": "2025-02-28",
        "pretaxIncome": 685.8,
        "provisionforIncomeTaxes": 166.5,
        "revenue": 1509,
        "sgaExpense": 455.7,
        "totalOperatingExpense": 672.8
      },
      {
        "costOfGoodsSold": 130.8,
        "depreciationAmortization": 41.7,
        "dilutedAverageSharesOutstanding": 361.7,
        "dilutedEPS": 1.14,
        "ebit": 538.1,
        "grossIncome": 1186.1,
        "interestExpense": 9.5,
        "interestIncomeExpense": 6.3,
        "netIncome": 413.4,
        "netIncomeAfterTaxes": 413.4,
        "otherOperatingExpensesTotal": 151.9,
        "period": "2024-11-30",
        "pretaxIncome": 543.7,
        "provisionforIncomeTaxes": 130.3,
        "revenue": 1316.9,
        "sgaExpense": 454.4,
        "totalOperatingExpense": 648,
        "totalOtherIncomeExpenseNet": -0.7
      },
      {
        "costOfGoodsSold": 130.3,
        "depreciationAmortization": 39,
        "dilutedAverageSharesOutstanding": 361.9,
        "dilutedEPS": 1.18,
        "ebit": 546.7,
        "grossIncome": 1188.2,
        "interestExpense": 9.6,
        "interestIncomeExpense": 10.3,
        "netIncome": 427.4,
        "netIncomeAfterTaxes": 427.4,
        "otherOperatingExpensesTotal": 151.2,
        "period": "2024-08-31",
        "pretaxIncome": 557.1,
        "provisionforIncomeTaxes": 129.7,
        "revenue": 1318.5,
        "sgaExpense": 451.3,
        "totalOperatingExpense": 641.5,
        "totalOtherIncomeExpenseNet": 0.1
      },
      {
        "costOfGoodsSold": 129.8,
        "depreciationAmortization": 45.6,
        "dilutedAverageSharesOutstanding": 361.8,
        "dilutedEPS": 1.05,
        "ebit": 521.3,
        "grossIncome": 1165.3,
        "interestExpense": 9.5,
        "interestIncomeExpense": 9.5,
        "netIncome": 379.9,
        "netIncomeAfterTaxes": 379.9,
        "nonRecurringItems": -39.5,
        "otherOperatingExpensesTotal": 157.5,
        "period": "2024-05-31",
        "pretaxIncome": 491.8,
        "provisionforIncomeTaxes": 111.9,
        "revenue": 1295.1,
        "sgaExpense": 440.9,
        "totalOperatingExpense": 644,
        "totalOtherIncomeExpenseNet": 0.5
      },
      {
        "costOfGoodsSold": 119.8,
        "depreciationAmortization": 44.8,
        "dilutedAverageSharesOutstanding": 361.7,
        "dilutedEPS": 1.38,
        "ebit": 649.8,
        "grossIncome": 1319.5,
        "interestExpense": 9.9,
        "interestIncomeExpense": 9.4,
        "netIncome": 498.6,
        "netIncomeAfterTaxes": 498.6,
        "otherOperatingExpensesTotal": 163.3,
        "period": "2024-02-29",
        "pretaxIncome": 659.2,
        "provisionforIncomeTaxes": 160.6,
        "revenue": 1439.3,
        "sgaExpense": 461.6,
        "totalOperatingExpense": 669.7
      },
      {
        "costOfGoodsSold": 111.5,
        "depreciationAmortization": 44.9,
        "dilutedAverageSharesOutstanding": 362.1,
        "dilutedEPS": 1.08,
        "ebit": 506.2,
        "grossIncome": 1146.4,
        "interestExpense": 8.5,
        "interestIncomeExpense": 11.8,
        "netIncome": 392.7,
        "netIncomeAfterTaxes": 392.7,
        "otherOperatingExpensesTotal": 142.7,
        "period": "2023-11-30",
        "pretaxIncome": 517.9,
        "provisionforIncomeTaxes": 125.2,
        "revenue": 1257.9,
        "sgaExpense": 452.6,
        "totalOperatingExpense": 640.2,
        "totalOtherIncomeExpenseNet": -0.1
      },
      {
        "costOfGoodsSold": 110.2,
        "depreciationAmortization": 41.2,
        "dilutedAverageSharesOutstanding": 362.8,
        "dilutedEPS": 1.16,
        "ebit": 536.3,
        "grossIncome": 1175.8,
        "interestExpense": 9.4,
        "interestIncomeExpense": 12.1,
        "netIncome": 419.2,
        "netIncomeAfterTaxes": 419.2,
        "otherOperatingExpensesTotal": 143,
        "period": "2023-08-31",
        "pretaxIncome": 549.1,
        "provisionforIncomeTaxes": 129.9,
        "revenue": 1286,
        "sgaExpense": 455.3,
        "totalOperatingExpense": 639.5,
        "totalOtherIncomeExpenseNet": 0.7
      },
      {
        "costOfGoodsSold": 104.2,
        "depreciationAmortization": 44.1,
        "dilutedAverageSharesOutstanding": 362.3,
        "dilutedEPS": 0.97,
        "ebit": 453.3,
        "grossIncome": 1125.4,
        "interestExpense": 9.4,
        "interestIncomeExpense": -0.5,
        "netIncome": 350.4,
        "netIncomeAfterTaxes": 350.4,
        "otherOperatingExpensesTotal": 168.5,
        "period": "2023-05-31",
        "pretaxIncome": 463.6,
        "provisionforIncomeTaxes": 113.2,
        "revenue": 1229.6,
        "sgaExpense": 459.5,
        "totalOperatingExpense": 672.1,
        "totalOtherIncomeExpenseNet": 10.8
      },
      {
        "costOfGoodsSold": 105.2,
        "depreciationAmortization": 44.2,
        "dilutedAverageSharesOutstanding": 362.3,
        "dilutedEPS": 1.29,
        "ebit": 611.9,
        "grossIncome": 1275.8,
        "interestExpense": 9,
        "interestIncomeExpense": 5.8,
        "netIncome": 467.4,
        "netIncomeAfterTaxes": 467.4,
        "otherOperatingExpensesTotal": 166,
        "period": "2023-02-28",
        "pretaxIncome": 617.4,
        "provisionforIncomeTaxes": 150,
        "revenue": 1381,
        "sgaExpense": 453.7,
        "totalOperatingExpense": 663.9,
        "totalOtherIncomeExpenseNet": -0.3
      },
      {
        "costOfGoodsSold": 102.9,
        "depreciationAmortization": 44.3,
        "dilutedAverageSharesOutstanding": 362.3,
        "dilutedEPS": 0.99,
        "ebit": 472.3,
        "grossIncome": 1087.4,
        "interestExpense": 9.2,
        "interestIncomeExpense": 0.9,
        "netIncome": 360.3,
        "netIncomeAfterTaxes": 360.3,
        "otherOperatingExpensesTotal": 128,
        "period": "2022-11-30",
        "pretaxIncome": 475.2,
        "provisionforIncomeTaxes": 114.9,
        "revenue": 1190.3,
        "sgaExpense": 442.8,
        "totalOperatingExpense": 615.1,
        "totalOtherIncomeExpenseNet": 2
      },
      {
        "costOfGoodsSold": 104.5,
        "depreciationAmortization": 44,
        "dilutedAverageSharesOutstanding": 362.4,
        "dilutedEPS": 1.05,
        "ebit": 495.6,
        "grossIncome": 1101.7,
        "interestExpense": 9.1,
        "interestIncomeExpense": -3.6,
        "netIncome": 379.2,
        "netIncomeAfterTaxes": 379.2,
        "otherOperatingExpensesTotal": 135.5,
        "period": "2022-08-31",
        "pretaxIncome": 492,
        "provisionforIncomeTaxes": 112.8,
        "revenue": 1206.2,
        "sgaExpense": 426.6,
        "totalOperatingExpense": 606.1
      },
      {
        "costOfGoodsSold": 103.9,
        "depreciationAmortization": 49.1,
        "dilutedAverageSharesOutstanding": 363.1,
        "dilutedEPS": 0.82,
        "ebit": 394,
        "grossIncome": 1040.4,
        "interestExpense": 9.1,
        "interestIncomeExpense": -7.2,
        "netIncome": 296.4,
        "netIncomeAfterTaxes": 296.4,
        "nonRecurringItems": 0,
        "otherOperatingExpensesTotal": 157.1,
        "period": "2022-05-31",
        "pretaxIncome": 388.8,
        "provisionforIncomeTaxes": 92.4,
        "revenue": 1144.3,
        "sgaExpense": 440.2,
        "totalOperatingExpense": 646.4,
        "totalOtherIncomeExpenseNet": 2
      },
      {
        "costOfGoodsSold": 105.1,
        "depreciationAmortization": 48.4,
        "dilutedAverageSharesOutstanding": 363.4,
        "dilutedEPS": 1.19,
        "ebit": 562.8,
        "grossIncome": 1170.9,
        "interestExpense": 9,
        "interestIncomeExpense": -8.5,
        "netIncome": 430.7,
        "netIncomeAfterTaxes": 430.7,
        "nonRecurringItems": 0,
        "otherOperatingExpensesTotal": 144.8,
        "period": "2022-02-28",
        "pretaxIncome": 554.3,
        "provisionforIncomeTaxes": 123.6,
        "revenue": 1276,
        "sgaExpense": 414.9,
        "totalOperatingExpense": 608.1
      },
      {
        "costOfGoodsSold": 100.2,
        "depreciationAmortization": 48.6,
        "dilutedAverageSharesOutstanding": 363.1,
        "dilutedEPS": 0.91,
        "ebit": 440.3,
        "grossIncome": 1008.3,
        "interestExpense": 9.3,
        "interestIncomeExpense": -8.9,
        "netIncome": 332.1,
        "netIncomeAfterTaxes": 332.1,
        "nonRecurringItems": 0,
        "otherOperatingExpensesTotal": 125.2,
        "period": "2021-11-30",
        "pretaxIncome": 437.6,
        "provisionforIncomeTaxes": 105.5,
        "revenue": 1108.5,
        "sgaExpense": 394.2,
        "totalOperatingExpense": 568,
        "totalOtherIncomeExpenseNet": 6.2
      },
      {
        "costOfGoodsSold": 96,
        "depreciationAmortization": 45.7,
        "dilutedAverageSharesOutstanding": 362.8,
        "dilutedEPS": 0.92,
        "ebit": 442.9,
        "grossIncome": 986.9,
        "interestExpense": 9.2,
        "interestIncomeExpense": -8.9,
        "netIncome": 333.6,
        "netIncomeAfterTaxes": 333.6,
        "nonRecurringItems": 0,
        "otherOperatingExpensesTotal": 115.4,
        "period": "2021-08-31",
        "pretaxIncome": 443.9,
        "provisionforIncomeTaxes": 110.3,
        "revenue": 1082.9,
        "sgaExpense": 382.9,
        "totalOperatingExpense": 544,
        "totalOtherIncomeExpenseNet": 9.9
      },
      {
        "costOfGoodsSold": 92.7,
        "depreciationAmortization": 47.4,
        "dilutedAverageSharesOutstanding": 362.4,
        "dilutedEPS": 0.73,
        "ebit": 353.8,
        "grossIncome": 936.5,
        "interestExpense": 9,
        "interestIncomeExpense": -7.9,
        "netIncome": 263,
        "netIncomeAfterTaxes": 263,
        "nonRecurringItems": 0,
        "otherOperatingExpensesTotal": 141.1,
        "period": "2021-05-31",
        "pretaxIncome": 345.9,
        "provisionforIncomeTaxes": 82.9,
        "revenue": 1029.2,
        "sgaExpense": 394.2,
        "totalOperatingExpense": 582.7
      },
      {
        "costOfGoodsSold": 86.5,
        "depreciationAmortization": 46.4,
        "dilutedAverageSharesOutstanding": 362.8,
        "dilutedEPS": 0.97,
        "ebit": 468.6,
        "grossIncome": 1025.2,
        "interestExpense": 8.8,
        "interestIncomeExpense": -8.2,
        "netIncome": 350.5,
        "netIncomeAfterTaxes": 350.5,
        "nonRecurringItems": 0,
        "otherOperatingExpensesTotal": 135.8,
        "period": "2021-02-28",
        "pretaxIncome": 462.6,
        "provisionforIncomeTaxes": 112.1,
        "revenue": 1111.7,
        "sgaExpense": 374.4,
        "totalOperatingExpense": 556.6,
        "totalOtherIncomeExpenseNet": 2.2
      },
      {
        "costOfGoodsSold": 88.4,
        "depreciationAmortization": 48.6,
        "dilutedAverageSharesOutstanding": 362,
        "dilutedEPS": 0.75,
        "ebit": 355.3,
        "grossIncome": 895.3,
        "interestExpense": 9,
        "interestIncomeExpense": -8.1,
        "netIncome": 272.4,
        "netIncomeAfterTaxes": 272.4,
        "nonRecurringItems": -1,
        "otherOperatingExpensesTotal": 108.8,
        "period": "2020-11-30",
        "pretaxIncome": 349.6,
        "provisionforIncomeTaxes": 77.2,
        "revenue": 983.7,
        "sgaExpense": 382.6,
        "totalOperatingExpense": 540,
        "totalOtherIncomeExpenseNet": 3.4
      },
      {
        "costOfGoodsSold": 84.5,
        "depreciationAmortization": 49.6,
        "dilutedAverageSharesOutstanding": 361.3,
        "dilutedEPS": 0.59,
        "ebit": 315.2,
        "grossIncome": 847.7,
        "interestExpense": 9,
        "interestIncomeExpense": -8.1,
        "netIncome": 211.6,
        "netIncomeAfterTaxes": 211.6,
        "nonRecurringItems": -31.2,
        "otherOperatingExpensesTotal": 112.3,
        "period": "2020-08-31",
        "pretaxIncome": 276.1,
        "provisionforIncomeTaxes": 64.5,
        "revenue": 932.2,
        "sgaExpense": 370.6,
        "totalOperatingExpense": 532.5,
        "totalOtherIncomeExpenseNet": 0.2
      },
      {
        "costOfGoodsSold": 70.8,
        "depreciationAmortization": 51.7,
        "dilutedAverageSharesOutstanding": 360.7,
        "dilutedEPS": 0.61,
        "ebit": 299.6,
        "grossIncome": 844.3,
        "interestExpense": 9.1,
        "interestIncomeExpense": 1.2,
        "netIncome": 220.7,
        "netIncomeAfterTaxes": 220.7,
        "otherOperatingExpensesTotal": 129.9,
        "period": "2020-05-31",
        "pretaxIncome": 291.6,
        "provisionforIncomeTaxes": 70.9,
        "revenue": 915.1,
        "sgaExpense": 363.1,
        "totalOperatingExpense": 544.7,
        "totalOtherIncomeExpenseNet": -9.2
      },
      {
        "costOfGoodsSold": 90.2,
        "depreciationAmortization": 50.1,
        "dilutedAverageSharesOutstanding": 361,
        "dilutedEPS": 0.98,
        "ebit": 470.1,
        "grossIncome": 1052.5,
        "interestExpense": 9.3,
        "interestIncomeExpense": -5.6,
        "netIncome": 354.5,
        "netIncomeAfterTaxes": 354.5,
        "otherOperatingExpensesTotal": 151,
        "period": "2020-02-29",
        "pretaxIncome": 464.2,
        "provisionforIncomeTaxes": 109.7,
        "revenue": 1142.7,
        "sgaExpense": 381.3,
        "totalOperatingExpense": 582.4,
        "totalOtherIncomeExpenseNet": -0.3
      },
      {
        "costOfGoodsSold": 83.7,
        "depreciationAmortization": 55,
        "dilutedAverageSharesOutstanding": 360.6,
        "dilutedEPS": 0.72,
        "ebit": 341.7,
        "grossIncome": 907,
        "interestExpense": 10.1,
        "interestIncomeExpense": -5.9,
        "netIncome": 258.7,
        "netIncomeAfterTaxes": 258.7,
        "otherOperatingExpensesTotal": 137.3,
        "period": "2019-11-30",
        "pretaxIncome": 337,
        "provisionforIncomeTaxes": 78.3,
        "revenue": 990.7,
        "sgaExpense": 373,
        "totalOperatingExpense": 565.3,
        "totalOtherIncomeExpenseNet": 1.2
      },
      {
        "costOfGoodsSold": 90,
        "depreciationAmortization": 52.9,
        "dilutedAverageSharesOutstanding": 361.5,
        "dilutedEPS": 0.73,
        "ebit": 349.1,
        "grossIncome": 902,
        "interestExpense": 10.3,
        "interestIncomeExpense": -4.9,
        "netIncome": 264.2,
        "netIncomeAfterTaxes": 264.2,
        "otherOperatingExpensesTotal": 136.6,
        "period": "2019-08-31",
        "pretaxIncome": 344.3,
        "provisionforIncomeTaxes": 80.1,
        "revenue": 992,
        "sgaExpense": 363.4,
        "totalOperatingExpense": 552.9,
        "totalOtherIncomeExpenseNet": 0.1
      },
      {
        "costOfGoodsSold": 78.7,
        "depreciationAmortization": 55.8,
        "dilutedAverageSharesOutstanding": 362.4,
        "dilutedEPS": 0.64,
        "ebit": 314.5,
        "grossIncome": 901.7,
        "interestExpense": 9.2,
        "interestIncomeExpense": -4,
        "netIncome": 230.4,
        "netIncomeAfterTaxes": 230.4,
        "otherOperatingExpensesTotal": 158.4,
        "period": "2019-05-31",
        "pretaxIncome": 310.5,
        "provisionforIncomeTaxes": 80.1,
        "revenue": 980.4,
        "sgaExpense": 373,
        "totalOperatingExpense": 587.2
      },
      {
        "costOfGoodsSold": 82.3,
        "depreciationAmortization": 53,
        "dilutedAverageSharesOutstanding": 361.6,
        "dilutedEPS": 0.9,
        "ebit": 429.3,
        "grossIncome": 988.1,
        "interestExpense": 6.7,
        "interestIncomeExpense": -3.7,
        "netIncome": 324.6,
        "netIncomeAfterTaxes": 324.6,
        "otherOperatingExpensesTotal": 142.7,
        "period": "2019-02-28",
        "pretaxIncome": 425.6,
        "provisionforIncomeTaxes": 101,
        "revenue": 1070.4,
        "sgaExpense": 363.1,
        "totalOperatingExpense": 558.8
      },
      {
        "costOfGoodsSold": 62,
        "depreciationAmortization": 36.8,
        "dilutedAverageSharesOutstanding": 361.5,
        "dilutedEPS": 0.65,
        "ebit": 307.2,
        "grossIncome": 796.9,
        "interestExpense": 0.8,
        "interestIncomeExpense": 2.1,
        "netIncome": 235.8,
        "netIncomeAfterTaxes": 235.8,
        "otherOperatingExpensesTotal": 119.9,
        "period": "2018-11-30",
        "pretaxIncome": 309.3,
        "provisionforIncomeTaxes": 73.5,
        "revenue": 858.9,
        "sgaExpense": 333,
        "totalOperatingExpense": 489.7
      },
      {
        "costOfGoodsSold": 63.7,
        "depreciationAmortization": 35.9,
        "dilutedAverageSharesOutstanding": 361.5,
        "dilutedEPS": 0.68,
        "ebit": 320.3,
        "grossIncome": 799.1,
        "interestExpense": 0.9,
        "interestIncomeExpense": 2.3,
        "netIncome": 243.6,
        "netIncomeAfterTaxes": 245.3,
        "otherOperatingExpensesTotal": 115.2,
        "period": "2018-08-31",
        "pretaxIncome": 322.6,
        "provisionforIncomeTaxes": 77.3,
        "revenue": 862.8,
        "sgaExpense": 327.7,
        "totalOperatingExpense": 478.8
      },
      {
        "costOfGoodsSold": 58.1,
        "depreciationAmortization": 35.7,
        "dilutedAverageSharesOutstanding": 361.2,
        "dilutedEPS": 0.59,
        "ebit": 302.1,
        "grossIncome": 787.6,
        "interestExpense": 0.7,
        "interestIncomeExpense": 2.5,
        "netIncome": 217.7,
        "netIncomeAfterTaxes": 212.9,
        "otherOperatingExpensesTotal": 132.7,
        "period": "2018-05-31",
        "pretaxIncome": 304.6,
        "provisionforIncomeTaxes": 91.7,
        "revenue": 845.7,
        "sgaExpense": 317.1,
        "totalOperatingExpense": 485.5
      },
      {
        "costOfGoodsSold": 55.8,
        "depreciationAmortization": 36.6,
        "dilutedAverageSharesOutstanding": 362,
        "dilutedEPS": 1.01,
        "ebit": 369,
        "grossIncome": 880.3,
        "interestExpense": 1.1,
        "interestIncomeExpense": 2.3,
        "netIncome": 367.2,
        "netIncomeAfterTaxes": 288.5,
        "otherOperatingExpensesTotal": 154.1,
        "period": "2018-02-28",
        "pretaxIncome": 371.3,
        "provisionforIncomeTaxes": 82.8,
        "revenue": 936.1,
        "sgaExpense": 320.6,
        "totalOperatingExpense": 511.3
      },
      {
        "costOfGoodsSold": 53.9,
        "depreciationAmortization": 33.7,
        "dilutedAverageSharesOutstanding": 361.4,
        "dilutedEPS": 0.55,
        "ebit": 303.1,
        "grossIncome": 749.1,
        "interestExpense": 1.3,
        "interestIncomeExpense": 1.7,
        "netIncome": 198.8,
        "netIncomeAfterTaxes": 198.8,
        "otherOperatingExpensesTotal": 109,
        "period": "2017-11-30",
        "pretaxIncome": 304.8,
        "provisionforIncomeTaxes": 106,
        "revenue": 803,
        "sgaExpense": 303.3,
        "totalOperatingExpense": 446
      },
      {
        "costOfGoodsSold": 37.4,
        "depreciationAmortization": 32,
        "dilutedAverageSharesOutstanding": 358.9,
        "dilutedEPS": 0.59,
        "ebit": 317.3,
        "grossIncome": 755.5,
        "interestExpense": 0.8,
        "interestIncomeExpense": 2.1,
        "netIncome": 210.4,
        "netIncomeAfterTaxes": 210.4,
        "otherOperatingExpensesTotal": 111.9,
        "period": "2017-08-31",
        "pretaxIncome": 319.4,
        "provisionforIncomeTaxes": 109,
        "revenue": 792.9,
        "sgaExpense": 294.3,
        "totalOperatingExpense": 438.2
      },
      {
        "costOfGoodsSold": 37.1,
        "depreciationAmortization": 36.2,
        "dilutedAverageSharesOutstanding": 362,
        "dilutedEPS": 0.54,
        "ebit": 298.9,
        "grossIncome": 761.5,
        "interestExpense": 0.6,
        "interestIncomeExpense": 1.6,
        "netIncome": 195.3,
        "netIncomeAfterTaxes": 195.3,
        "otherOperatingExpensesTotal": 120.4,
        "period": "2017-05-31",
        "pretaxIncome": 300.5,
        "provisionforIncomeTaxes": 105.2,
        "revenue": 798.6,
        "sgaExpense": 306,
        "totalOperatingExpense": 462.6
      },
      {
        "costOfGoodsSold": 36.3,
        "depreciationAmortization": 31,
        "dilutedAverageSharesOutstanding": 361.8,
        "dilutedEPS": 0.56,
        "ebit": 306.6,
        "grossIncome": 759.5,
        "interestExpense": 0.6,
        "interestIncomeExpense": 1.2,
        "netIncome": 202.5,
        "netIncomeAfterTaxes": 202.5,
        "otherOperatingExpensesTotal": 116.8,
        "period": "2017-02-28",
        "pretaxIncome": 307.8,
        "provisionforIncomeTaxes": 105.3,
        "revenue": 795.8,
        "sgaExpense": 305.1,
        "totalOperatingExpense": 452.9
      },
      {
        "costOfGoodsSold": 34.4,
        "depreciationAmortization": 30,
        "dilutedAverageSharesOutstanding": 362.6,
        "dilutedEPS": 0.56,
        "ebit": 311.1,
        "grossIncome": 737,
        "interestExpense": 0.6,
        "interestIncomeExpense": 0.9,
        "netIncome": 202.1,
        "netIncomeAfterTaxes": 202.1,
        "otherOperatingExpensesTotal": 109.3,
        "period": "2016-11-30",
        "pretaxIncome": 312,
        "provisionforIncomeTaxes": 109.9,
        "revenue": 771.4,
        "sgaExpense": 286.6,
        "totalOperatingExpense": 425.9
      },
      {
        "costOfGoodsSold": 34.4,
        "depreciationAmortization": 29.7,
        "dilutedAverageSharesOutstanding": 364.1,
        "dilutedEPS": 0.6,
        "ebit": 323,
        "grossIncome": 751.1,
        "interestExpense": 0.7,
        "interestIncomeExpense": 1.5,
        "netIncome": 217.4,
        "netIncomeAfterTaxes": 217.4,
        "otherOperatingExpensesTotal": 107.6,
        "period": "2016-08-31",
        "pretaxIncome": 324.5,
        "provisionforIncomeTaxes": 107.1,
        "revenue": 785.5,
        "sgaExpense": 290.8,
        "totalOperatingExpense": 428.1
      },
      {
        "depreciationAmortization": 30,
        "dilutedAverageSharesOutstanding": 362.8,
        "dilutedEPS": 0.49,
        "ebit": 276.3,
        "interestExpense": 0.4,
        "interestIncomeExpense": -0.2,
        "netIncome": 178.1,
        "netIncomeAfterTaxes": 178.1,
        "otherOperatingExpensesTotal": 144.2,
        "period": "2016-05-31",
        "pretaxIncome": 276.1,
        "provisionforIncomeTaxes": 98,
        "revenue": 753.9,
        "sgaExpense": 303.4,
        "totalOperatingExpense": 477.6
      },
      {
        "depreciationAmortization": 30.4,
        "dilutedAverageSharesOutstanding": 362.2,
        "dilutedEPS": 0.5,
        "ebit": 280,
        "interestExpense": 0.2,
        "interestIncomeExpense": 1.7,
        "netIncome": 180.4,
        "netIncomeAfterTaxes": 180.4,
        "otherOperatingExpensesTotal": 142.6,
        "period": "2016-02-29",
        "pretaxIncome": 281.7,
        "provisionforIncomeTaxes": 101.3,
        "revenue": 752.6,
        "sgaExpense": 299.6,
        "totalOperatingExpense": 472.6
      },
      {
        "depreciationAmortization": 27.7,
        "dilutedAverageSharesOutstanding": 362.3,
        "dilutedEPS": 0.52,
        "ebit": 294.2,
        "interestExpense": 0.3,
        "interestIncomeExpense": 1.6,
        "netIncome": 189.2,
        "netIncomeAfterTaxes": 189.2,
        "otherOperatingExpensesTotal": 126.5,
        "period": "2015-11-30",
        "pretaxIncome": 295.8,
        "provisionforIncomeTaxes": 106.6,
        "revenue": 722.4,
        "sgaExpense": 274,
        "totalOperatingExpense": 428.2
      },
      {
        "depreciationAmortization": 27,
        "dilutedAverageSharesOutstanding": 362.8,
        "dilutedEPS": 0.58,
        "ebit": 296.1,
        "interestExpense": 0.2,
        "interestIncomeExpense": 1.4,
        "netIncome": 209.1,
        "netIncomeAfterTaxes": 209.1,
        "otherOperatingExpensesTotal": 125.3,
        "period": "2015-08-31",
        "pretaxIncome": 297.5,
        "provisionforIncomeTaxes": 88.4,
        "revenue": 723,
        "sgaExpense": 274.6,
        "totalOperatingExpense": 426.9
      }
    ],
    "symbol": "PAYX"
  }
}