{
  "symbol": "NSC",
  "statement": "ic",
  "frequency": "quarterly",
  "timestamp": "2025-09-19T14:04:43.970634",
  "data": {
    "financials": [
      {
        "costOfGoodsSold": 1515,
        "depreciationAmortization": 346,
        "dilutedAverageSharesOutstanding": 225.2,
        "dilutedEPS": 3.4059,
        "ebit": 1138,
        "grossIncome": 1595,
        "interestExpense": 201,
        "interestIncomeExpense": -201,
        "netIncome": 767,
        "netIncomeAfterTaxes": 768,
        "nonRecurringItems": 37,
        "period": "2025-06-30",
        "pretaxIncome": 998,
        "provisionforIncomeTaxes": 230,
        "revenue": 3110,
        "sgaExpense": 111,
        "totalOperatingExpense": 457,
        "totalOtherIncomeExpenseNet": 24
      },
      {
        "costOfGoodsSold": 1589,
        "depreciationAmortization": 346,
        "dilutedAverageSharesOutstanding": 226.5,
        "dilutedEPS": 3.3068,
        "ebit": 961,
        "grossIncome": 1404,
        "interestExpense": 199,
        "interestIncomeExpense": -199,
        "netIncome": 749,
        "netIncomeAfterTaxes": 750,
        "nonRecurringItems": 185,
        "period": "2025-03-31",
        "pretaxIncome": 978,
        "provisionforIncomeTaxes": 228,
        "revenue": 2993,
        "sgaExpense": 97,
        "totalOperatingExpense": 443,
        "totalOtherIncomeExpenseNet": 31
      },
      {
        "costOfGoodsSold": 1471,
        "depreciationAmortization": 342,
        "dilutedAverageSharesOutstanding": 226.7,
        "dilutedEPS": 3.2289,
        "ebit": 1115,
        "grossIncome": 1553,
        "interestExpense": 199,
        "interestIncomeExpense": -182,
        "netIncome": 732,
        "netIncomeAfterTaxes": 733,
        "nonRecurringItems": 16,
        "period": "2024-12-31",
        "pretaxIncome": 928,
        "provisionforIncomeTaxes": 195,
        "revenue": 3024,
        "sgaExpense": 96,
        "totalOperatingExpense": 438,
        "totalOtherIncomeExpenseNet": -21
      },
      {
        "costOfGoodsSold": 1311,
        "depreciationAmortization": 339,
        "dilutedAverageSharesOutstanding": 226.5,
        "dilutedEPS": 4.8521,
        "ebit": 1497,
        "grossIncome": 1740,
        "interestExpense": 203,
        "interestIncomeExpense": -203,
        "netIncome": 1099,
        "netIncomeAfterTaxes": 1099,
        "nonRecurringItems": 99,
        "otherOperatingExpensesTotal": -188,
        "period": "2024-09-30",
        "pretaxIncome": 1427,
        "provisionforIncomeTaxes": 328,
        "revenue": 3051,
        "sgaExpense": 92,
        "totalOperatingExpense": 243,
        "totalOtherIncomeExpenseNet": 34
      },
      {
        "costOfGoodsSold": 1549,
        "depreciationAmortization": 335,
        "dilutedAverageSharesOutstanding": 226.4,
        "dilutedEPS": 3.2509,
        "ebit": 1063,
        "grossIncome": 1495,
        "interestExpense": 204,
        "interestIncomeExpense": -204,
        "netIncome": 736,
        "netIncomeAfterTaxes": 737,
        "nonRecurringItems": 68,
        "period": "2024-06-30",
        "pretaxIncome": 944,
        "provisionforIncomeTaxes": 207,
        "revenue": 3044,
        "sgaExpense": 97,
        "totalOperatingExpense": 432,
        "totalOtherIncomeExpenseNet": 17
      },
      {
        "costOfGoodsSold": 1655,
        "depreciationAmortization": 337,
        "dilutedAverageSharesOutstanding": 226.2,
        "dilutedEPS": 0.2299,
        "ebit": 904,
        "grossIncome": 1349,
        "interestExpense": 201,
        "interestIncomeExpense": -201,
        "netIncome": 52,
        "netIncomeAfterTaxes": 53,
        "nonRecurringItems": -691,
        "period": "2024-03-31",
        "pretaxIncome": 30,
        "provisionforIncomeTaxes": -23,
        "revenue": 3004,
        "sgaExpense": 108,
        "totalOperatingExpense": 445,
        "totalOtherIncomeExpenseNet": 18
      },
      {
        "costOfGoodsSold": 1685,
        "depreciationAmortization": 330,
        "dilutedAverageSharesOutstanding": 226.2,
        "dilutedEPS": 2.3254,
        "ebit": 958,
        "grossIncome": 1388,
        "interestExpense": 195,
        "interestIncomeExpense": -195,
        "netIncome": 526,
        "netIncomeAfterTaxes": 527,
        "nonRecurringItems": -150,
        "period": "2023-12-31",
        "pretaxIncome": 651,
        "provisionforIncomeTaxes": 124,
        "revenue": 3073,
        "sgaExpense": 100,
        "totalOperatingExpense": 430,
        "totalOtherIncomeExpenseNet": 38
      },
      {
        "costOfGoodsSold": 1635,
        "depreciationAmortization": 326,
        "dilutedAverageSharesOutstanding": 227,
        "dilutedEPS": 2.11,
        "ebit": 919,
        "grossIncome": 1336,
        "interestExpense": 182,
        "interestIncomeExpense": -182,
        "netIncome": 478,
        "netIncomeAfterTaxes": 478,
        "nonRecurringItems": -163,
        "period": "2023-09-30",
        "pretaxIncome": 614,
        "provisionforIncomeTaxes": 136,
        "revenue": 2971,
        "sgaExpense": 91,
        "totalOperatingExpense": 417,
        "totalOtherIncomeExpenseNet": 40
      },
      {
        "costOfGoodsSold": 1568,
        "depreciationAmortization": 321,
        "dilutedAverageSharesOutstanding": 228,
        "dilutedEPS": 1.56,
        "ebit": 992,
        "grossIncome": 1412,
        "interestExpense": 170,
        "interestIncomeExpense": -170,
        "netIncome": 356,
        "netIncomeAfterTaxes": 356,
        "nonRecurringItems": -416,
        "period": "2023-06-30",
        "pretaxIncome": 463,
        "provisionforIncomeTaxes": 107,
        "revenue": 2980,
        "sgaExpense": 99,
        "totalOperatingExpense": 420,
        "totalOtherIncomeExpenseNet": 57
      },
      {
        "costOfGoodsSold": 1616,
        "depreciationAmortization": 321,
        "dilutedAverageSharesOutstanding": 228.3,
        "dilutedEPS": 2.04,
        "ebit": 1098,
        "grossIncome": 1516,
        "interestExpense": 175,
        "interestIncomeExpense": -175,
        "netIncome": 465,
        "netIncomeAfterTaxes": 466,
        "nonRecurringItems": -387,
        "period": "2023-03-31",
        "pretaxIncome": 592,
        "provisionforIncomeTaxes": 126,
        "revenue": 3132,
        "sgaExpense": 97,
        "totalOperatingExpense": 418,
        "totalOtherIncomeExpenseNet": 56
      },
      {
        "costOfGoodsSold": 1659,
        "depreciationAmortization": 309,
        "dilutedAverageSharesOutstanding": 230.8,
        "dilutedEPS": 3.42,
        "ebit": 1181,
        "grossIncome": 1578,
        "interestExpense": 177,
        "interestIncomeExpense": -177,
        "netIncome": 789,
        "netIncomeAfterTaxes": 790,
        "period": "2022-12-31",
        "pretaxIncome": 1038,
        "provisionforIncomeTaxes": 248,
        "revenue": 3237,
        "sgaExpense": 88,
        "totalOperatingExpense": 397,
        "totalOtherIncomeExpenseNet": 34
      },
      {
        "costOfGoodsSold": 1678,
        "depreciationAmortization": 306,
        "dilutedAverageSharesOutstanding": 234,
        "dilutedEPS": 4.09,
        "ebit": 1272,
        "grossIncome": 1665,
        "interestExpense": 177,
        "interestIncomeExpense": -177,
        "netIncome": 958,
        "netIncomeAfterTaxes": 958,
        "period": "2022-09-30",
        "pretaxIncome": 1093,
        "provisionforIncomeTaxes": 135,
        "revenue": 3343,
        "sgaExpense": 87,
        "totalOperatingExpense": 393,
        "totalOtherIncomeExpenseNet": -2
      },
      {
        "costOfGoodsSold": 1581,
        "depreciationAmortization": 304,
        "dilutedAverageSharesOutstanding": 237.5,
        "dilutedEPS": 3.44,
        "ebit": 1271,
        "grossIncome": 1669,
        "interestExpense": 170,
        "interestIncomeExpense": -170,
        "netIncome": 818,
        "netIncomeAfterTaxes": 819,
        "period": "2022-06-30",
        "pretaxIncome": 1087,
        "provisionforIncomeTaxes": 268,
        "revenue": 3250,
        "sgaExpense": 94,
        "totalOperatingExpense": 398,
        "totalOtherIncomeExpenseNet": -14
      },
      {
        "costOfGoodsSold": 1440,
        "depreciationAmortization": 302,
        "dilutedAverageSharesOutstanding": 240.2,
        "dilutedEPS": 2.93,
        "ebit": 1085,
        "grossIncome": 1475,
        "interestExpense": 168,
        "interestIncomeExpense": -168,
        "netIncome": 703,
        "netIncomeAfterTaxes": 703,
        "period": "2022-03-31",
        "pretaxIncome": 912,
        "provisionforIncomeTaxes": 209,
        "revenue": 2915,
        "sgaExpense": 88,
        "totalOperatingExpense": 390,
        "totalOtherIncomeExpenseNet": -5
      },
      {
        "costOfGoodsSold": 1337,
        "depreciationAmortization": 298,
        "dilutedAverageSharesOutstanding": 243.3,
        "dilutedEPS": 3.12,
        "ebit": 1129,
        "grossIncome": 1515,
        "interestExpense": 165,
        "interestIncomeExpense": -165,
        "netIncome": 760,
        "netIncomeAfterTaxes": 760,
        "nonRecurringItems": 0,
        "period": "2021-12-31",
        "pretaxIncome": 985,
        "provisionforIncomeTaxes": 225,
        "revenue": 2852,
        "sgaExpense": 88,
        "totalOperatingExpense": 386,
        "totalOtherIncomeExpenseNet": 21
      },
      {
        "costOfGoodsSold": 1342,
        "depreciationAmortization": 297,
        "dilutedAverageSharesOutstanding": 246.4,
        "dilutedEPS": 3.06,
        "ebit": 1136,
        "grossIncome": 1510,
        "interestExpense": 164,
        "interestIncomeExpense": -164,
        "netIncome": 752,
        "netIncomeAfterTaxes": 753,
        "nonRecurringItems": 0,
        "period": "2021-09-30",
        "pretaxIncome": 986,
        "provisionforIncomeTaxes": 233,
        "revenue": 2852,
        "sgaExpense": 77,
        "totalOperatingExpense": 374,
        "totalOtherIncomeExpenseNet": 14
      },
      {
        "costOfGoodsSold": 1261,
        "depreciationAmortization": 294,
        "dilutedAverageSharesOutstanding": 250,
        "dilutedEPS": 3.28,
        "ebit": 1167,
        "grossIncome": 1538,
        "interestExpense": 161,
        "interestIncomeExpense": -161,
        "netIncome": 819,
        "netIncomeAfterTaxes": 819,
        "nonRecurringItems": 0,
        "period": "2021-06-30",
        "pretaxIncome": 1041,
        "provisionforIncomeTaxes": 222,
        "revenue": 2799,
        "sgaExpense": 77,
        "totalOperatingExpense": 371,
        "totalOtherIncomeExpenseNet": 35
      },
      {
        "costOfGoodsSold": 1257,
        "depreciationAmortization": 292,
        "dilutedAverageSharesOutstanding": 252.6,
        "dilutedEPS": 2.66,
        "ebit": 1015,
        "grossIncome": 1382,
        "interestExpense": 156,
        "interestIncomeExpense": -156,
        "netIncome": 672,
        "netIncomeAfterTaxes": 673,
        "nonRecurringItems": 0,
        "period": "2021-03-31",
        "pretaxIncome": 866,
        "provisionforIncomeTaxes": 193,
        "revenue": 2639,
        "sgaExpense": 75,
        "totalOperatingExpense": 367,
        "totalOtherIncomeExpenseNet": 7
      },
      {
        "costOfGoodsSold": 1221,
        "depreciationAmortization": 287,
        "dilutedAverageSharesOutstanding": 254.8,
        "dilutedEPS": 2.63,
        "ebit": 984,
        "grossIncome": 1352,
        "interestExpense": 160,
        "interestIncomeExpense": -160,
        "netIncome": 671,
        "netIncomeAfterTaxes": 671,
        "nonRecurringItems": 0,
        "period": "2020-12-31",
        "pretaxIncome": 867,
        "provisionforIncomeTaxes": 196,
        "revenue": 2573,
        "sgaExpense": 81,
        "totalOperatingExpense": 368,
        "totalOtherIncomeExpenseNet": 43
      },
      {
        "costOfGoodsSold": 1306,
        "depreciationAmortization": 293,
        "dilutedAverageSharesOutstanding": 256.1,
        "dilutedEPS": 2.22,
        "ebit": 840,
        "grossIncome": 1200,
        "interestExpense": 155,
        "interestIncomeExpense": -155,
        "netIncome": 567,
        "netIncomeAfterTaxes": 569,
        "nonRecurringItems": 0,
        "period": "2020-09-30",
        "pretaxIncome": 724,
        "provisionforIncomeTaxes": 155,
        "revenue": 2506,
        "sgaExpense": 67,
        "totalOperatingExpense": 360,
        "totalOtherIncomeExpenseNet": 39
      },
      {
        "costOfGoodsSold": 1123,
        "depreciationAmortization": 282,
        "dilutedAverageSharesOutstanding": 256.7,
        "dilutedEPS": 1.53,
        "ebit": 610,
        "grossIncome": 962,
        "interestExpense": 156,
        "interestIncomeExpense": -156,
        "netIncome": 392,
        "netIncomeAfterTaxes": 392,
        "nonRecurringItems": 0,
        "period": "2020-06-30",
        "pretaxIncome": 503,
        "provisionforIncomeTaxes": 111,
        "revenue": 2085,
        "sgaExpense": 70,
        "totalOperatingExpense": 352,
        "totalOtherIncomeExpenseNet": 49
      },
      {
        "costOfGoodsSold": 1298,
        "depreciationAmortization": 292,
        "dilutedAverageSharesOutstanding": 258.7,
        "dilutedEPS": 1.47,
        "ebit": 953,
        "grossIncome": 1327,
        "interestExpense": 154,
        "interestIncomeExpense": -154,
        "netIncome": 380,
        "netIncomeAfterTaxes": 381,
        "nonRecurringItems": -385,
        "period": "2020-03-31",
        "pretaxIncome": 436,
        "provisionforIncomeTaxes": 55,
        "revenue": 2625,
        "sgaExpense": 82,
        "totalOperatingExpense": 374,
        "totalOtherIncomeExpenseNet": 22
      },
      {
        "costOfGoodsSold": 1369,
        "depreciationAmortization": 285,
        "dilutedAverageSharesOutstanding": 261.7,
        "dilutedEPS": 2.54,
        "ebit": 962,
        "grossIncome": 1321,
        "interestExpense": 152,
        "interestIncomeExpense": -152,
        "netIncome": 665,
        "netIncomeAfterTaxes": 666,
        "period": "2019-12-31",
        "pretaxIncome": 828,
        "provisionforIncomeTaxes": 162,
        "revenue": 2690,
        "sgaExpense": 74,
        "totalOperatingExpense": 359,
        "totalOtherIncomeExpenseNet": 18
      },
      {
        "costOfGoodsSold": 1491,
        "depreciationAmortization": 286,
        "dilutedAverageSharesOutstanding": 264.3,
        "dilutedEPS": 2.49,
        "ebit": 996,
        "grossIncome": 1350,
        "interestExpense": 150,
        "interestIncomeExpense": -150,
        "netIncome": 656,
        "netIncomeAfterTaxes": 657,
        "period": "2019-09-30",
        "pretaxIncome": 868,
        "provisionforIncomeTaxes": 211,
        "revenue": 2841,
        "sgaExpense": 68,
        "totalOperatingExpense": 354,
        "totalOtherIncomeExpenseNet": 22
      },
      {
        "costOfGoodsSold": 1505,
        "depreciationAmortization": 284,
        "dilutedAverageSharesOutstanding": 267.1,
        "dilutedEPS": 2.7,
        "ebit": 1065,
        "grossIncome": 1420,
        "interestExpense": 153,
        "interestIncomeExpense": -153,
        "netIncome": 720,
        "netIncomeAfterTaxes": 722,
        "period": "2019-06-30",
        "pretaxIncome": 934,
        "provisionforIncomeTaxes": 212,
        "revenue": 2925,
        "sgaExpense": 71,
        "totalOperatingExpense": 355,
        "totalOtherIncomeExpenseNet": 22
      },
      {
        "costOfGoodsSold": 1513,
        "depreciationAmortization": 283,
        "dilutedAverageSharesOutstanding": 269.4,
        "dilutedEPS": 2.51,
        "ebit": 966,
        "grossIncome": 1327,
        "interestExpense": 149,
        "interestIncomeExpense": -149,
        "netIncome": 676,
        "netIncomeAfterTaxes": 677,
        "period": "2019-03-31",
        "pretaxIncome": 861,
        "provisionforIncomeTaxes": 184,
        "revenue": 2840,
        "sgaExpense": 78,
        "totalOperatingExpense": 361,
        "totalOtherIncomeExpenseNet": 44
      },
      {
        "costOfGoodsSold": 1448,
        "depreciationAmortization": 281,
        "dilutedAverageSharesOutstanding": 273,
        "dilutedEPS": 2.57,
        "ebit": 1078,
        "grossIncome": 1448,
        "interestExpense": 148,
        "interestIncomeExpense": -148,
        "netIncome": 700,
        "netIncomeAfterTaxes": 702,
        "period": "2018-12-31",
        "pretaxIncome": 930,
        "provisionforIncomeTaxes": 228,
        "revenue": 2896,
        "sgaExpense": 89,
        "totalOperatingExpense": 370,
        "totalOtherIncomeExpenseNet": 0
      },
      {
        "costOfGoodsSold": 1548,
        "depreciationAmortization": 276,
        "dilutedAverageSharesOutstanding": 278.2,
        "dilutedEPS": 2.52,
        "ebit": 1020,
        "grossIncome": 1399,
        "interestExpense": 142,
        "interestIncomeExpense": -142,
        "netIncome": 700,
        "netIncomeAfterTaxes": 702,
        "period": "2018-09-30",
        "pretaxIncome": 908,
        "provisionforIncomeTaxes": 206,
        "revenue": 2947,
        "sgaExpense": 103,
        "totalOperatingExpense": 379,
        "totalOtherIncomeExpenseNet": 30
      },
      {
        "costOfGoodsSold": 1511,
        "depreciationAmortization": 273,
        "dilutedAverageSharesOutstanding": 283.7,
        "dilutedEPS": 2.5,
        "ebit": 1026,
        "grossIncome": 1387,
        "interestExpense": 131,
        "interestIncomeExpense": -131,
        "netIncome": 709,
        "netIncomeAfterTaxes": 710,
        "period": "2018-06-30",
        "pretaxIncome": 924,
        "provisionforIncomeTaxes": 214,
        "revenue": 2898,
        "sgaExpense": 88,
        "totalOperatingExpense": 361,
        "totalOtherIncomeExpenseNet": 29
      },
      {
        "costOfGoodsSold": 1527,
        "depreciationAmortization": 272,
        "dilutedAverageSharesOutstanding": 285.9,
        "dilutedEPS": 1.93,
        "ebit": 835,
        "grossIncome": 1190,
        "interestExpense": 136,
        "interestIncomeExpense": -136,
        "netIncome": 551,
        "netIncomeAfterTaxes": 552,
        "period": "2018-03-31",
        "pretaxIncome": 707,
        "provisionforIncomeTaxes": 155,
        "revenue": 2717,
        "sgaExpense": 83,
        "totalOperatingExpense": 355,
        "totalOtherIncomeExpenseNet": 8
      },
      {
        "costOfGoodsSold": 1438,
        "depreciationAmortization": 267,
        "dilutedAverageSharesOutstanding": 287.6,
        "dilutedEPS": 13.79,
        "ebit": 998,
        "grossIncome": 1231,
        "interestExpense": 134,
        "interestIncomeExpense": -134,
        "netIncome": 3967,
        "netIncomeAfterTaxes": 637,
        "otherOperatingExpensesTotal": -34,
        "period": "2017-12-31",
        "pretaxIncome": 893,
        "provisionforIncomeTaxes": 256,
        "revenue": 2669,
        "totalOperatingExpense": 233,
        "totalOtherIncomeExpenseNet": 29
      },
      {
        "costOfGoodsSold": 1442,
        "depreciationAmortization": 265,
        "dilutedAverageSharesOutstanding": 289.5,
        "dilutedEPS": 1.75,
        "ebit": 895,
        "grossIncome": 1228,
        "interestExpense": 134,
        "interestIncomeExpense": -134,
        "netIncome": 505,
        "netIncomeAfterTaxes": 506,
        "period": "2017-09-30",
        "pretaxIncome": 800,
        "provisionforIncomeTaxes": 294,
        "revenue": 2670,
        "sgaExpense": 68,
        "totalOperatingExpense": 333,
        "totalOtherIncomeExpenseNet": 39
      },
      {
        "costOfGoodsSold": 1427,
        "depreciationAmortization": 264,
        "dilutedAverageSharesOutstanding": 291.2,
        "dilutedEPS": 1.71,
        "ebit": 872,
        "grossIncome": 1210,
        "interestExpense": 140,
        "interestIncomeExpense": -140,
        "netIncome": 496,
        "netIncomeAfterTaxes": 497,
        "period": "2017-06-30",
        "pretaxIncome": 780,
        "provisionforIncomeTaxes": 283,
        "revenue": 2637,
        "sgaExpense": 74,
        "totalOperatingExpense": 338,
        "totalOtherIncomeExpenseNet": 48
      },
      {
        "costOfGoodsSold": 1486,
        "depreciationAmortization": 259,
        "dilutedAverageSharesOutstanding": 292.8,
        "dilutedEPS": 1.48,
        "ebit": 757,
        "grossIncome": 1089,
        "interestExpense": 142,
        "interestIncomeExpense": -142,
        "netIncome": 432,
        "netIncomeAfterTaxes": 433,
        "period": "2017-03-31",
        "pretaxIncome": 655,
        "provisionforIncomeTaxes": 222,
        "revenue": 2575,
        "sgaExpense": 73,
        "totalOperatingExpense": 332,
        "totalOtherIncomeExpenseNet": 40
      },
      {
        "costOfGoodsSold": 1457,
        "depreciationAmortization": 259,
        "dilutedAverageSharesOutstanding": 305.9,
        "dilutedEPS": 1.36,
        "ebit": 696,
        "grossIncome": 1033,
        "interestExpense": 142,
        "interestIncomeExpense": -142,
        "netIncome": 416,
        "netIncomeAfterTaxes": 416,
        "period": "2016-12-31",
        "pretaxIncome": 641,
        "provisionforIncomeTaxes": 225,
        "revenue": 2490,
        "sgaExpense": 78,
        "totalOperatingExpense": 337,
        "totalOtherIncomeExpenseNet": 87
      },
      {
        "costOfGoodsSold": 1372,
        "depreciationAmortization": 258,
        "dilutedAverageSharesOutstanding": 292.7,
        "dilutedEPS": 1.56,
        "ebit": 820,
        "grossIncome": 1152,
        "interestExpense": 144,
        "interestIncomeExpense": -144,
        "netIncome": 457,
        "netIncomeAfterTaxes": 460,
        "period": "2016-09-30",
        "pretaxIncome": 705,
        "provisionforIncomeTaxes": 245,
        "revenue": 2524,
        "sgaExpense": 74,
        "totalOperatingExpense": 332,
        "totalOtherIncomeExpenseNet": 29
      },
      {
        "costOfGoodsSold": 1352,
        "depreciationAmortization": 257,
        "dilutedAverageSharesOutstanding": 294.7,
        "dilutedEPS": 1.37,
        "ebit": 770,
        "grossIncome": 1102,
        "interestExpense": 138,
        "interestIncomeExpense": -138,
        "netIncome": 404,
        "netIncomeAfterTaxes": 405,
        "period": "2016-06-30",
        "pretaxIncome": 636,
        "provisionforIncomeTaxes": 231,
        "revenue": 2454,
        "sgaExpense": 75,
        "totalOperatingExpense": 332,
        "totalOtherIncomeExpenseNet": 4
      },
      {
        "costOfGoodsSold": 1366,
        "depreciationAmortization": 252,
        "dilutedAverageSharesOutstanding": 298.9,
        "dilutedEPS": 1.29,
        "ebit": 723,
        "grossIncome": 1054,
        "interestExpense": 139,
        "interestIncomeExpense": -139,
        "netIncome": 386,
        "netIncomeAfterTaxes": 387,
        "period": "2016-03-31",
        "pretaxIncome": 600,
        "provisionforIncomeTaxes": 213,
        "revenue": 2420,
        "sgaExpense": 79,
        "totalOperatingExpense": 331,
        "totalOtherIncomeExpenseNet": 16
      },
      {
        "costOfGoodsSold": 1589,
        "depreciationAmortization": 287,
        "dilutedAverageSharesOutstanding": 308,
        "dilutedEPS": 1.17,
        "ebit": 642,
        "grossIncome": 929,
        "interestExpense": 142,
        "interestIncomeExpense": -142,
        "netIncome": 360,
        "netIncomeAfterTaxes": 361,
        "period": "2015-12-31",
        "pretaxIncome": 524,
        "provisionforIncomeTaxes": 163,
        "revenue": 2518,
        "totalOperatingExpense": 287,
        "totalOtherIncomeExpenseNet": 24
      },
      {
        "costOfGoodsSold": 1616,
        "depreciationAmortization": 275,
        "dilutedAverageSharesOutstanding": 300.1,
        "dilutedEPS": 1.5,
        "ebit": 822,
        "grossIncome": 1097,
        "interestExpense": 137,
        "interestIncomeExpense": -137,
        "netIncome": 450,
        "netIncomeAfterTaxes": 452,
        "period": "2015-09-30",
        "pretaxIncome": 724,
        "provisionforIncomeTaxes": 272,
        "revenue": 2713,
        "totalOperatingExpense": 275,
        "totalOtherIncomeExpenseNet": 39
      }
    ],
    "symbol": "NSC"
  }
}