{
  "symbol": "HUBB",
  "statement": "ic",
  "frequency": "annual",
  "timestamp": "2025-09-19T14:01:45.392844",
  "data": {
    "financials": [
      {
        "costOfGoodsSold": 3715.1,
        "dilutedAverageSharesOutstanding": 54,
        "dilutedEPS": 14.3759,
        "ebit": 1104.4,
        "grossIncome": 1913.4,
        "interestExpense": 73.8,
        "interestIncomeExpense": -73.8,
        "minorityInterest": -5.7,
        "netIncome": 776.3,
        "netIncomeAfterTaxes": 783.5,
        "nonRecurringItems": -18.1,
        "period": "2024-12-31",
        "pretaxIncome": 1005.3,
        "provisionforIncomeTaxes": 221.8,
        "revenue": 5628.5,
        "sgaExpense": 809,
        "totalOperatingExpense": 809,
        "totalOtherIncomeExpenseNet": -7.2,
        "year": 2024
      },
      {
        "costOfGoodsSold": 3480.4,
        "dilutedAverageSharesOutstanding": 54,
        "dilutedEPS": 14.037,
        "ebit": 1043.9,
        "grossIncome": 1892.5,
        "interestExpense": 36.7,
        "interestIncomeExpense": -36.7,
        "minorityInterest": -6.2,
        "netIncome": 758,
        "netIncomeAfterTaxes": 766,
        "nonRecurringItems": -5.4,
        "period": "2023-12-31",
        "pretaxIncome": 983.3,
        "provisionforIncomeTaxes": 217.3,
        "revenue": 5372.9,
        "sgaExpense": 848.6,
        "totalOperatingExpense": 848.6,
        "totalOtherIncomeExpenseNet": -18.5,
        "year": 2023
      },
      {
        "costOfGoodsSold": 3466.4,
        "depreciationAmortization": 47.9,
        "dilutedAverageSharesOutstanding": 54.1,
        "dilutedEPS": 10.06,
        "ebit": 719.4,
        "grossIncome": 1481.5,
        "interestExpense": 49.6,
        "interestIncomeExpense": -49.6,
        "minorityInterest": -5.5,
        "netIncome": 544.5,
        "netIncomeAfterTaxes": 516.8,
        "nonRecurringItems": -17.3,
        "period": "2022-12-31",
        "pretaxIncome": 657,
        "provisionforIncomeTaxes": 140.2,
        "revenue": 4947.9,
        "sgaExpense": 714.2,
        "totalOperatingExpense": 762.1,
        "totalOtherIncomeExpenseNet": 4.5,
        "year": 2022
      },
      {
        "costOfGoodsSold": 3040.2,
        "depreciationAmortization": 50.2,
        "dilutedAverageSharesOutstanding": 54.7,
        "dilutedEPS": 7.28,
        "ebit": 536.2,
        "grossIncome": 1153.9,
        "interestExpense": 54.7,
        "interestIncomeExpense": -54.7,
        "minorityInterest": -6.1,
        "netIncome": 398.3,
        "netIncomeAfterTaxes": 371.1,
        "nonRecurringItems": -27.6,
        "period": "2021-12-31",
        "pretaxIncome": 459.3,
        "provisionforIncomeTaxes": 88.2,
        "revenue": 4194.1,
        "sgaExpense": 567.5,
        "totalOperatingExpense": 617.7,
        "totalOtherIncomeExpenseNet": 5.4,
        "year": 2021
      },
      {
        "costOfGoodsSold": 2580.4,
        "depreciationAmortization": 46.5,
        "dilutedAverageSharesOutstanding": 54.5,
        "dilutedEPS": 6.42,
        "ebit": 514.9,
        "grossIncome": 1102.1,
        "interestExpense": 60.1,
        "interestIncomeExpense": -60.1,
        "minorityInterest": -4.7,
        "netIncome": 350,
        "netIncomeAfterTaxes": 334.7,
        "nonRecurringItems": -28,
        "period": "2020-12-31",
        "pretaxIncome": 424.5,
        "provisionforIncomeTaxes": 89.8,
        "revenue": 3682.5,
        "sgaExpense": 540.7,
        "totalOperatingExpense": 587.2,
        "totalOtherIncomeExpenseNet": -2.3,
        "year": 2020
      },
      {
        "costOfGoodsSold": 2754.9,
        "depreciationAmortization": 44.9,
        "dilutedAverageSharesOutstanding": 54.7,
        "dilutedEPS": 7.3,
        "ebit": 555.5,
        "grossIncome": 1191.7,
        "interestExpense": 68.6,
        "interestIncomeExpense": -67.1,
        "minorityInterest": -6.5,
        "netIncome": 399.5,
        "netIncomeAfterTaxes": 368,
        "nonRecurringItems": -7.1,
        "period": "2019-12-31",
        "pretaxIncome": 469.2,
        "provisionforIncomeTaxes": 101.2,
        "revenue": 3946.6,
        "sgaExpense": 591.3,
        "totalOperatingExpense": 636.2,
        "totalOtherIncomeExpenseNet": -12.1,
        "year": 2019
      },
      {
        "costOfGoodsSold": 3143.6,
        "dilutedAverageSharesOutstanding": 54.9,
        "dilutedEPS": 6.53,
        "ebit": 619.2,
        "grossIncome": 1338.1,
        "interestExpense": 69.1,
        "interestIncomeExpense": -69,
        "minorityInterest": -5.9,
        "netIncome": 358.9,
        "netIncomeAfterTaxes": 360.1,
        "nonRecurringItems": -65.6,
        "period": "2018-12-31",
        "pretaxIncome": 467,
        "provisionforIncomeTaxes": 106.9,
        "revenue": 4481.7,
        "sgaExpense": 718.9,
        "totalOperatingExpense": 718.9,
        "totalOtherIncomeExpenseNet": -17.6,
        "year": 2018
      },
      {
        "costOfGoodsSold": 2500,
        "dilutedAverageSharesOutstanding": 55.1,
        "dilutedEPS": 4.39,
        "ebit": 545.8,
        "grossIncome": 1168.8,
        "interestExpense": 44.5,
        "interestIncomeExpense": -43.6,
        "minorityInterest": -6.8,
        "netIncome": 242.3,
        "netIncomeAfterTaxes": 306.4,
        "nonRecurringItems": -37.5,
        "period": "2017-12-31",
        "pretaxIncome": 443.1,
        "provisionforIncomeTaxes": 136.7,
        "revenue": 3668.8,
        "sgaExpense": 623,
        "totalOperatingExpense": 623,
        "totalOtherIncomeExpenseNet": -21.6,
        "year": 2017
      },
      {
        "costOfGoodsSold": 2372.6,
        "dilutedAverageSharesOutstanding": 55.7,
        "dilutedEPS": 5.24,
        "ebit": 524.8,
        "grossIncome": 1132.6,
        "interestExpense": 43.4,
        "interestIncomeExpense": -42.9,
        "minorityInterest": -4.8,
        "netIncome": 292.1,
        "netIncomeAfterTaxes": 297.8,
        "nonRecurringItems": -35,
        "period": "2016-12-31",
        "pretaxIncome": 430.4,
        "provisionforIncomeTaxes": 132.6,
        "revenue": 3505.2,
        "sgaExpense": 607.8,
        "totalOperatingExpense": 607.8,
        "totalOtherIncomeExpenseNet": -16.5,
        "year": 2016
      },
      {
        "costOfGoodsSold": 2274.9,
        "dilutedAverageSharesOutstanding": 58,
        "dilutedEPS": 4.77,
        "ebit": 513.5,
        "grossIncome": 1115.5,
        "interestExpense": 31,
        "interestIncomeExpense": -30.5,
        "minorityInterest": -4.8,
        "netIncome": 276.6,
        "netIncomeAfterTaxes": 282.1,
        "nonRecurringItems": -19.2,
        "period": "2015-12-31",
        "pretaxIncome": 418.6,
        "provisionforIncomeTaxes": 136.5,
        "revenue": 3390.4,
        "sgaExpense": 602,
        "totalOperatingExpense": 602,
        "totalOtherIncomeExpenseNet": -45.2,
        "year": 2015
      }
    ],
    "symbol": "HUBB"
  }
}