{
  "symbol": "PH",
  "statement": "ic",
  "frequency": "quarterly",
  "timestamp": "2025-09-19T14:05:18.356797",
  "data": {
    "financials": [
      {
        "costOfGoodsSold": 3285,
        "dilutedAverageSharesOutstanding": 129,
        "dilutedEPS": 7.155,
        "ebit": 1119,
        "grossIncome": 1958,
        "interestExpense": 99.165,
        "interestIncomeExpense": -99,
        "minorityInterest": 0,
        "netIncome": 923,
        "netIncomeAfterTaxes": 923,
        "period": "2025-06-30",
        "pretaxIncome": 1071,
        "provisionforIncomeTaxes": 148,
        "revenue": 5243,
        "sgaExpense": 839,
        "totalOperatingExpense": 839,
        "totalOtherIncomeExpenseNet": 51
      },
      {
        "costOfGoodsSold": 3125.209,
        "dilutedAverageSharesOutstanding": 130.3208,
        "dilutedEPS": 7.3731,
        "ebit": 1061.764,
        "gainLossOnDispositionOfAssets": 4.226,
        "grossIncome": 1835.14,
        "interestExpense": 95.942,
        "interestIncomeExpense": -53.185,
        "minorityInterest": -0.32,
        "netIncome": 960.866,
        "netIncomeAfterTaxes": 961.186,
        "nonRecurringItems": -23.562,
        "period": "2025-03-31",
        "pretaxIncome": 994.814,
        "provisionforIncomeTaxes": 33.628,
        "revenue": 4960.349,
        "sgaExpense": 773.376,
        "totalOperatingExpense": 773.376,
        "totalOtherIncomeExpenseNet": 5.571
      },
      {
        "costOfGoodsSold": 3011.639,
        "dilutedAverageSharesOutstanding": 130.7588,
        "dilutedEPS": 7.2541,
        "ebit": 965.156,
        "gainLossOnDispositionOfAssets": 248.613,
        "grossIncome": 1730.954,
        "interestExpense": 100.802,
        "interestIncomeExpense": -28.051,
        "minorityInterest": -0.107,
        "netIncome": 948.542,
        "netIncomeAfterTaxes": 948.649,
        "nonRecurringItems": -27.764,
        "period": "2024-12-31",
        "pretaxIncome": 1165.857,
        "provisionforIncomeTaxes": 217.208,
        "revenue": 4742.593,
        "sgaExpense": 765.798,
        "totalOperatingExpense": 765.798,
        "totalOtherIncomeExpenseNet": 7.903
      },
      {
        "costOfGoodsSold": 3092.279,
        "dilutedAverageSharesOutstanding": 130.6802,
        "dilutedEPS": 5.3445,
        "ebit": 972.805,
        "gainLossOnDispositionOfAssets": 8.735,
        "grossIncome": 1811.705,
        "interestExpense": 113.091,
        "interestIncomeExpense": -108.827,
        "minorityInterest": -0.108,
        "netIncome": 698.42,
        "netIncomeAfterTaxes": 698.528,
        "nonRecurringItems": -15.927,
        "period": "2024-09-30",
        "pretaxIncome": 875.186,
        "provisionforIncomeTaxes": 176.658,
        "revenue": 4903.984,
        "sgaExpense": 838.9,
        "totalOperatingExpense": 838.9,
        "totalOtherIncomeExpenseNet": 18.4
      },
      {
        "costOfGoodsSold": 3311.735,
        "dilutedAverageSharesOutstanding": 130.451,
        "dilutedEPS": 6.0173,
        "ebit": 1084.409,
        "grossIncome": 1875.08,
        "interestExpense": 119.266,
        "interestIncomeExpense": -367.266,
        "minorityInterest": -0.11,
        "netIncome": 784.963,
        "netIncomeAfterTaxes": 785.073,
        "nonRecurringItems": -45.199,
        "period": "2024-06-30",
        "pretaxIncome": 985.96,
        "provisionforIncomeTaxes": 200.887,
        "revenue": 5186.815,
        "sgaExpense": 790.671,
        "totalOperatingExpense": 790.671,
        "totalOtherIncomeExpenseNet": 314.016
      },
      {
        "costOfGoodsSold": 3276.636,
        "dilutedAverageSharesOutstanding": 130.593,
        "dilutedEPS": 5.5637,
        "ebit": 1014.566,
        "gainLossOnDispositionOfAssets": -0.003,
        "grossIncome": 1797.72,
        "interestExpense": 123.732,
        "interestIncomeExpense": -67.732,
        "minorityInterest": -0.16,
        "netIncome": 726.574,
        "netIncomeAfterTaxes": 726.734,
        "nonRecurringItems": -39.197,
        "period": "2024-03-31",
        "pretaxIncome": 920.043,
        "provisionforIncomeTaxes": 193.309,
        "revenue": 5074.356,
        "sgaExpense": 783.154,
        "totalOperatingExpense": 783.154,
        "totalOtherIncomeExpenseNet": 12.406
      },
      {
        "costOfGoodsSold": 3093.495,
        "dilutedAverageSharesOutstanding": 130.3673,
        "dilutedEPS": 5.2302,
        "ebit": 949.359,
        "grossIncome": 1727.452,
        "interestExpense": 129.029,
        "interestIncomeExpense": -76.029,
        "minorityInterest": -0.206,
        "netIncome": 681.851,
        "netIncomeAfterTaxes": 682.057,
        "nonRecurringItems": -28.176,
        "period": "2023-12-31",
        "pretaxIncome": 868.165,
        "provisionforIncomeTaxes": 186.108,
        "revenue": 4820.947,
        "sgaExpense": 778.093,
        "totalOperatingExpense": 778.093,
        "totalOtherIncomeExpenseNet": 23.011
      },
      {
        "costOfGoodsSold": 3090.365,
        "dilutedAverageSharesOutstanding": 130.3634,
        "dilutedEPS": 4.9924,
        "ebit": 906.946,
        "grossIncome": 1757.123,
        "interestExpense": 134.468,
        "interestIncomeExpense": -90.468,
        "minorityInterest": -0.245,
        "netIncome": 650.827,
        "netIncomeAfterTaxes": 651.072,
        "nonRecurringItems": -18.498,
        "period": "2023-09-30",
        "pretaxIncome": 820.435,
        "provisionforIncomeTaxes": 169.363,
        "revenue": 4847.488,
        "sgaExpense": 850.177,
        "totalOperatingExpense": 850.177,
        "totalOtherIncomeExpenseNet": 22.455
      },
      {
        "costOfGoodsSold": 3257.613,
        "dilutedAverageSharesOutstanding": 129.7924,
        "dilutedEPS": 5.4622,
        "ebit": 1029.155,
        "grossIncome": 1838.33,
        "interestExpense": 157.176,
        "interestIncomeExpense": -262.176,
        "minorityInterest": -0.122,
        "netIncome": 708.956,
        "netIncomeAfterTaxes": 709.078,
        "nonRecurringItems": -36.486,
        "period": "2023-06-30",
        "pretaxIncome": 903.195,
        "provisionforIncomeTaxes": 194.117,
        "revenue": 5095.943,
        "sgaExpense": 809.175,
        "totalOperatingExpense": 809.175,
        "totalOtherIncomeExpenseNet": 172.702
      },
      {
        "costOfGoodsSold": 3335.731,
        "dilutedAverageSharesOutstanding": 130.1515,
        "dilutedEPS": 4.54,
        "ebit": 892.993,
        "grossIncome": 1725.934,
        "interestExpense": 151.993,
        "interestIncomeExpense": -105.993,
        "minorityInterest": -0.071,
        "netIncome": 590.889,
        "netIncomeAfterTaxes": 590.96,
        "nonRecurringItems": -52.485,
        "period": "2023-03-31",
        "pretaxIncome": 756.381,
        "provisionforIncomeTaxes": 165.421,
        "revenue": 5061.665,
        "sgaExpense": 832.941,
        "totalOperatingExpense": 832.941,
        "totalOtherIncomeExpenseNet": 21.866
      },
      {
        "costOfGoodsSold": 3233.598,
        "dilutedAverageSharesOutstanding": 130.045,
        "dilutedEPS": 3.0392,
        "ebit": 663.829,
        "grossIncome": 1441.213,
        "interestExpense": 146.931,
        "interestIncomeExpense": -137.931,
        "minorityInterest": -0.224,
        "netIncome": 395.237,
        "netIncomeAfterTaxes": 395.461,
        "nonRecurringItems": -37.796,
        "period": "2022-12-31",
        "pretaxIncome": 516.743,
        "provisionforIncomeTaxes": 121.282,
        "revenue": 4674.811,
        "sgaExpense": 777.384,
        "totalOperatingExpense": 777.384,
        "totalOtherIncomeExpenseNet": 28.641
      },
      {
        "costOfGoodsSold": 2792.957,
        "dilutedAverageSharesOutstanding": 129.9424,
        "dilutedEPS": 2.9848,
        "ebit": 714.376,
        "gainLossOnDispositionOfAssets": 377,
        "grossIncome": 1439.818,
        "interestExpense": 117.794,
        "interestIncomeExpense": -489.794,
        "minorityInterest": -0.183,
        "netIncome": 387.854,
        "netIncomeAfterTaxes": 388.037,
        "nonRecurringItems": -112.861,
        "period": "2022-09-30",
        "pretaxIncome": 503.345,
        "provisionforIncomeTaxes": 115.308,
        "revenue": 4232.775,
        "sgaExpense": 725.442,
        "totalOperatingExpense": 725.442,
        "totalOtherIncomeExpenseNet": 14.624
      },
      {
        "costOfGoodsSold": 2977.301,
        "dilutedAverageSharesOutstanding": 130.108,
        "dilutedEPS": 0.9902,
        "ebit": 795.974,
        "gainLossOnDispositionOfAssets": 7.124,
        "grossIncome": 1210.531,
        "interestExpense": 71.27,
        "interestIncomeExpense": -666.27,
        "minorityInterest": -0.075,
        "netIncome": 128.831,
        "netIncomeAfterTaxes": 128.906,
        "nonRecurringItems": -15.949,
        "period": "2022-06-30",
        "pretaxIncome": 118.168,
        "provisionforIncomeTaxes": -10.738,
        "revenue": 4187.832,
        "sgaExpense": 414.557,
        "totalOperatingExpense": 414.557,
        "totalOtherIncomeExpenseNet": -2.711
      },
      {
        "costOfGoodsSold": 2926.234,
        "dilutedAverageSharesOutstanding": 130.3436,
        "dilutedEPS": 2.67,
        "ebit": 761.054,
        "gainLossOnDispositionOfAssets": -1,
        "grossIncome": 1160.153,
        "interestExpense": 63.272,
        "interestIncomeExpense": -293.272,
        "minorityInterest": -0.071,
        "netIncome": 348.017,
        "netIncomeAfterTaxes": 348.088,
        "nonRecurringItems": -24.152,
        "period": "2022-03-31",
        "pretaxIncome": 433.989,
        "provisionforIncomeTaxes": 85.901,
        "revenue": 4086.387,
        "sgaExpense": 399.099,
        "totalOperatingExpense": 399.099,
        "totalOtherIncomeExpenseNet": -8.641
      },
      {
        "costOfGoodsSold": 2763.015,
        "dilutedAverageSharesOutstanding": 130.5817,
        "dilutedEPS": 2.9683,
        "ebit": 691.79,
        "gainLossOnDispositionOfAssets": 10,
        "grossIncome": 1061.565,
        "interestExpense": 61.36,
        "interestIncomeExpense": -193.36,
        "minorityInterest": -0.129,
        "netIncome": 387.6,
        "netIncomeAfterTaxes": 387.729,
        "nonRecurringItems": -22.645,
        "period": "2021-12-31",
        "pretaxIncome": 490.324,
        "provisionforIncomeTaxes": 102.595,
        "revenue": 3824.58,
        "sgaExpense": 369.775,
        "totalOperatingExpense": 369.775,
        "totalOtherIncomeExpenseNet": 4.539
      },
      {
        "costOfGoodsSold": 2712.896,
        "dilutedAverageSharesOutstanding": 130.828,
        "dilutedEPS": 3.4485,
        "ebit": 657.161,
        "grossIncome": 1049.913,
        "interestExpense": 59.35,
        "interestIncomeExpense": -40.35,
        "minorityInterest": -0.306,
        "netIncome": 451.157,
        "netIncomeAfterTaxes": 451.463,
        "nonRecurringItems": -55.014,
        "period": "2021-09-30",
        "pretaxIncome": 571.745,
        "provisionforIncomeTaxes": 120.282,
        "revenue": 3762.809,
        "sgaExpense": 392.752,
        "totalOperatingExpense": 392.752,
        "totalOtherIncomeExpenseNet": 9.948
      },
      {
        "costOfGoodsSold": 2826.677,
        "dilutedAverageSharesOutstanding": 131.4581,
        "dilutedEPS": 3.8471,
        "ebit": 721.579,
        "gainLossOnDispositionOfAssets": 1.332,
        "grossIncome": 1132.192,
        "interestExpense": 60.258,
        "interestIncomeExpense": -47.258,
        "minorityInterest": -0.176,
        "netIncome": 505.738,
        "netIncomeAfterTaxes": 505.914,
        "nonRecurringItems": -7.792,
        "period": "2021-06-30",
        "pretaxIncome": 657.798,
        "provisionforIncomeTaxes": 151.884,
        "revenue": 3958.869,
        "sgaExpense": 410.613,
        "totalOperatingExpense": 410.613,
        "totalOtherIncomeExpenseNet": -10.063
      },
      {
        "costOfGoodsSold": 2711.7,
        "dilutedAverageSharesOutstanding": 131.4,
        "dilutedEPS": 3.59,
        "ebit": 663.8,
        "grossIncome": 1034.6,
        "interestExpense": 60.83,
        "interestIncomeExpense": -60.8,
        "minorityInterest": -0.1,
        "netIncome": 471.6,
        "netIncomeAfterTaxes": 471.7,
        "nonRecurringItems": -5.6,
        "otherOperatingExpensesTotal": -13.5,
        "period": "2021-03-31",
        "pretaxIncome": 597.4,
        "provisionforIncomeTaxes": 125.6,
        "revenue": 3746.3,
        "sgaExpense": 384.3,
        "totalOperatingExpense": 370.9
      },
      {
        "costOfGoodsSold": 2505.4,
        "dilutedAverageSharesOutstanding": 131.1,
        "dilutedEPS": 3.41,
        "ebit": 658.2,
        "grossIncome": 906.5,
        "interestExpense": 62.99,
        "interestIncomeExpense": -63,
        "minorityInterest": -0.2,
        "netIncome": 447.3,
        "netIncomeAfterTaxes": 447.5,
        "nonRecurringItems": -18.7,
        "otherOperatingExpensesTotal": -104.3,
        "period": "2020-12-31",
        "pretaxIncome": 576.5,
        "provisionforIncomeTaxes": 129,
        "revenue": 3411.9,
        "sgaExpense": 352.7,
        "totalOperatingExpense": 248.3
      },
      {
        "costOfGoodsSold": 2372.2,
        "dilutedAverageSharesOutstanding": 130.3,
        "dilutedEPS": 2.47,
        "ebit": 496.9,
        "grossIncome": 858.4,
        "interestExpense": 65.958,
        "interestIncomeExpense": -65.9,
        "minorityInterest": -0.3,
        "netIncome": 321.4,
        "netIncomeAfterTaxes": 321.7,
        "nonRecurringItems": -15.7,
        "otherOperatingExpensesTotal": -5.5,
        "period": "2020-09-30",
        "pretaxIncome": 415.3,
        "provisionforIncomeTaxes": 93.6,
        "revenue": 3230.5,
        "sgaExpense": 366.9,
        "totalOperatingExpense": 361.4
      },
      {
        "costOfGoodsSold": 2319.8,
        "dilutedAverageSharesOutstanding": 129.6,
        "dilutedEPS": 2.28,
        "ebit": 486.5,
        "grossIncome": 840.9,
        "interestExpense": 74.549,
        "interestIncomeExpense": -64.5,
        "minorityInterest": 0,
        "netIncome": 295.7,
        "netIncomeAfterTaxes": 295.7,
        "nonRecurringItems": -51.4,
        "otherOperatingExpensesTotal": 11.6,
        "period": "2020-06-30",
        "pretaxIncome": 370.6,
        "provisionforIncomeTaxes": 74.9,
        "revenue": 3160.6,
        "sgaExpense": 342.8,
        "totalOperatingExpense": 354.3
      },
      {
        "costOfGoodsSold": 2756.5,
        "dilutedAverageSharesOutstanding": 129.7,
        "dilutedEPS": 2.83,
        "ebit": 521.5,
        "grossIncome": 945.9,
        "interestExpense": 80.765,
        "interestIncomeExpense": -54.8,
        "minorityInterest": -0.1,
        "netIncome": 367.3,
        "netIncomeAfterTaxes": 367.4,
        "nonRecurringItems": -12.5,
        "otherOperatingExpensesTotal": 14.3,
        "period": "2020-03-31",
        "pretaxIncome": 454.2,
        "provisionforIncomeTaxes": 86.8,
        "revenue": 3702.4,
        "sgaExpense": 410.3,
        "totalOperatingExpense": 424.5
      },
      {
        "costOfGoodsSold": 2675.1,
        "dilutedAverageSharesOutstanding": 130.5,
        "dilutedEPS": 1.57,
        "ebit": 324.4,
        "grossIncome": 822.9,
        "interestExpense": 82.891,
        "interestIncomeExpense": -53.9,
        "minorityInterest": -0.1,
        "netIncome": 204.5,
        "netIncomeAfterTaxes": 204.6,
        "nonRecurringItems": -15.8,
        "otherOperatingExpensesTotal": 9.5,
        "period": "2019-12-31",
        "pretaxIncome": 254.7,
        "provisionforIncomeTaxes": 50.1,
        "revenue": 3498,
        "sgaExpense": 489,
        "totalOperatingExpense": 498.4
      },
      {
        "costOfGoodsSold": 2476.4,
        "dilutedAverageSharesOutstanding": 130.1,
        "dilutedEPS": 2.6,
        "ebit": 455.9,
        "grossIncome": 858.1,
        "interestExpense": 69.956,
        "interestIncomeExpense": -28,
        "minorityInterest": -0.1,
        "netIncome": 338.9,
        "netIncomeAfterTaxes": 339,
        "nonRecurringItems": 5.3,
        "otherOperatingExpensesTotal": 4.5,
        "period": "2019-09-30",
        "pretaxIncome": 433.2,
        "provisionforIncomeTaxes": 94.1,
        "revenue": 3334.5,
        "sgaExpense": 397.8,
        "totalOperatingExpense": 402.3
      },
      {
        "costOfGoodsSold": 2735.8,
        "dilutedAverageSharesOutstanding": 129.6,
        "dilutedEPS": 3.19,
        "ebit": 550.6,
        "grossIncome": 945.7,
        "interestExpense": 50.072,
        "interestIncomeExpense": -24.7,
        "minorityInterest": -0.1,
        "netIncome": 413.7,
        "netIncomeAfterTaxes": 413.7,
        "nonRecurringItems": -12.6,
        "otherOperatingExpensesTotal": 7.1,
        "period": "2019-06-30",
        "pretaxIncome": 513.3,
        "provisionforIncomeTaxes": 99.6,
        "revenue": 3681.5,
        "sgaExpense": 388,
        "totalOperatingExpense": 395
      },
      {
        "costOfGoodsSold": 2763.9,
        "dilutedAverageSharesOutstanding": 130.9,
        "dilutedEPS": 3.14,
        "ebit": 560.7,
        "grossIncome": 923.6,
        "interestExpense": 48.209,
        "interestIncomeExpense": -26.4,
        "minorityInterest": -0.1,
        "netIncome": 411.2,
        "netIncomeAfterTaxes": 411.4,
        "nonRecurringItems": -5.1,
        "otherOperatingExpensesTotal": 3.8,
        "period": "2019-03-31",
        "pretaxIncome": 529.2,
        "provisionforIncomeTaxes": 117.8,
        "revenue": 3687.5,
        "sgaExpense": 359.1,
        "totalOperatingExpense": 362.9
      },
      {
        "costOfGoodsSold": 2598.7,
        "dilutedAverageSharesOutstanding": 132.3,
        "dilutedEPS": 2.35,
        "ebit": 468.7,
        "grossIncome": 873.4,
        "interestExpense": 47.518,
        "interestIncomeExpense": -24.5,
        "minorityInterest": -0.2,
        "netIncome": 311.7,
        "netIncomeAfterTaxes": 326.4,
        "nonRecurringItems": -13,
        "otherOperatingExpensesTotal": 11.2,
        "period": "2018-12-31",
        "pretaxIncome": 431.2,
        "provisionforIncomeTaxes": 104.8,
        "revenue": 3472,
        "sgaExpense": 393.5,
        "totalOperatingExpense": 404.7
      },
      {
        "costOfGoodsSold": 2590.4,
        "dilutedAverageSharesOutstanding": 134.7,
        "dilutedEPS": 2.79,
        "ebit": 512.6,
        "grossIncome": 888.9,
        "interestExpense": 44.339,
        "interestIncomeExpense": -44.3,
        "minorityInterest": -0.2,
        "netIncome": 375.7,
        "netIncomeAfterTaxes": 375.9,
        "nonRecurringItems": -8.6,
        "otherOperatingExpensesTotal": -13.9,
        "period": "2018-09-30",
        "pretaxIncome": 459.7,
        "provisionforIncomeTaxes": 83.8,
        "revenue": 3479.3,
        "sgaExpense": 390.2,
        "totalOperatingExpense": 376.3
      },
      {
        "costOfGoodsSold": 2823.2,
        "dilutedAverageSharesOutstanding": 134.7,
        "dilutedEPS": 2.62,
        "ebit": 644.5,
        "grossIncome": 994.3,
        "interestExpense": 53.04,
        "interestIncomeExpense": -69.1,
        "minorityInterest": -0.1,
        "netIncome": 353.3,
        "netIncomeAfterTaxes": 381.3,
        "nonRecurringItems": -77.5,
        "otherOperatingExpensesTotal": -60.2,
        "period": "2018-06-30",
        "pretaxIncome": 497.9,
        "provisionforIncomeTaxes": 116.6,
        "revenue": 3817.5,
        "sgaExpense": 410,
        "totalOperatingExpense": 349.8
      },
      {
        "costOfGoodsSold": 2815.5,
        "dilutedAverageSharesOutstanding": 135.8,
        "dilutedEPS": 2.7,
        "ebit": 557.3,
        "grossIncome": 934.1,
        "interestExpense": 54.145,
        "interestIncomeExpense": -70,
        "minorityInterest": -0.1,
        "netIncome": 366,
        "netIncomeAfterTaxes": 366.1,
        "nonRecurringItems": -17.5,
        "otherOperatingExpensesTotal": -36.1,
        "period": "2018-03-31",
        "pretaxIncome": 469.8,
        "provisionforIncomeTaxes": 103.7,
        "revenue": 3749.6,
        "sgaExpense": 412.9,
        "totalOperatingExpense": 376.8
      },
      {
        "costOfGoodsSold": 2555.4,
        "dilutedAverageSharesOutstanding": 136.2,
        "dilutedEPS": 0.41,
        "ebit": 441.8,
        "grossIncome": 815.3,
        "interestExpense": 53.133,
        "interestIncomeExpense": -64.6,
        "minorityInterest": -0.2,
        "netIncome": 56.2,
        "netIncomeAfterTaxes": 405.3,
        "nonRecurringItems": -17,
        "otherOperatingExpensesTotal": -27.3,
        "period": "2017-12-31",
        "pretaxIncome": 360.2,
        "provisionforIncomeTaxes": -45.1,
        "revenue": 3370.7,
        "sgaExpense": 400.7,
        "totalOperatingExpense": 373.5
      },
      {
        "costOfGoodsSold": 2523.8,
        "dilutedAverageSharesOutstanding": 135.8,
        "dilutedEPS": 2.1,
        "ebit": 462.6,
        "grossIncome": 840.9,
        "interestExpense": 53.555,
        "interestIncomeExpense": -74.3,
        "minorityInterest": -0.1,
        "netIncome": 285.4,
        "netIncomeAfterTaxes": 285.5,
        "nonRecurringItems": -14,
        "otherOperatingExpensesTotal": -18.5,
        "period": "2017-09-30",
        "pretaxIncome": 374.3,
        "provisionforIncomeTaxes": 88.8,
        "revenue": 3364.7,
        "sgaExpense": 396.8,
        "totalOperatingExpense": 378.2
      },
      {
        "costOfGoodsSold": 2643.7,
        "dilutedAverageSharesOutstanding": 135.7,
        "dilutedEPS": 2.16,
        "ebit": 431.6,
        "grossIncome": 852.5,
        "interestExpense": 52.787,
        "interestIncomeExpense": -52.8,
        "minorityInterest": -0.1,
        "netIncome": 293.3,
        "netIncomeAfterTaxes": 293.4,
        "nonRecurringItems": 21.8,
        "otherOperatingExpensesTotal": 28.3,
        "period": "2017-06-30",
        "pretaxIncome": 400.6,
        "provisionforIncomeTaxes": 107.3,
        "revenue": 3496.2,
        "sgaExpense": 392.7,
        "totalOperatingExpense": 420.9
      },
      {
        "costOfGoodsSold": 2373.4,
        "dilutedAverageSharesOutstanding": 136.1,
        "dilutedEPS": 1.75,
        "ebit": 373.5,
        "grossIncome": 745.7,
        "interestExpense": 42.057,
        "interestIncomeExpense": -42.1,
        "minorityInterest": -0.2,
        "netIncome": 238.7,
        "netIncomeAfterTaxes": 238.8,
        "nonRecurringItems": -16.3,
        "otherOperatingExpensesTotal": -13.8,
        "period": "2017-03-31",
        "pretaxIncome": 315.1,
        "provisionforIncomeTaxes": 76.2,
        "revenue": 3119.1,
        "sgaExpense": 386.1,
        "totalOperatingExpense": 372.3
      },
      {
        "costOfGoodsSold": 2037.9,
        "dilutedAverageSharesOutstanding": 135.8,
        "dilutedEPS": 1.78,
        "ebit": 362,
        "grossIncome": 632.9,
        "interestExpense": 33.444,
        "interestIncomeExpense": -33.4,
        "minorityInterest": -0.1,
        "netIncome": 241.3,
        "netIncomeAfterTaxes": 241.4,
        "nonRecurringItems": -7.9,
        "otherOperatingExpensesTotal": -64.4,
        "period": "2016-12-31",
        "pretaxIncome": 320.7,
        "provisionforIncomeTaxes": 79.3,
        "revenue": 2670.8,
        "sgaExpense": 335.3,
        "totalOperatingExpense": 270.9
      },
      {
        "costOfGoodsSold": 2098,
        "dilutedAverageSharesOutstanding": 135.8,
        "dilutedEPS": 1.55,
        "ebit": 337,
        "grossIncome": 645.1,
        "interestExpense": 34.148,
        "interestIncomeExpense": -34.1,
        "minorityInterest": -0.1,
        "netIncome": 210.1,
        "netIncomeAfterTaxes": 210.2,
        "nonRecurringItems": -10.7,
        "otherOperatingExpensesTotal": -12.2,
        "period": "2016-09-30",
        "pretaxIncome": 292.2,
        "provisionforIncomeTaxes": 82,
        "revenue": 2743.1,
        "sgaExpense": 320.2,
        "totalOperatingExpense": 308.1
      },
      {
        "costOfGoodsSold": 2250.8,
        "dilutedAverageSharesOutstanding": 135.7,
        "dilutedEPS": 1.78,
        "ebit": 383,
        "grossIncome": 706.3,
        "interestExpense": 32.715,
        "interestIncomeExpense": -32.7,
        "minorityInterest": -0.1,
        "netIncome": 241.8,
        "netIncomeAfterTaxes": 241.9,
        "nonRecurringItems": -14.1,
        "otherOperatingExpensesTotal": -11.8,
        "period": "2016-06-30",
        "pretaxIncome": 336.2,
        "provisionforIncomeTaxes": 94.3,
        "revenue": 2957.2,
        "sgaExpense": 335.1,
        "totalOperatingExpense": 323.3
      },
      {
        "costOfGoodsSold": 2187.8,
        "dilutedAverageSharesOutstanding": 136.6,
        "dilutedEPS": 1.37,
        "ebit": 333.8,
        "grossIncome": 640.9,
        "interestExpense": 33.745,
        "interestIncomeExpense": -33.7,
        "minorityInterest": -0.1,
        "netIncome": 187.1,
        "netIncomeAfterTaxes": 187.1,
        "nonRecurringItems": -27.1,
        "otherOperatingExpensesTotal": -23.4,
        "period": "2016-03-31",
        "pretaxIncome": 273,
        "provisionforIncomeTaxes": 85.9,
        "revenue": 2828.7,
        "sgaExpense": 330.5,
        "totalOperatingExpense": 307.1
      },
      {
        "costOfGoodsSold": 2122.4,
        "dilutedAverageSharesOutstanding": 137.1,
        "dilutedEPS": 1.34,
        "ebit": 287.5,
        "grossIncome": 583.2,
        "interestExpense": 34.297,
        "interestIncomeExpense": -34.3,
        "minorityInterest": -0.2,
        "netIncome": 183,
        "netIncomeAfterTaxes": 183.1,
        "nonRecurringItems": -23.3,
        "otherOperatingExpensesTotal": -13.9,
        "period": "2015-12-31",
        "pretaxIncome": 229.9,
        "provisionforIncomeTaxes": 46.7,
        "revenue": 2705.6,
        "sgaExpense": 309.7,
        "totalOperatingExpense": 295.7
      },
      {
        "costOfGoodsSold": 2186.2,
        "dilutedAverageSharesOutstanding": 138.6,
        "dilutedEPS": 1.41,
        "ebit": 333.3,
        "grossIncome": 683.1,
        "interestExpense": 35.76,
        "interestIncomeExpense": -35.8,
        "minorityInterest": 0,
        "netIncome": 195,
        "netIncomeAfterTaxes": 195,
        "nonRecurringItems": -21.9,
        "otherOperatingExpensesTotal": -13.3,
        "period": "2015-09-30",
        "pretaxIncome": 275.6,
        "provisionforIncomeTaxes": 80.6,
        "revenue": 2869.3,
        "sgaExpense": 363.1,
        "totalOperatingExpense": 349.8
      }
    ],
    "symbol": "PH"
  }
}