{
  "symbol": "CMCSA",
  "statement": "ic",
  "frequency": "quarterly",
  "timestamp": "2025-09-19T13:58:19.606378",
  "data": {
    "financials": [
      {
        "costOfGoodsSold": 7576,
        "depreciationAmortization": 4154,
        "dilutedAverageSharesOutstanding": 3727,
        "dilutedEPS": 2.9844,
        "ebit": 6129,
        "grossIncome": 22737,
        "interestExpense": 1105,
        "interestIncomeExpense": -997,
        "minorityInterest": 79,
        "netIncome": 11123,
        "netIncomeAfterTaxes": 11044,
        "nonRecurringItems": -137,
        "otherOperatingExpensesTotal": 1,
        "period": "2025-06-30",
        "pretaxIncome": 14647,
        "provisionforIncomeTaxes": 3603,
        "revenue": 30313,
        "sgaExpense": 12453,
        "totalOperatingExpense": 16608,
        "totalOtherIncomeExpenseNet": 9652
      },
      {
        "costOfGoodsSold": 8415,
        "depreciationAmortization": 3849,
        "dilutedAverageSharesOutstanding": 3784,
        "dilutedEPS": 0.8919,
        "ebit": 5682,
        "grossIncome": 21472,
        "interestExpense": 1050,
        "interestIncomeExpense": -1268,
        "minorityInterest": 79,
        "netIncome": 3375,
        "netIncomeAfterTaxes": 3296,
        "nonRecurringItems": -24,
        "otherOperatingExpensesTotal": 1,
        "period": "2025-03-31",
        "pretaxIncome": 4492,
        "provisionforIncomeTaxes": 1196,
        "revenue": 29887,
        "sgaExpense": 11940,
        "totalOperatingExpense": 15790,
        "totalOtherIncomeExpenseNet": 102
      },
      {
        "costOfGoodsSold": 10026,
        "depreciationAmortization": 3832,
        "dilutedAverageSharesOutstanding": 3842,
        "dilutedEPS": 1.2434,
        "ebit": 4974,
        "grossIncome": 21888,
        "interestExpense": 1069,
        "interestIncomeExpense": -1460,
        "minorityInterest": 93,
        "netIncome": 4777,
        "netIncomeAfterTaxes": 4684,
        "nonRecurringItems": 19,
        "otherOperatingExpensesTotal": 1,
        "period": "2024-12-31",
        "pretaxIncome": 3574,
        "provisionforIncomeTaxes": -1110,
        "revenue": 31914,
        "sgaExpense": 13081,
        "totalOperatingExpense": 16914,
        "totalOtherIncomeExpenseNet": 41
      },
      {
        "costOfGoodsSold": 10216,
        "depreciationAmortization": 3878,
        "dilutedAverageSharesOutstanding": 3880,
        "dilutedEPS": 0.9353,
        "ebit": 5857,
        "grossIncome": 21854,
        "interestExpense": 1037,
        "interestIncomeExpense": -1211,
        "minorityInterest": 53,
        "netIncome": 3629,
        "netIncomeAfterTaxes": 3576,
        "nonRecurringItems": 2,
        "period": "2024-09-30",
        "pretaxIncome": 4819,
        "provisionforIncomeTaxes": 1243,
        "revenue": 32070,
        "sgaExpense": 12119,
        "totalOperatingExpense": 15997,
        "totalOtherIncomeExpenseNet": 171
      },
      {
        "costOfGoodsSold": 7961,
        "depreciationAmortization": 3540,
        "dilutedAverageSharesOutstanding": 3920,
        "dilutedEPS": 1.0023,
        "ebit": 6632,
        "grossIncome": 21727,
        "interestExpense": 1026,
        "interestIncomeExpense": -1559,
        "minorityInterest": 89,
        "netIncome": 3929,
        "netIncomeAfterTaxes": 3839,
        "nonRecurringItems": 3,
        "period": "2024-06-30",
        "pretaxIncome": 5175,
        "provisionforIncomeTaxes": 1336,
        "revenue": 29688,
        "sgaExpense": 11555,
        "totalOperatingExpense": 15095,
        "totalOtherIncomeExpenseNet": 99
      },
      {
        "costOfGoodsSold": 8823,
        "depreciationAmortization": 3551,
        "dilutedAverageSharesOutstanding": 3992,
        "dilutedEPS": 0.9662,
        "ebit": 5804,
        "grossIncome": 21235,
        "interestExpense": 1002,
        "interestIncomeExpense": -895,
        "minorityInterest": 79,
        "netIncome": 3857,
        "netIncomeAfterTaxes": 3777,
        "nonRecurringItems": 6,
        "otherOperatingExpensesTotal": -1,
        "period": "2024-03-31",
        "pretaxIncome": 5105,
        "provisionforIncomeTaxes": 1328,
        "revenue": 30058,
        "sgaExpense": 11881,
        "totalOperatingExpense": 15431,
        "totalOtherIncomeExpenseNet": 190
      },
      {
        "costOfGoodsSold": 10256,
        "depreciationAmortization": 3528,
        "dilutedAverageSharesOutstanding": 4040,
        "dilutedEPS": 0.8069,
        "ebit": 4484,
        "grossIncome": 20997,
        "interestExpense": 1019,
        "interestIncomeExpense": -682,
        "minorityInterest": 107,
        "netIncome": 3260,
        "netIncomeAfterTaxes": 3154,
        "nonRecurringItems": 0,
        "period": "2023-12-31",
        "pretaxIncome": 4044,
        "provisionforIncomeTaxes": 890,
        "revenue": 31253,
        "sgaExpense": 12985,
        "totalOperatingExpense": 16513,
        "totalOtherIncomeExpenseNet": 242
      },
      {
        "costOfGoodsSold": 8652,
        "depreciationAmortization": 3493,
        "dilutedAverageSharesOutstanding": 4141,
        "dilutedEPS": 0.98,
        "ebit": 6469,
        "grossIncome": 21463,
        "interestExpense": 1060,
        "interestIncomeExpense": -1098,
        "minorityInterest": 49,
        "netIncome": 4046,
        "netIncomeAfterTaxes": 3997,
        "nonRecurringItems": 6,
        "period": "2023-09-30",
        "pretaxIncome": 5465,
        "provisionforIncomeTaxes": 1468,
        "revenue": 30115,
        "sgaExpense": 11501,
        "totalOperatingExpense": 14994,
        "totalOtherIncomeExpenseNet": 88
      },
      {
        "costOfGoodsSold": 8849,
        "depreciationAmortization": 3538,
        "dilutedAverageSharesOutstanding": 4183,
        "dilutedEPS": 1.02,
        "ebit": 6706,
        "grossIncome": 21664,
        "interestExpense": 998,
        "interestIncomeExpense": -1116,
        "minorityInterest": 59,
        "netIncome": 4248,
        "netIncomeAfterTaxes": 4189,
        "nonRecurringItems": 3,
        "period": "2023-06-30",
        "pretaxIncome": 5726,
        "provisionforIncomeTaxes": 1537,
        "revenue": 30513,
        "sgaExpense": 11420,
        "totalOperatingExpense": 14958,
        "totalOtherIncomeExpenseNet": 133
      },
      {
        "costOfGoodsSold": 9004,
        "depreciationAmortization": 3777,
        "dilutedAverageSharesOutstanding": 4227,
        "dilutedEPS": 0.91,
        "ebit": 5638,
        "grossIncome": 20687,
        "interestExpense": 1010,
        "interestIncomeExpense": -531,
        "minorityInterest": 67,
        "netIncome": 3834,
        "netIncomeAfterTaxes": 3767,
        "nonRecurringItems": 8,
        "period": "2023-03-31",
        "pretaxIncome": 5243,
        "provisionforIncomeTaxes": 1476,
        "revenue": 29691,
        "sgaExpense": 11272,
        "totalOperatingExpense": 15049,
        "totalOtherIncomeExpenseNet": 128
      },
      {
        "costOfGoodsSold": 9807,
        "depreciationAmortization": 3472,
        "dilutedAverageSharesOutstanding": 4289,
        "dilutedEPS": 0.7,
        "ebit": 4528,
        "grossIncome": 20746,
        "interestExpense": 974,
        "interestIncomeExpense": -1102,
        "minorityInterest": 150,
        "netIncome": 3023,
        "netIncomeAfterTaxes": 2873,
        "nonRecurringItems": 2,
        "otherOperatingExpensesTotal": 0,
        "period": "2022-12-31",
        "pretaxIncome": 3670,
        "provisionforIncomeTaxes": 797,
        "revenue": 30553,
        "sgaExpense": 12746,
        "totalOperatingExpense": 16218,
        "totalOtherIncomeExpenseNet": 242
      },
      {
        "costOfGoodsSold": 8949,
        "depreciationAmortization": 3333,
        "dilutedAverageSharesOutstanding": 4377,
        "dilutedEPS": -1.05,
        "ebit": 6149,
        "grossIncome": 20900,
        "interestExpense": 960,
        "interestIncomeExpense": -1205,
        "minorityInterest": 68,
        "netIncome": -4598,
        "netIncomeAfterTaxes": -4666,
        "nonRecurringItems": -8574,
        "otherOperatingExpensesTotal": -1,
        "period": "2022-09-30",
        "pretaxIncome": -3652,
        "provisionforIncomeTaxes": 1014,
        "revenue": 29849,
        "sgaExpense": 11419,
        "totalOperatingExpense": 14751,
        "totalOtherIncomeExpenseNet": -22
      },
      {
        "costOfGoodsSold": 8887,
        "depreciationAmortization": 3468,
        "dilutedAverageSharesOutstanding": 4482,
        "dilutedEPS": 0.76,
        "ebit": 6358,
        "grossIncome": 21129,
        "interestExpense": 968,
        "interestIncomeExpense": -1703,
        "minorityInterest": 155,
        "netIncome": 3396,
        "netIncomeAfterTaxes": 3241,
        "nonRecurringItems": 9,
        "period": "2022-06-30",
        "pretaxIncome": 4502,
        "provisionforIncomeTaxes": 1261,
        "revenue": 30016,
        "sgaExpense": 11303,
        "totalOperatingExpense": 14771,
        "totalOtherIncomeExpenseNet": -162
      },
      {
        "costOfGoodsSold": 10570,
        "depreciationAmortization": 3548,
        "dilutedAverageSharesOutstanding": 4558,
        "dilutedEPS": 0.78,
        "ebit": 5602,
        "grossIncome": 20440,
        "interestExpense": 993,
        "interestIncomeExpense": -743,
        "minorityInterest": 73,
        "netIncome": 3549,
        "netIncomeAfterTaxes": 3476,
        "nonRecurringItems": -33,
        "otherOperatingExpensesTotal": 1,
        "period": "2022-03-31",
        "pretaxIncome": 4764,
        "provisionforIncomeTaxes": 1288,
        "revenue": 31010,
        "sgaExpense": 11289,
        "totalOperatingExpense": 14838,
        "totalOtherIncomeExpenseNet": -62
      },
      {
        "costOfGoodsSold": 9880,
        "depreciationAmortization": 3582,
        "dilutedAverageSharesOutstanding": 4612,
        "dilutedEPS": 0.66,
        "ebit": 4829,
        "grossIncome": 20456,
        "interestExpense": 1120,
        "interestIncomeExpense": -1002,
        "minorityInterest": 76,
        "netIncome": 3057,
        "netIncomeAfterTaxes": 2980,
        "nonRecurringItems": -8,
        "period": "2021-12-31",
        "pretaxIncome": 3885,
        "provisionforIncomeTaxes": 905,
        "revenue": 30336,
        "sgaExpense": 12045,
        "totalOperatingExpense": 15627,
        "totalOtherIncomeExpenseNet": 66
      },
      {
        "costOfGoodsSold": 10395,
        "depreciationAmortization": 3478,
        "dilutedAverageSharesOutstanding": 4665,
        "dilutedEPS": 0.86,
        "ebit": 5480,
        "grossIncome": 19903,
        "interestExpense": 1050,
        "interestIncomeExpense": -343,
        "minorityInterest": 104,
        "netIncome": 4035,
        "netIncomeAfterTaxes": 3931,
        "nonRecurringItems": -30,
        "otherOperatingExpensesTotal": -1,
        "period": "2021-09-30",
        "pretaxIncome": 5166,
        "provisionforIncomeTaxes": 1235,
        "revenue": 30298,
        "sgaExpense": 10946,
        "totalOperatingExpense": 14423,
        "totalOtherIncomeExpenseNet": 59
      },
      {
        "costOfGoodsSold": 9256,
        "depreciationAmortization": 3383,
        "dilutedAverageSharesOutstanding": 4673,
        "dilutedEPS": 0.8,
        "ebit": 5543,
        "grossIncome": 19290,
        "interestExpense": 1093,
        "interestIncomeExpense": 54,
        "minorityInterest": 108,
        "netIncome": 3738,
        "netIncomeAfterTaxes": 3630,
        "nonRecurringItems": -36,
        "period": "2021-06-30",
        "pretaxIncome": 5630,
        "provisionforIncomeTaxes": 2000,
        "revenue": 28546,
        "sgaExpense": 10364,
        "totalOperatingExpense": 13747,
        "totalOtherIncomeExpenseNet": 69
      },
      {
        "costOfGoodsSold": 8919,
        "depreciationAmortization": 3362,
        "dilutedAverageSharesOutstanding": 4665,
        "dilutedEPS": 0.71,
        "ebit": 5051,
        "grossIncome": 18286,
        "interestExpense": 1018,
        "interestIncomeExpense": -645,
        "minorityInterest": 37,
        "netIncome": 3329,
        "netIncomeAfterTaxes": 3292,
        "nonRecurringItems": -12,
        "period": "2021-03-31",
        "pretaxIncome": 4411,
        "provisionforIncomeTaxes": 1119,
        "revenue": 27205,
        "sgaExpense": 9873,
        "totalOperatingExpense": 13235,
        "totalOtherIncomeExpenseNet": 17
      },
      {
        "costOfGoodsSold": 9438,
        "depreciationAmortization": 3252,
        "dilutedAverageSharesOutstanding": 4648,
        "dilutedEPS": 0.73,
        "ebit": 3934,
        "grossIncome": 18270,
        "interestExpense": 1044,
        "interestIncomeExpense": 426,
        "minorityInterest": -57,
        "netIncome": 3380,
        "netIncomeAfterTaxes": 3437,
        "nonRecurringItems": -16,
        "period": "2020-12-31",
        "pretaxIncome": 4416,
        "provisionforIncomeTaxes": 979,
        "revenue": 27708,
        "sgaExpense": 11084,
        "totalOperatingExpense": 14336,
        "totalOtherIncomeExpenseNet": 72
      },
      {
        "costOfGoodsSold": 8565,
        "depreciationAmortization": 3320,
        "dilutedAverageSharesOutstanding": 4628,
        "dilutedEPS": 0.44,
        "ebit": 4086,
        "grossIncome": 16967,
        "interestExpense": 1220,
        "interestIncomeExpense": -1368,
        "minorityInterest": -12,
        "netIncome": 2019,
        "netIncomeAfterTaxes": 2031,
        "nonRecurringItems": -10,
        "period": "2020-09-30",
        "pretaxIncome": 2770,
        "provisionforIncomeTaxes": 739,
        "revenue": 25532,
        "sgaExpense": 9561,
        "totalOperatingExpense": 12881,
        "totalOtherIncomeExpenseNet": 62
      },
      {
        "costOfGoodsSold": 6817,
        "depreciationAmortization": 3264,
        "dilutedAverageSharesOutstanding": 4607,
        "dilutedEPS": 0.65,
        "ebit": 4663,
        "grossIncome": 16898,
        "interestExpense": 1112,
        "interestIncomeExpense": -807,
        "minorityInterest": -21,
        "netIncome": 2988,
        "netIncomeAfterTaxes": 3009,
        "nonRecurringItems": -16,
        "period": "2020-06-30",
        "pretaxIncome": 3955,
        "provisionforIncomeTaxes": 946,
        "revenue": 23715,
        "sgaExpense": 8971,
        "totalOperatingExpense": 12235,
        "totalOtherIncomeExpenseNet": 115
      },
      {
        "costOfGoodsSold": 8301,
        "depreciationAmortization": 3264,
        "dilutedAverageSharesOutstanding": 4617,
        "dilutedEPS": 0.47,
        "ebit": 4866,
        "grossIncome": 18308,
        "interestExpense": 1212,
        "interestIncomeExpense": -1938,
        "minorityInterest": -77,
        "netIncome": 2147,
        "netIncomeAfterTaxes": 2224,
        "nonRecurringItems": -14,
        "period": "2020-03-31",
        "pretaxIncome": 2924,
        "provisionforIncomeTaxes": 700,
        "revenue": 26609,
        "sgaExpense": 10178,
        "totalOperatingExpense": 13442,
        "totalOtherIncomeExpenseNet": 10
      },
      {
        "costOfGoodsSold": 9300,
        "depreciationAmortization": 3177,
        "dilutedAverageSharesOutstanding": 4622,
        "dilutedEPS": 0.68,
        "ebit": 5259,
        "grossIncome": 19098,
        "interestExpense": 1113,
        "interestIncomeExpense": -1249,
        "minorityInterest": -38,
        "netIncome": 3162,
        "netIncomeAfterTaxes": 3200,
        "nonRecurringItems": -12,
        "period": "2019-12-31",
        "pretaxIncome": 4061,
        "provisionforIncomeTaxes": 861,
        "revenue": 28398,
        "sgaExpense": 10662,
        "totalOperatingExpense": 13839,
        "totalOtherIncomeExpenseNet": 63
      },
      {
        "costOfGoodsSold": 8316,
        "depreciationAmortization": 3180,
        "dilutedAverageSharesOutstanding": 4619,
        "dilutedEPS": 0.7,
        "ebit": 5373,
        "grossIncome": 18511,
        "interestExpense": 1167,
        "interestIncomeExpense": -1348,
        "minorityInterest": -71,
        "netIncome": 3217,
        "netIncomeAfterTaxes": 3288,
        "nonRecurringItems": -33,
        "period": "2019-09-30",
        "pretaxIncome": 4063,
        "provisionforIncomeTaxes": 775,
        "revenue": 26827,
        "sgaExpense": 9958,
        "totalOperatingExpense": 13138,
        "totalOtherIncomeExpenseNet": 71
      },
      {
        "costOfGoodsSold": 8255,
        "depreciationAmortization": 3276,
        "dilutedAverageSharesOutstanding": 4607,
        "dilutedEPS": 0.68,
        "ebit": 5440,
        "grossIncome": 18603,
        "interestExpense": 1137,
        "interestIncomeExpense": -1145,
        "minorityInterest": -78,
        "netIncome": 3125,
        "netIncomeAfterTaxes": 3203,
        "nonRecurringItems": -84,
        "period": "2019-06-30",
        "pretaxIncome": 4164,
        "provisionforIncomeTaxes": 961,
        "revenue": 26858,
        "sgaExpense": 9887,
        "totalOperatingExpense": 13163,
        "totalOtherIncomeExpenseNet": -47
      },
      {
        "costOfGoodsSold": 8569,
        "depreciationAmortization": 3320,
        "dilutedAverageSharesOutstanding": 4594,
        "dilutedEPS": 0.77,
        "ebit": 5233,
        "grossIncome": 18290,
        "interestExpense": 1150,
        "interestIncomeExpense": -674,
        "minorityInterest": -79,
        "netIncome": 3553,
        "netIncomeAfterTaxes": 3632,
        "nonRecurringItems": -51,
        "period": "2019-03-31",
        "pretaxIncome": 4708,
        "provisionforIncomeTaxes": 1076,
        "revenue": 26859,
        "sgaExpense": 9737,
        "totalOperatingExpense": 13057,
        "totalOtherIncomeExpenseNet": 200
      },
      {
        "costOfGoodsSold": 9252,
        "depreciationAmortization": 3197,
        "dilutedAverageSharesOutstanding": 4595,
        "dilutedEPS": 0.55,
        "ebit": 4639,
        "grossIncome": 18594,
        "interestExpense": 1129,
        "interestIncomeExpense": -1574,
        "minorityInterest": -71,
        "netIncome": 2511,
        "netIncomeAfterTaxes": 2582,
        "nonRecurringItems": -125,
        "period": "2018-12-31",
        "pretaxIncome": 3068,
        "provisionforIncomeTaxes": 486,
        "revenue": 27846,
        "sgaExpense": 10758,
        "totalOperatingExpense": 13955,
        "totalOtherIncomeExpenseNet": 128
      },
      {
        "costOfGoodsSold": 6711,
        "depreciationAmortization": 2618,
        "dilutedAverageSharesOutstanding": 4619,
        "dilutedEPS": 0.62,
        "ebit": 4695,
        "grossIncome": 15424,
        "interestExpense": 830,
        "interestIncomeExpense": -944,
        "minorityInterest": -10,
        "netIncome": 2886,
        "netIncomeAfterTaxes": 3044,
        "nonRecurringItems": 141,
        "period": "2018-09-30",
        "pretaxIncome": 3895,
        "provisionforIncomeTaxes": 851,
        "revenue": 22135,
        "sgaExpense": 8111,
        "totalOperatingExpense": 10729,
        "totalOtherIncomeExpenseNet": 3
      },
      {
        "costOfGoodsSold": 6300,
        "depreciationAmortization": 2603,
        "dilutedAverageSharesOutstanding": 4643,
        "dilutedEPS": 0.69,
        "ebit": 4814,
        "grossIncome": 15435,
        "interestExpense": 806,
        "interestIncomeExpense": -777,
        "minorityInterest": 8,
        "netIncome": 3216,
        "netIncomeAfterTaxes": 3208,
        "nonRecurringItems": 200,
        "period": "2018-06-30",
        "pretaxIncome": 4285,
        "provisionforIncomeTaxes": 1077,
        "revenue": 21735,
        "sgaExpense": 8018,
        "totalOperatingExpense": 10621,
        "totalOtherIncomeExpenseNet": 48
      },
      {
        "costOfGoodsSold": 7429,
        "depreciationAmortization": 2599,
        "dilutedAverageSharesOutstanding": 4705,
        "dilutedEPS": 0.66,
        "ebit": 4645,
        "grossIncome": 15362,
        "interestExpense": 777,
        "interestIncomeExpense": -798,
        "minorityInterest": -58,
        "netIncome": 3118,
        "netIncomeAfterTaxes": 3048,
        "period": "2018-03-31",
        "pretaxIncome": 3994,
        "provisionforIncomeTaxes": 946,
        "revenue": 22791,
        "sgaExpense": 8118,
        "totalOperatingExpense": 10717,
        "totalOtherIncomeExpenseNet": 147
      },
      {
        "costOfGoodsSold": 6905,
        "depreciationAmortization": 2609,
        "dilutedAverageSharesOutstanding": 4726,
        "dilutedEPS": 3.17,
        "ebit": 4129,
        "grossIncome": 15170,
        "interestExpense": 807,
        "interestIncomeExpense": -729,
        "minorityInterest": -52,
        "netIncome": 14999,
        "netIncomeAfterTaxes": 2369,
        "nonRecurringItems": 0,
        "period": "2017-12-31",
        "pretaxIncome": 3444,
        "provisionforIncomeTaxes": 1075,
        "revenue": 22075,
        "sgaExpense": 8432,
        "totalOperatingExpense": 11041,
        "totalOtherIncomeExpenseNet": 44
      },
      {
        "costOfGoodsSold": 6059,
        "depreciationAmortization": 2546,
        "dilutedAverageSharesOutstanding": 4777,
        "dilutedEPS": 0.55,
        "ebit": 4587,
        "grossIncome": 15022,
        "interestExpense": 766,
        "interestIncomeExpense": -798,
        "minorityInterest": -32,
        "netIncome": 2642,
        "netIncomeAfterTaxes": 2674,
        "nonRecurringItems": 192,
        "period": "2017-09-30",
        "pretaxIncome": 4083,
        "provisionforIncomeTaxes": 1409,
        "revenue": 21081,
        "sgaExpense": 7889,
        "totalOperatingExpense": 10435,
        "totalOtherIncomeExpenseNet": 102
      },
      {
        "costOfGoodsSold": 6330,
        "depreciationAmortization": 2507,
        "dilutedAverageSharesOutstanding": 4809,
        "dilutedEPS": 0.52,
        "ebit": 4568,
        "grossIncome": 14956,
        "interestExpense": 758,
        "interestIncomeExpense": -745,
        "minorityInterest": -21,
        "netIncome": 2521,
        "netIncomeAfterTaxes": 2542,
        "nonRecurringItems": 0,
        "period": "2017-06-30",
        "pretaxIncome": 3909,
        "provisionforIncomeTaxes": 1367,
        "revenue": 21286,
        "sgaExpense": 7881,
        "totalOperatingExpense": 10388,
        "totalOtherIncomeExpenseNet": 86
      },
      {
        "costOfGoodsSold": 6061,
        "depreciationAmortization": 2468,
        "dilutedAverageSharesOutstanding": 4832,
        "dilutedEPS": 0.53,
        "ebit": 4542,
        "grossIncome": 14526,
        "interestExpense": 755,
        "interestIncomeExpense": -755,
        "minorityInterest": -82,
        "netIncome": 2573,
        "netIncomeAfterTaxes": 2655,
        "period": "2017-03-31",
        "pretaxIncome": 3917,
        "provisionforIncomeTaxes": 1262,
        "revenue": 20587,
        "sgaExpense": 7516,
        "totalOperatingExpense": 9984,
        "totalOtherIncomeExpenseNet": 130
      },
      {
        "costOfGoodsSold": 6537,
        "depreciationAmortization": 2496,
        "dilutedAverageSharesOutstanding": 4492,
        "dilutedEPS": 0.51,
        "ebit": 4264,
        "grossIncome": 14488,
        "interestExpense": 756,
        "interestIncomeExpense": -758,
        "minorityInterest": -121,
        "netIncome": 2296,
        "netIncomeAfterTaxes": 2417,
        "nonRecurringItems": -6,
        "period": "2016-12-31",
        "pretaxIncome": 3736,
        "provisionforIncomeTaxes": 1319,
        "revenue": 21025,
        "sgaExpense": 7728,
        "totalOperatingExpense": 10224,
        "totalOtherIncomeExpenseNet": 236
      },
      {
        "costOfGoodsSold": 7003,
        "depreciationAmortization": 2395,
        "dilutedAverageSharesOutstanding": 4862,
        "dilutedEPS": 0.46,
        "ebit": 4440,
        "grossIncome": 14316,
        "interestExpense": 751,
        "interestIncomeExpense": -734,
        "minorityInterest": -87,
        "netIncome": 2237,
        "netIncomeAfterTaxes": 2324,
        "nonRecurringItems": -7,
        "period": "2016-09-30",
        "pretaxIncome": 3724,
        "provisionforIncomeTaxes": 1400,
        "revenue": 21319,
        "sgaExpense": 7481,
        "totalOperatingExpense": 9876,
        "totalOtherIncomeExpenseNet": 25
      },
      {
        "costOfGoodsSold": 5492,
        "depreciationAmortization": 2389,
        "dilutedAverageSharesOutstanding": 4892,
        "dilutedEPS": 0.41,
        "ebit": 4066,
        "grossIncome": 13777,
        "interestExpense": 732,
        "interestIncomeExpense": -706,
        "minorityInterest": -52,
        "netIncome": 2028,
        "netIncomeAfterTaxes": 2080,
        "nonRecurringItems": -1,
        "period": "2016-06-30",
        "pretaxIncome": 3358,
        "provisionforIncomeTaxes": 1278,
        "revenue": 19269,
        "sgaExpense": 7322,
        "totalOperatingExpense": 9711,
        "totalOtherIncomeExpenseNet": -1
      },
      {
        "costOfGoodsSold": 5431,
        "depreciationAmortization": 2278,
        "dilutedAverageSharesOutstanding": 4924,
        "dilutedEPS": 0.43,
        "ebit": 4089,
        "grossIncome": 13359,
        "interestExpense": 703,
        "interestIncomeExpense": -683,
        "minorityInterest": -90,
        "netIncome": 2134,
        "netIncomeAfterTaxes": 2224,
        "nonRecurringItems": -20,
        "period": "2016-03-31",
        "pretaxIncome": 3535,
        "provisionforIncomeTaxes": 1311,
        "revenue": 18790,
        "sgaExpense": 6992,
        "totalOperatingExpense": 9270,
        "totalOtherIncomeExpenseNet": 149
      },
      {
        "costOfGoodsSold": 5836,
        "depreciationAmortization": 2270,
        "dilutedAverageSharesOutstanding": 4964,
        "dilutedEPS": 0.4,
        "ebit": 4002,
        "grossIncome": 13409,
        "interestExpense": 674,
        "interestIncomeExpense": -760,
        "minorityInterest": -85,
        "netIncome": 1971,
        "netIncomeAfterTaxes": 2056,
        "nonRecurringItems": -13,
        "period": "2015-12-31",
        "pretaxIncome": 3218,
        "provisionforIncomeTaxes": 1162,
        "revenue": 19245,
        "sgaExpense": 7137,
        "totalOperatingExpense": 9407,
        "totalOtherIncomeExpenseNet": -11
      },
      {
        "costOfGoodsSold": 5582,
        "depreciationAmortization": 2183,
        "dilutedAverageSharesOutstanding": 5004,
        "dilutedEPS": 0.4,
        "ebit": 4001,
        "grossIncome": 13087,
        "interestExpense": 659,
        "interestIncomeExpense": -633,
        "minorityInterest": -45,
        "netIncome": 1996,
        "netIncomeAfterTaxes": 2041,
        "nonRecurringItems": -15,
        "period": "2015-09-30",
        "pretaxIncome": 3264,
        "provisionforIncomeTaxes": 1223,
        "revenue": 18669,
        "sgaExpense": 6903,
        "totalOperatingExpense": 9086,
        "totalOtherIncomeExpenseNet": -89
      }
    ],
    "symbol": "CMCSA"
  }
}