{
  "symbol": "SPG",
  "statement": "ic",
  "frequency": "quarterly",
  "timestamp": "2025-09-19T14:06:39.747089",
  "data": {
    "financials": [
      {
        "costOfGoodsSold": 271.369,
        "depreciationAmortization": 339.058,
        "dilutedAverageSharesOutstanding": 326.4873,
        "dilutedEPS": 1.7034,
        "ebit": 744.197,
        "gainLossOnDispositionOfAssets": -9.604,
        "grossIncome": 1227.09,
        "interestIncomeExpense": -55.805,
        "minorityInterest": -86.714,
        "netIncome": 556.133,
        "netIncomeAfterTaxes": 643.681,
        "otherOperatingExpensesTotal": 35.663,
        "period": "2025-06-30",
        "pretaxIncome": 643.681,
        "revenue": 1498.459,
        "sgaExpense": 108.172,
        "totalOperatingExpense": 482.893,
        "totalOtherIncomeExpenseNet": -35.107
      },
      {
        "costOfGoodsSold": 274.415,
        "depreciationAmortization": 328.051,
        "dilutedAverageSharesOutstanding": 326.3134,
        "dilutedEPS": 1.2678,
        "ebit": 727.616,
        "gainLossOnDispositionOfAssets": 0,
        "grossIncome": 1198.597,
        "interestExpense": 226.995,
        "interestIncomeExpense": -257.393,
        "minorityInterest": -63.327,
        "netIncome": 413.699,
        "netIncomeAfterTaxes": 477.86,
        "otherOperatingExpensesTotal": 30.978,
        "period": "2025-03-31",
        "pretaxIncome": 477.86,
        "revenue": 1473.012,
        "sgaExpense": 111.952,
        "totalOperatingExpense": 470.981,
        "totalOtherIncomeExpenseNet": 7.637
      },
      {
        "costOfGoodsSold": 271.774,
        "depreciationAmortization": 327.591,
        "dilutedAverageSharesOutstanding": 179.6524,
        "dilutedEPS": 3.714,
        "ebit": 835.746,
        "gainLossOnDispositionOfAssets": -82.57,
        "grossIncome": 1310.458,
        "interestExpense": 227.415,
        "interestIncomeExpense": -13.325,
        "minorityInterest": -103.694,
        "netIncome": 667.231,
        "netIncomeAfterTaxes": 771.759,
        "otherOperatingExpensesTotal": 29.293,
        "period": "2024-12-31",
        "pretaxIncome": 771.759,
        "revenue": 1582.232,
        "sgaExpense": 117.828,
        "totalOperatingExpense": 474.712,
        "totalOtherIncomeExpenseNet": 31.908
      },
      {
        "costOfGoodsSold": 258.132,
        "depreciationAmortization": 320.365,
        "dilutedAverageSharesOutstanding": 375.0972,
        "dilutedEPS": 1.2668,
        "ebit": 767.769,
        "gainLossOnDispositionOfAssets": -1.228,
        "grossIncome": 1222.578,
        "interestExpense": 226.424,
        "interestIncomeExpense": -217.265,
        "minorityInterest": -70.676,
        "netIncome": 475.161,
        "netIncomeAfterTaxes": 546.671,
        "otherOperatingExpensesTotal": 37.784,
        "period": "2024-09-30",
        "pretaxIncome": 546.671,
        "revenue": 1480.71,
        "sgaExpense": 96.66,
        "totalOperatingExpense": 454.809,
        "totalOtherIncomeExpenseNet": -2.605
      },
      {
        "costOfGoodsSold": 252.456,
        "depreciationAmortization": 310.016,
        "dilutedAverageSharesOutstanding": 326.0385,
        "dilutedEPS": 1.5135,
        "ebit": 754.101,
        "gainLossOnDispositionOfAssets": -2.986,
        "grossIncome": 1205.81,
        "interestExpense": 221.338,
        "interestIncomeExpense": -176.719,
        "minorityInterest": -75.136,
        "netIncome": 493.465,
        "netIncomeAfterTaxes": 569.435,
        "otherOperatingExpensesTotal": 41.545,
        "period": "2024-06-30",
        "pretaxIncome": 569.435,
        "revenue": 1458.266,
        "sgaExpense": 100.148,
        "totalOperatingExpense": 451.709,
        "totalOtherIncomeExpenseNet": -4.961
      },
      {
        "costOfGoodsSold": 261.052,
        "depreciationAmortization": 307.369,
        "dilutedAverageSharesOutstanding": 325.9115,
        "dilutedEPS": 2.2451,
        "ebit": 735.18,
        "gainLossOnDispositionOfAssets": 10.966,
        "grossIncome": 1181.538,
        "interestExpense": 230.623,
        "interestIncomeExpense": 142.612,
        "minorityInterest": -108.619,
        "netIncome": 731.702,
        "netIncomeAfterTaxes": 841.155,
        "otherOperatingExpensesTotal": 41.053,
        "period": "2024-03-31",
        "pretaxIncome": 841.155,
        "revenue": 1442.59,
        "sgaExpense": 97.936,
        "totalOperatingExpense": 446.358,
        "totalOtherIncomeExpenseNet": -47.603
      },
      {
        "costOfGoodsSold": 255.544,
        "depreciationAmortization": 320.256,
        "dilutedAverageSharesOutstanding": 183.7374,
        "dilutedEPS": 4.0682,
        "ebit": 792.139,
        "gainLossOnDispositionOfAssets": 6.841,
        "grossIncome": 1271.894,
        "interestExpense": 224.923,
        "interestIncomeExpense": 102.138,
        "minorityInterest": -111.182,
        "netIncome": 747.48,
        "netIncomeAfterTaxes": 859.496,
        "otherOperatingExpensesTotal": 55.475,
        "period": "2023-12-31",
        "pretaxIncome": 859.496,
        "revenue": 1527.438,
        "sgaExpense": 104.024,
        "totalOperatingExpense": 479.755,
        "totalOtherIncomeExpenseNet": -41.622
      },
      {
        "costOfGoodsSold": 274.657,
        "depreciationAmortization": 315.259,
        "dilutedAverageSharesOutstanding": 374.8169,
        "dilutedEPS": 1.5851,
        "ebit": 694.234,
        "gainLossOnDispositionOfAssets": -5.541,
        "grossIncome": 1136.291,
        "interestExpense": 212.21,
        "interestIncomeExpense": 35.287,
        "minorityInterest": -85.789,
        "netIncome": 594.139,
        "netIncomeAfterTaxes": 680.762,
        "otherOperatingExpensesTotal": 41.24,
        "period": "2023-09-30",
        "pretaxIncome": 680.762,
        "revenue": 1410.948,
        "sgaExpense": 85.558,
        "totalOperatingExpense": 442.057,
        "totalOtherIncomeExpenseNet": -43.218
      },
      {
        "costOfGoodsSold": 253.102,
        "depreciationAmortization": 319.534,
        "dilutedAverageSharesOutstanding": 327.1898,
        "dilutedEPS": 1.4864,
        "ebit": 657.925,
        "gainLossOnDispositionOfAssets": -4.356,
        "grossIncome": 1116.499,
        "interestExpense": 218.086,
        "interestIncomeExpense": -85.577,
        "minorityInterest": -70.328,
        "netIncome": 486.343,
        "netIncomeAfterTaxes": 557.505,
        "otherOperatingExpensesTotal": 45.231,
        "period": "2023-06-30",
        "pretaxIncome": 557.505,
        "revenue": 1369.601,
        "sgaExpense": 93.809,
        "totalOperatingExpense": 458.574,
        "totalOtherIncomeExpenseNet": -10.487
      },
      {
        "costOfGoodsSold": 245.081,
        "depreciationAmortization": 307.059,
        "dilutedAverageSharesOutstanding": 326.9543,
        "dilutedEPS": 1.3819,
        "ebit": 662.723,
        "gainLossOnDispositionOfAssets": 0,
        "grossIncome": 1105.768,
        "interestExpense": 199.429,
        "interestIncomeExpense": -156.921,
        "minorityInterest": -66.594,
        "netIncome": 451.827,
        "netIncomeAfterTaxes": 519.255,
        "otherOperatingExpensesTotal": 45.9,
        "period": "2023-03-31",
        "pretaxIncome": 519.255,
        "revenue": 1350.849,
        "sgaExpense": 90.086,
        "totalOperatingExpense": 443.045,
        "totalOtherIncomeExpenseNet": 13.453
      },
      {
        "costOfGoodsSold": 266.421,
        "depreciationAmortization": 317.181,
        "dilutedAverageSharesOutstanding": 326.9443,
        "dilutedEPS": 2.0609,
        "ebit": 684.205,
        "gainLossOnDispositionOfAssets": 4.768,
        "grossIncome": 1133.476,
        "interestExpense": 200.9,
        "interestIncomeExpense": 136.119,
        "minorityInterest": -98.128,
        "netIncome": 673.786,
        "netIncomeAfterTaxes": 772.748,
        "otherOperatingExpensesTotal": 45.564,
        "period": "2022-12-31",
        "pretaxIncome": 772.748,
        "revenue": 1399.897,
        "sgaExpense": 86.526,
        "totalOperatingExpense": 449.271,
        "totalOtherIncomeExpenseNet": -52.344
      },
      {
        "costOfGoodsSold": 252.429,
        "depreciationAmortization": 301.754,
        "dilutedAverageSharesOutstanding": 327.286,
        "dilutedEPS": 1.647,
        "ebit": 652.196,
        "gainLossOnDispositionOfAssets": 17.262,
        "grossIncome": 1063.357,
        "interestExpense": 187.878,
        "interestIncomeExpense": -39.355,
        "minorityInterest": -81.975,
        "netIncome": 539.038,
        "netIncomeAfterTaxes": 621.847,
        "otherOperatingExpensesTotal": 30.81,
        "period": "2022-09-30",
        "pretaxIncome": 621.847,
        "revenue": 1315.786,
        "sgaExpense": 78.597,
        "totalOperatingExpense": 411.161,
        "totalOtherIncomeExpenseNet": -8.256
      },
      {
        "costOfGoodsSold": 244.447,
        "depreciationAmortization": 298.273,
        "dilutedAverageSharesOutstanding": 328.4446,
        "dilutedEPS": 1.5124,
        "ebit": 626.761,
        "gainLossOnDispositionOfAssets": -17.875,
        "grossIncome": 1035.395,
        "interestExpense": 187.316,
        "interestIncomeExpense": -15.06,
        "minorityInterest": -71.903,
        "netIncome": 496.743,
        "netIncomeAfterTaxes": 569.48,
        "nonRecurringItems": 0,
        "otherOperatingExpensesTotal": 33.421,
        "period": "2022-06-30",
        "pretaxIncome": 569.48,
        "revenue": 1279.842,
        "sgaExpense": 76.94,
        "totalOperatingExpense": 408.634,
        "totalOtherIncomeExpenseNet": -24.346
      },
      {
        "costOfGoodsSold": 237.659,
        "depreciationAmortization": 310.163,
        "dilutedAverageSharesOutstanding": 328.6064,
        "dilutedEPS": 1.2983,
        "ebit": 620.391,
        "gainLossOnDispositionOfAssets": 1.491,
        "grossIncome": 1058.263,
        "interestExpense": 185.159,
        "interestIncomeExpense": -135.007,
        "minorityInterest": -60.846,
        "netIncome": 426.63,
        "netIncomeAfterTaxes": 488.31,
        "nonRecurringItems": 0,
        "otherOperatingExpensesTotal": 42.416,
        "period": "2022-03-31",
        "pretaxIncome": 488.31,
        "revenue": 1295.922,
        "sgaExpense": 85.293,
        "totalOperatingExpense": 437.872,
        "totalOtherIncomeExpenseNet": 1.435
      },
      {
        "costOfGoodsSold": 269.89,
        "depreciationAmortization": 319.864,
        "dilutedAverageSharesOutstanding": 328.6196,
        "dilutedEPS": 1.5314,
        "ebit": 591.532,
        "gainLossOnDispositionOfAssets": 5.255,
        "grossIncome": 1056.247,
        "interestExpense": 193.505,
        "interestIncomeExpense": 46.064,
        "minorityInterest": -69.655,
        "netIncome": 503.241,
        "netIncomeAfterTaxes": 573.73,
        "nonRecurringItems": -20.289,
        "otherOperatingExpensesTotal": 56.338,
        "period": "2021-12-31",
        "pretaxIncome": 573.73,
        "revenue": 1326.137,
        "sgaExpense": 88.513,
        "totalOperatingExpense": 464.715,
        "totalOtherIncomeExpenseNet": -48.832
      },
      {
        "costOfGoodsSold": 247.385,
        "depreciationAmortization": 311.381,
        "dilutedAverageSharesOutstanding": 328.6192,
        "dilutedEPS": 2.0691,
        "ebit": 612.324,
        "gainLossOnDispositionOfAssets": 108.543,
        "grossIncome": 1049.169,
        "interestExpense": 199.772,
        "interestIncomeExpense": 153.636,
        "minorityInterest": -97.878,
        "netIncome": 679.936,
        "netIncomeAfterTaxes": 778.648,
        "nonRecurringItems": -28.593,
        "otherOperatingExpensesTotal": 31.253,
        "period": "2021-09-30",
        "pretaxIncome": 778.648,
        "revenue": 1296.554,
        "sgaExpense": 94.211,
        "totalOperatingExpense": 436.845,
        "totalOtherIncomeExpenseNet": -67.262
      },
      {
        "costOfGoodsSold": 229.804,
        "depreciationAmortization": 315.732,
        "dilutedAverageSharesOutstanding": 328.5941,
        "dilutedEPS": 1.8785,
        "ebit": 604.723,
        "grossIncome": 1024.342,
        "interestExpense": 200.419,
        "interestIncomeExpense": 148.149,
        "minorityInterest": -87.778,
        "netIncome": 617.257,
        "netIncomeAfterTaxes": 705.869,
        "otherOperatingExpensesTotal": 29.369,
        "period": "2021-06-30",
        "pretaxIncome": 705.869,
        "revenue": 1254.146,
        "sgaExpense": 74.518,
        "totalOperatingExpense": 419.619,
        "totalOtherIncomeExpenseNet": -47.003
      },
      {
        "costOfGoodsSold": 224,
        "depreciationAmortization": 315.7,
        "dilutedAverageSharesOutstanding": 328.5,
        "dilutedEPS": 1.36,
        "ebit": 604.7,
        "gainLossOnDispositionOfAssets": 93.1,
        "grossIncome": 1016,
        "interestExpense": 202.016,
        "interestIncomeExpense": -190.1,
        "minorityInterest": -63.8,
        "netIncome": 445.9,
        "netIncomeAfterTaxes": 510.5,
        "nonRecurringItems": -3,
        "otherOperatingExpensesTotal": 23.6,
        "period": "2021-03-31",
        "pretaxIncome": 510.5,
        "revenue": 1240,
        "sgaExpense": 72.1,
        "totalOperatingExpense": 411.3,
        "totalOtherIncomeExpenseNet": 5.9
      },
      {
        "costOfGoodsSold": 215.1,
        "depreciationAmortization": 331.9,
        "dilutedAverageSharesOutstanding": 316.7,
        "dilutedEPS": 0.86,
        "ebit": 462,
        "gainLossOnDispositionOfAssets": -16.8,
        "grossIncome": 916.3,
        "interestExpense": 197.855,
        "interestIncomeExpense": -134.1,
        "minorityInterest": -40.4,
        "netIncome": 271.5,
        "netIncomeAfterTaxes": 312.7,
        "otherOperatingExpensesTotal": 38.2,
        "period": "2020-12-31",
        "pretaxIncome": 312.7,
        "revenue": 1131.4,
        "sgaExpense": 84.3,
        "totalOperatingExpense": 454.3,
        "totalOtherIncomeExpenseNet": 1.6
      },
      {
        "costOfGoodsSold": 222.5,
        "depreciationAmortization": 333.8,
        "dilutedAverageSharesOutstanding": 305.9,
        "dilutedEPS": 0.48,
        "ebit": 404,
        "gainLossOnDispositionOfAssets": -91.3,
        "grossIncome": 838.2,
        "interestExpense": 201.858,
        "interestIncomeExpense": -141.3,
        "minorityInterest": -21.9,
        "netIncome": 145.9,
        "netIncomeAfterTaxes": 168.6,
        "otherOperatingExpensesTotal": 42.7,
        "period": "2020-09-30",
        "pretaxIncome": 168.6,
        "revenue": 1060.7,
        "sgaExpense": 57.7,
        "totalOperatingExpense": 434.2,
        "totalOtherIncomeExpenseNet": -2.8
      },
      {
        "costOfGoodsSold": 201.9,
        "depreciationAmortization": 324.1,
        "dilutedAverageSharesOutstanding": 305.9,
        "dilutedEPS": 0.83,
        "ebit": 450.9,
        "gainLossOnDispositionOfAssets": -7.8,
        "grossIncome": 860.1,
        "interestExpense": 197.061,
        "interestIncomeExpense": -152.5,
        "minorityInterest": -35.5,
        "netIncome": 254.2,
        "netIncomeAfterTaxes": 290.5,
        "otherOperatingExpensesTotal": 29,
        "period": "2020-06-30",
        "pretaxIncome": 290.5,
        "revenue": 1062,
        "sgaExpense": 56.1,
        "totalOperatingExpense": 409.3,
        "totalOtherIncomeExpenseNet": 0.1
      },
      {
        "costOfGoodsSold": 247.6,
        "depreciationAmortization": 328.3,
        "dilutedAverageSharesOutstanding": 306.5,
        "dilutedEPS": 1.43,
        "ebit": 654.9,
        "gainLossOnDispositionOfAssets": 1,
        "grossIncome": 1105.8,
        "interestExpense": 187.627,
        "interestIncomeExpense": -156.2,
        "minorityInterest": -67,
        "netIncome": 437.6,
        "netIncomeAfterTaxes": 505.4,
        "otherOperatingExpensesTotal": 27.8,
        "period": "2020-03-31",
        "pretaxIncome": 505.4,
        "revenue": 1353.4,
        "sgaExpense": 94.8,
        "totalOperatingExpense": 450.9,
        "totalOtherIncomeExpenseNet": 5.8
      },
      {
        "costOfGoodsSold": 259.1,
        "depreciationAmortization": 324.3,
        "dilutedAverageSharesOutstanding": 306.9,
        "dilutedEPS": 1.66,
        "ebit": 776.9,
        "grossIncome": 1229.5,
        "interestExpense": 189.812,
        "interestIncomeExpense": -65.5,
        "minorityInterest": -79.4,
        "netIncome": 510.2,
        "netIncomeAfterTaxes": 590.4,
        "nonRecurringItems": -114.2,
        "otherOperatingExpensesTotal": 34.6,
        "period": "2019-12-31",
        "pretaxIncome": 590.4,
        "revenue": 1488.6,
        "sgaExpense": 93.8,
        "totalOperatingExpense": 452.6,
        "totalOtherIncomeExpenseNet": -6.7
      },
      {
        "costOfGoodsSold": 263.7,
        "depreciationAmortization": 334.9,
        "dilutedAverageSharesOutstanding": 307.3,
        "dilutedEPS": 1.77,
        "ebit": 705.3,
        "grossIncome": 1152.8,
        "interestExpense": 202.382,
        "interestIncomeExpense": -80.5,
        "minorityInterest": -83.6,
        "netIncome": 544.3,
        "netIncomeAfterTaxes": 628.7,
        "nonRecurringItems": 10.1,
        "otherOperatingExpensesTotal": 22.1,
        "period": "2019-09-30",
        "pretaxIncome": 628.7,
        "revenue": 1416.6,
        "sgaExpense": 90.5,
        "totalOperatingExpense": 447.5,
        "totalOtherIncomeExpenseNet": -6.2
      },
      {
        "costOfGoodsSold": 243.9,
        "depreciationAmortization": 352.6,
        "dilutedAverageSharesOutstanding": 308.7,
        "dilutedEPS": 1.6,
        "ebit": 680.6,
        "grossIncome": 1153.3,
        "interestExpense": 198.425,
        "interestIncomeExpense": -104.2,
        "minorityInterest": -75.9,
        "netIncome": 495.3,
        "netIncomeAfterTaxes": 572.1,
        "nonRecurringItems": 2.7,
        "otherOperatingExpensesTotal": 27.8,
        "period": "2019-06-30",
        "pretaxIncome": 572.1,
        "revenue": 1397.2,
        "sgaExpense": 92.2,
        "totalOperatingExpense": 472.7,
        "totalOtherIncomeExpenseNet": -7
      },
      {
        "costOfGoodsSold": 254.9,
        "depreciationAmortization": 328.6,
        "dilutedAverageSharesOutstanding": 309,
        "dilutedEPS": 1.78,
        "ebit": 750.3,
        "grossIncome": 1197.9,
        "interestExpense": 198.733,
        "interestIncomeExpense": -108.3,
        "minorityInterest": -82.6,
        "netIncome": 548.5,
        "netIncomeAfterTaxes": 631.9,
        "nonRecurringItems": 0,
        "otherOperatingExpensesTotal": 20.1,
        "period": "2019-03-31",
        "pretaxIncome": 631.9,
        "revenue": 1452.8,
        "sgaExpense": 98.8,
        "totalOperatingExpense": 447.6,
        "totalOtherIncomeExpenseNet": -10.1
      },
      {
        "costOfGoodsSold": 254.1,
        "depreciationAmortization": 329.1,
        "dilutedAverageSharesOutstanding": 309.3,
        "dilutedEPS": 2.3,
        "ebit": 770.5,
        "grossIncome": 1207.9,
        "interestExpense": 204.338,
        "interestIncomeExpense": -70.8,
        "minorityInterest": -119.6,
        "netIncome": 712.8,
        "netIncomeAfterTaxes": 833.2,
        "nonRecurringItems": 143.9,
        "otherOperatingExpensesTotal": 23.6,
        "period": "2018-12-31",
        "pretaxIncome": 833.2,
        "revenue": 1462,
        "sgaExpense": 84.7,
        "totalOperatingExpense": 437.4,
        "totalOtherIncomeExpenseNet": -10.4
      },
      {
        "costOfGoodsSold": 262,
        "depreciationAmortization": 316.2,
        "dilutedAverageSharesOutstanding": 356.1,
        "dilutedEPS": 1.56,
        "ebit": 722.8,
        "grossIncome": 1142.1,
        "interestExpense": 199.469,
        "interestIncomeExpense": -70.5,
        "minorityInterest": -85.1,
        "netIncome": 556.3,
        "netIncomeAfterTaxes": 642.2,
        "nonRecurringItems": 0,
        "otherOperatingExpensesTotal": 21.5,
        "period": "2018-09-30",
        "pretaxIncome": 642.2,
        "revenue": 1404,
        "sgaExpense": 81.6,
        "totalOperatingExpense": 419.2,
        "totalOtherIncomeExpenseNet": -10.1
      },
      {
        "costOfGoodsSold": 236.6,
        "depreciationAmortization": 320.2,
        "dilutedAverageSharesOutstanding": 309.4,
        "dilutedEPS": 1.77,
        "ebit": 728,
        "grossIncome": 1148.5,
        "interestExpense": 206.624,
        "interestIncomeExpense": -96.1,
        "minorityInterest": -83.6,
        "netIncome": 547,
        "netIncomeAfterTaxes": 631.4,
        "nonRecurringItems": 9.7,
        "otherOperatingExpensesTotal": 20.6,
        "period": "2018-06-30",
        "pretaxIncome": 631.4,
        "revenue": 1385.1,
        "sgaExpense": 79.7,
        "totalOperatingExpense": 420.5,
        "totalOtherIncomeExpenseNet": -10.1
      },
      {
        "costOfGoodsSold": 255.3,
        "depreciationAmortization": 316.9,
        "dilutedAverageSharesOutstanding": 310.6,
        "dilutedEPS": 2,
        "ebit": 701.9,
        "grossIncome": 1138.9,
        "interestExpense": 205.492,
        "interestIncomeExpense": -115.5,
        "minorityInterest": -94,
        "netIncome": 620.7,
        "netIncomeAfterTaxes": 715.5,
        "nonRecurringItems": 135.3,
        "otherOperatingExpensesTotal": 31.5,
        "period": "2018-03-31",
        "pretaxIncome": 715.5,
        "revenue": 1394.2,
        "sgaExpense": 88.5,
        "totalOperatingExpense": 437,
        "totalOtherIncomeExpenseNet": -6.2
      },
      {
        "costOfGoodsSold": 245.2,
        "depreciationAmortization": 325.2,
        "dilutedAverageSharesOutstanding": 310.8,
        "dilutedEPS": 1.84,
        "ebit": 749.4,
        "grossIncome": 1171.2,
        "interestExpense": 204.985,
        "interestIncomeExpense": -81.9,
        "minorityInterest": -87.9,
        "netIncome": 571.1,
        "netIncomeAfterTaxes": 659.8,
        "nonRecurringItems": -1.3,
        "otherOperatingExpensesTotal": 18,
        "period": "2017-12-31",
        "pretaxIncome": 659.8,
        "revenue": 1416.4,
        "sgaExpense": 78.5,
        "totalOperatingExpense": 421.8,
        "totalOtherIncomeExpenseNet": -6.4
      },
      {
        "costOfGoodsSold": 256.1,
        "depreciationAmortization": 317,
        "dilutedAverageSharesOutstanding": 310.9,
        "dilutedEPS": 1.65,
        "ebit": 690.1,
        "grossIncome": 1147.5,
        "interestExpense": 199.032,
        "interestIncomeExpense": -82.9,
        "minorityInterest": -78,
        "netIncome": 513.8,
        "netIncomeAfterTaxes": 592.6,
        "nonRecurringItems": 0,
        "otherOperatingExpensesTotal": 60,
        "period": "2017-09-30",
        "pretaxIncome": 592.6,
        "revenue": 1403.6,
        "sgaExpense": 80.5,
        "totalOperatingExpense": 457.5,
        "totalOtherIncomeExpenseNet": -14.5
      },
      {
        "costOfGoodsSold": 242.5,
        "depreciationAmortization": 322.4,
        "dilutedAverageSharesOutstanding": 311.6,
        "dilutedEPS": 1.23,
        "ebit": 686.1,
        "grossIncome": 1119.1,
        "interestExpense": 207.174,
        "interestIncomeExpense": -115.2,
        "minorityInterest": -58.5,
        "netIncome": 382,
        "netIncomeAfterTaxes": 441.4,
        "nonRecurringItems": -123.6,
        "otherOperatingExpensesTotal": 24.5,
        "period": "2017-06-30",
        "pretaxIncome": 441.4,
        "revenue": 1361.5,
        "sgaExpense": 86,
        "totalOperatingExpense": 432.9,
        "totalOtherIncomeExpenseNet": -6
      },
      {
        "costOfGoodsSold": 236.3,
        "depreciationAmortization": 310.8,
        "dilutedAverageSharesOutstanding": 312.8,
        "dilutedEPS": 1.53,
        "ebit": 676.7,
        "grossIncome": 1109.5,
        "interestExpense": 198.202,
        "interestIncomeExpense": -129.1,
        "minorityInterest": -72.5,
        "netIncome": 477.7,
        "netIncomeAfterTaxes": 551.1,
        "nonRecurringItems": 0,
        "otherOperatingExpensesTotal": 29,
        "period": "2017-03-31",
        "pretaxIncome": 551.1,
        "revenue": 1345.8,
        "sgaExpense": 92.9,
        "totalOperatingExpense": 432.8,
        "totalOtherIncomeExpenseNet": 3.5
      },
      {
        "costOfGoodsSold": 242.5,
        "depreciationAmortization": 336.7,
        "dilutedAverageSharesOutstanding": 313.7,
        "dilutedEPS": 1.26,
        "ebit": 700.5,
        "grossIncome": 1183.5,
        "interestExpense": 209.506,
        "interestIncomeExpense": -115.2,
        "minorityInterest": -60.3,
        "netIncome": 394.4,
        "netIncomeAfterTaxes": 455.6,
        "nonRecurringItems": -128.7,
        "otherOperatingExpensesTotal": 49.6,
        "period": "2016-12-31",
        "pretaxIncome": 455.6,
        "revenue": 1426,
        "sgaExpense": 96.7,
        "totalOperatingExpense": 482.9,
        "totalOtherIncomeExpenseNet": -1.1
      },
      {
        "costOfGoodsSold": 255,
        "depreciationAmortization": 311.8,
        "dilutedAverageSharesOutstanding": 314.2,
        "dilutedEPS": 1.61,
        "ebit": 676.2,
        "grossIncome": 1102.2,
        "interestExpense": 214.861,
        "interestIncomeExpense": -131.5,
        "minorityInterest": -82.4,
        "netIncome": 504.7,
        "netIncomeAfterTaxes": 587.9,
        "nonRecurringItems": 49.6,
        "otherOperatingExpensesTotal": 21.8,
        "period": "2016-09-30",
        "pretaxIncome": 587.9,
        "revenue": 1357.2,
        "sgaExpense": 92.5,
        "totalOperatingExpense": 426,
        "totalOtherIncomeExpenseNet": -6.3
      },
      {
        "costOfGoodsSold": 235.1,
        "depreciationAmortization": 303.6,
        "dilutedAverageSharesOutstanding": 313.4,
        "dilutedEPS": 1.45,
        "ebit": 659.2,
        "grossIncome": 1080.3,
        "interestExpense": 213.995,
        "interestIncomeExpense": -129,
        "minorityInterest": -71.1,
        "netIncome": 455.4,
        "netIncomeAfterTaxes": 527.3,
        "nonRecurringItems": 4.2,
        "otherOperatingExpensesTotal": 28.8,
        "period": "2016-06-30",
        "pretaxIncome": 527.3,
        "revenue": 1315.4,
        "sgaExpense": 88.6,
        "totalOperatingExpense": 421,
        "totalOtherIncomeExpenseNet": -7.1
      },
      {
        "costOfGoodsSold": 238.5,
        "depreciationAmortization": 300.6,
        "dilutedAverageSharesOutstanding": 309.4,
        "dilutedEPS": 1.55,
        "ebit": 684.9,
        "grossIncome": 1098.2,
        "interestExpense": 219.19,
        "interestIncomeExpense": -128.6,
        "minorityInterest": -82,
        "netIncome": 481,
        "netIncomeAfterTaxes": 563.8,
        "nonRecurringItems": 22.7,
        "otherOperatingExpensesTotal": 24.1,
        "period": "2016-03-31",
        "pretaxIncome": 563.8,
        "revenue": 1336.7,
        "sgaExpense": 88.5,
        "totalOperatingExpense": 413.3,
        "totalOtherIncomeExpenseNet": -15.2
      },
      {
        "costOfGoodsSold": 243.7,
        "depreciationAmortization": 304.3,
        "dilutedAverageSharesOutstanding": 309.4,
        "dilutedEPS": 1.27,
        "ebit": 709.7,
        "grossIncome": 1137,
        "interestExpense": 230.896,
        "interestIncomeExpense": -149.4,
        "minorityInterest": -66.8,
        "netIncome": 392.3,
        "netIncomeAfterTaxes": 459.9,
        "nonRecurringItems": -93.7,
        "otherOperatingExpensesTotal": 29.3,
        "period": "2015-12-31",
        "pretaxIncome": 459.9,
        "revenue": 1380.6,
        "sgaExpense": 93.6,
        "totalOperatingExpense": 427.2,
        "totalOtherIncomeExpenseNet": -6.7
      },
      {
        "costOfGoodsSold": 251.2,
        "depreciationAmortization": 289.4,
        "dilutedAverageSharesOutstanding": 309.4,
        "dilutedEPS": 1.36,
        "ebit": 657.6,
        "grossIncome": 1069,
        "interestExpense": 229.654,
        "interestIncomeExpense": -161.4,
        "minorityInterest": -71.7,
        "netIncome": 420,
        "netIncomeAfterTaxes": 492.5,
        "nonRecurringItems": 0,
        "otherOperatingExpensesTotal": 31.2,
        "period": "2015-09-30",
        "pretaxIncome": 492.5,
        "revenue": 1320.1,
        "sgaExpense": 90.8,
        "totalOperatingExpense": 411.4,
        "totalOtherIncomeExpenseNet": -3.7
      }
    ],
    "symbol": "SPG"
  }
}