{
  "symbol": "PCAR",
  "statement": "ic",
  "frequency": "quarterly",
  "timestamp": "2025-09-19T14:05:10.764925",
  "data": {
    "financials": [
      {
        "costOfGoodsSold": 5995.4,
        "depreciationAmortization": 154.9,
        "dilutedAverageSharesOutstanding": 526.7,
        "dilutedEPS": 1.3742,
        "ebit": 1038.8,
        "grossIncome": 1515.1,
        "interestExpense": 200.3,
        "interestIncomeExpense": -106.9,
        "netIncome": 723.8,
        "netIncomeAfterTaxes": 723.8,
        "period": "2025-06-30",
        "pretaxIncome": 931.9,
        "provisionforIncomeTaxes": 208.1,
        "researchDevelopment": 112.9,
        "revenue": 7510.5,
        "sgaExpense": 208.5,
        "totalOperatingExpense": 476.3
      },
      {
        "costOfGoodsSold": 5891,
        "depreciationAmortization": 159.7,
        "dilutedAverageSharesOutstanding": 526.9,
        "dilutedEPS": 0.9586,
        "ebit": 1075.7,
        "grossIncome": 1550.7,
        "interestExpense": 190.6,
        "interestIncomeExpense": -432.6,
        "netIncome": 505.1,
        "netIncomeAfterTaxes": 505.1,
        "period": "2025-03-31",
        "pretaxIncome": 643.1,
        "provisionforIncomeTaxes": 138,
        "researchDevelopment": 115.4,
        "revenue": 7441.7,
        "sgaExpense": 199.9,
        "totalOperatingExpense": 475
      },
      {
        "costOfGoodsSold": 6195.8,
        "depreciationAmortization": 188,
        "dilutedAverageSharesOutstanding": 526.9,
        "dilutedEPS": 1.655,
        "ebit": 1195.6,
        "grossIncome": 1711.7,
        "interestExpense": 189.9,
        "interestIncomeExpense": -46.3,
        "netIncome": 872,
        "netIncomeAfterTaxes": 872,
        "period": "2024-12-31",
        "pretaxIncome": 1149.3,
        "provisionforIncomeTaxes": 277.3,
        "researchDevelopment": 115.3,
        "revenue": 7907.5,
        "sgaExpense": 212.8,
        "totalOperatingExpense": 516.1
      },
      {
        "costOfGoodsSold": 6427.7,
        "depreciationAmortization": 176.6,
        "dilutedAverageSharesOutstanding": 526.5,
        "dilutedEPS": 1.8463,
        "ebit": 1311.7,
        "grossIncome": 1812.2,
        "interestExpense": 188.4,
        "interestIncomeExpense": -55.4,
        "netIncome": 972.1,
        "netIncomeAfterTaxes": 972.1,
        "period": "2024-09-30",
        "pretaxIncome": 1256.3,
        "provisionforIncomeTaxes": 284.2,
        "researchDevelopment": 115,
        "revenue": 8239.9,
        "sgaExpense": 208.9,
        "totalOperatingExpense": 500.5
      },
      {
        "costOfGoodsSold": 6772.3,
        "depreciationAmortization": 173.6,
        "dilutedAverageSharesOutstanding": 526.6,
        "dilutedEPS": 2.1318,
        "ebit": 1513.9,
        "grossIncome": 1999.8,
        "interestExpense": 172.5,
        "interestIncomeExpense": -53.1,
        "netIncome": 1122.6,
        "netIncomeAfterTaxes": 1122.6,
        "period": "2024-06-30",
        "pretaxIncome": 1460.8,
        "provisionforIncomeTaxes": 338.2,
        "researchDevelopment": 117.1,
        "revenue": 8772.1,
        "sgaExpense": 195.2,
        "totalOperatingExpense": 485.9
      },
      {
        "costOfGoodsSold": 6673.8,
        "depreciationAmortization": 180.3,
        "dilutedAverageSharesOutstanding": 526.3,
        "dilutedEPS": 2.2711,
        "ebit": 2182,
        "grossIncome": 2070.5,
        "interestExpense": 160,
        "interestIncomeExpense": -47.5,
        "netIncome": 1195.3,
        "netIncomeAfterTaxes": 1195.3,
        "nonRecurringItems": -600,
        "otherOperatingExpensesTotal": -600,
        "period": "2024-03-31",
        "pretaxIncome": 1534.5,
        "provisionforIncomeTaxes": 339.2,
        "researchDevelopment": 105.5,
        "revenue": 8744.3,
        "sgaExpense": 202.7,
        "totalOperatingExpense": -111.5
      },
      {
        "costOfGoodsSold": 6922.7,
        "depreciationAmortization": 163.7,
        "dilutedAverageSharesOutstanding": 525.6,
        "dilutedEPS": 2.6965,
        "ebit": 1670,
        "grossIncome": 2153.9,
        "interestExpense": 152.8,
        "interestIncomeExpense": -28.7,
        "netIncome": 1417.3,
        "netIncomeAfterTaxes": 1417.3,
        "nonRecurringItems": 0,
        "period": "2023-12-31",
        "pretaxIncome": 1641.3,
        "provisionforIncomeTaxes": 224,
        "researchDevelopment": 108.9,
        "revenue": 9076.6,
        "sgaExpense": 211.3,
        "totalOperatingExpense": 483.9
      },
      {
        "costOfGoodsSold": 6626.7,
        "depreciationAmortization": 146.9,
        "dilutedAverageSharesOutstanding": 787.9,
        "dilutedEPS": 1.56,
        "ebit": 1630.8,
        "grossIncome": 2069.7,
        "interestExpense": 138.5,
        "interestIncomeExpense": -41.4,
        "netIncome": 1228.5,
        "netIncomeAfterTaxes": 1228.5,
        "period": "2023-09-30",
        "pretaxIncome": 1589.4,
        "provisionforIncomeTaxes": 360.9,
        "researchDevelopment": 103.5,
        "revenue": 8696.4,
        "sgaExpense": 188.5,
        "totalOperatingExpense": 438.9
      },
      {
        "costOfGoodsSold": 6851.7,
        "depreciationAmortization": 137.8,
        "dilutedAverageSharesOutstanding": 787.2,
        "dilutedEPS": 1.55,
        "ebit": 1603.6,
        "grossIncome": 2029.4,
        "interestExpense": 115.5,
        "interestIncomeExpense": -35.1,
        "netIncome": 1221.1,
        "netIncomeAfterTaxes": 1221.1,
        "period": "2023-06-30",
        "pretaxIncome": 1568.5,
        "provisionforIncomeTaxes": 347.4,
        "researchDevelopment": 101.3,
        "revenue": 8881.1,
        "sgaExpense": 186.7,
        "totalOperatingExpense": 425.8
      },
      {
        "costOfGoodsSold": 6493.1,
        "depreciationAmortization": 142.3,
        "dilutedAverageSharesOutstanding": 786.6,
        "dilutedEPS": 0.93,
        "ebit": 1542.6,
        "grossIncome": 1980.2,
        "interestExpense": 93.8,
        "interestIncomeExpense": -623.6,
        "netIncome": 733.9,
        "netIncomeAfterTaxes": 733.9,
        "period": "2023-03-31",
        "pretaxIncome": 919,
        "provisionforIncomeTaxes": 185.1,
        "researchDevelopment": 97.2,
        "revenue": 8473.3,
        "sgaExpense": 198.1,
        "totalOperatingExpense": 437.6
      },
      {
        "costOfGoodsSold": 6505.2,
        "depreciationAmortization": 134.5,
        "dilutedAverageSharesOutstanding": 783,
        "dilutedEPS": 1.18,
        "ebit": 1193.4,
        "grossIncome": 1624.3,
        "interestExpense": 74.3,
        "interestIncomeExpense": -17.9,
        "netIncome": 921.3,
        "netIncomeAfterTaxes": 921.3,
        "period": "2022-12-31",
        "pretaxIncome": 1175.5,
        "provisionforIncomeTaxes": 254.2,
        "researchDevelopment": 99.9,
        "revenue": 8129.5,
        "sgaExpense": 196.5,
        "totalOperatingExpense": 430.9
      },
      {
        "costOfGoodsSold": 5689.3,
        "depreciationAmortization": 137.4,
        "dilutedAverageSharesOutstanding": 523.3,
        "dilutedEPS": 1.47,
        "ebit": 979.1,
        "grossIncome": 1369.6,
        "interestExpense": 55.8,
        "interestIncomeExpense": 0.6,
        "netIncome": 769.4,
        "netIncomeAfterTaxes": 769.4,
        "period": "2022-09-30",
        "pretaxIncome": 979.7,
        "provisionforIncomeTaxes": 210.3,
        "researchDevelopment": 82.9,
        "revenue": 7058.9,
        "sgaExpense": 170.2,
        "totalOperatingExpense": 390.5
      },
      {
        "costOfGoodsSold": 5811,
        "depreciationAmortization": 145.4,
        "dilutedAverageSharesOutstanding": 523.2,
        "dilutedEPS": 1.38,
        "ebit": 940.7,
        "grossIncome": 1347.7,
        "interestExpense": 46.4,
        "interestIncomeExpense": -18.6,
        "netIncome": 720.4,
        "netIncomeAfterTaxes": 720.4,
        "period": "2022-06-30",
        "pretaxIncome": 922.1,
        "provisionforIncomeTaxes": 201.7,
        "researchDevelopment": 80.4,
        "revenue": 7158.7,
        "sgaExpense": 181.2,
        "totalOperatingExpense": 407
      },
      {
        "costOfGoodsSold": 5285.5,
        "depreciationAmortization": 143.5,
        "dilutedAverageSharesOutstanding": 523.2,
        "dilutedEPS": 1.15,
        "ebit": 781.7,
        "grossIncome": 1187.1,
        "interestExpense": 39.8,
        "interestIncomeExpense": -10.3,
        "netIncome": 600.5,
        "netIncomeAfterTaxes": 600.5,
        "period": "2022-03-31",
        "pretaxIncome": 771.4,
        "provisionforIncomeTaxes": 170.9,
        "researchDevelopment": 78,
        "revenue": 6472.6,
        "sgaExpense": 183.9,
        "totalOperatingExpense": 405.4
      },
      {
        "costOfGoodsSold": 5567.1,
        "depreciationAmortization": 190.4,
        "dilutedAverageSharesOutstanding": 520.9,
        "dilutedEPS": 1,
        "ebit": 661.5,
        "grossIncome": 1119,
        "interestExpense": 36,
        "interestIncomeExpense": -1,
        "netIncome": 518.7,
        "netIncomeAfterTaxes": 518.7,
        "period": "2021-12-31",
        "pretaxIncome": 660.5,
        "provisionforIncomeTaxes": 141.8,
        "researchDevelopment": 87.1,
        "revenue": 6686.1,
        "sgaExpense": 180,
        "totalOperatingExpense": 457.5
      },
      {
        "costOfGoodsSold": 4176.2,
        "depreciationAmortization": 219.8,
        "dilutedAverageSharesOutstanding": 522.4,
        "dilutedEPS": 0.73,
        "ebit": 509.7,
        "grossIncome": 970.6,
        "interestExpense": 35.3,
        "interestIncomeExpense": -22.5,
        "netIncome": 380.5,
        "netIncomeAfterTaxes": 380.5,
        "period": "2021-09-30",
        "pretaxIncome": 487.2,
        "provisionforIncomeTaxes": 106.7,
        "researchDevelopment": 72.5,
        "revenue": 5146.8,
        "sgaExpense": 168.6,
        "totalOperatingExpense": 460.9
      },
      {
        "costOfGoodsSold": 4658.4,
        "depreciationAmortization": 280.5,
        "dilutedAverageSharesOutstanding": 528.2,
        "dilutedEPS": 0.95,
        "ebit": 656.7,
        "grossIncome": 1185.5,
        "interestExpense": 37.6,
        "interestIncomeExpense": -15.4,
        "netIncome": 496.2,
        "netIncomeAfterTaxes": 496.2,
        "period": "2021-06-30",
        "pretaxIncome": 641.3,
        "provisionforIncomeTaxes": 145.1,
        "researchDevelopment": 84.4,
        "revenue": 5843.9,
        "sgaExpense": 163.9,
        "totalOperatingExpense": 528.8
      },
      {
        "costOfGoodsSold": 4690.7,
        "depreciationAmortization": 278.7,
        "dilutedAverageSharesOutstanding": 522.6,
        "dilutedEPS": 0.9,
        "ebit": 631.2,
        "grossIncome": 1154.8,
        "interestExpense": 42,
        "interestIncomeExpense": -23.9,
        "netIncome": 470.1,
        "netIncomeAfterTaxes": 470.1,
        "period": "2021-03-31",
        "pretaxIncome": 607.3,
        "provisionforIncomeTaxes": 137.2,
        "researchDevelopment": 80.1,
        "revenue": 5845.5,
        "sgaExpense": 164.8,
        "totalOperatingExpense": 523.6
      },
      {
        "costOfGoodsSold": 4487,
        "depreciationAmortization": 292,
        "dilutedAverageSharesOutstanding": 521.5,
        "dilutedEPS": 0.78,
        "ebit": 551.2,
        "grossIncome": 1081.6,
        "interestExpense": 43.6,
        "interestIncomeExpense": -29.4,
        "netIncome": 405.8,
        "netIncomeAfterTaxes": 405.8,
        "period": "2020-12-31",
        "pretaxIncome": 521.8,
        "provisionforIncomeTaxes": 116,
        "researchDevelopment": 71.7,
        "revenue": 5568.6,
        "sgaExpense": 166.7,
        "totalOperatingExpense": 530.4
      },
      {
        "costOfGoodsSold": 3958.3,
        "depreciationAmortization": 262.5,
        "dilutedAverageSharesOutstanding": 521.4,
        "dilutedEPS": 0.74,
        "ebit": 515.7,
        "grossIncome": 977.7,
        "interestExpense": 45.2,
        "interestIncomeExpense": -25.8,
        "netIncome": 385.5,
        "netIncomeAfterTaxes": 385.5,
        "period": "2020-09-30",
        "pretaxIncome": 489.9,
        "provisionforIncomeTaxes": 104.4,
        "researchDevelopment": 64.7,
        "revenue": 4936,
        "sgaExpense": 134.8,
        "totalOperatingExpense": 462
      },
      {
        "costOfGoodsSold": 2441.5,
        "depreciationAmortization": 224.1,
        "dilutedAverageSharesOutstanding": 520.2,
        "dilutedEPS": 0.28,
        "ebit": 202.4,
        "grossIncome": 620.7,
        "interestExpense": 46.9,
        "interestIncomeExpense": -18.4,
        "netIncome": 147.7,
        "netIncomeAfterTaxes": 147.7,
        "period": "2020-06-30",
        "pretaxIncome": 184,
        "provisionforIncomeTaxes": 36.3,
        "researchDevelopment": 66.5,
        "revenue": 3062.2,
        "sgaExpense": 127.7,
        "totalOperatingExpense": 418.3
      },
      {
        "costOfGoodsSold": 4188.4,
        "depreciationAmortization": 229.4,
        "dilutedAverageSharesOutstanding": 520.9,
        "dilutedEPS": 0.69,
        "ebit": 491.4,
        "grossIncome": 973.3,
        "interestExpense": 68.4,
        "interestIncomeExpense": -29.2,
        "netIncome": 359.4,
        "netIncomeAfterTaxes": 359.4,
        "period": "2020-03-31",
        "pretaxIncome": 462.2,
        "provisionforIncomeTaxes": 102.8,
        "researchDevelopment": 71,
        "revenue": 5161.7,
        "sgaExpense": 181.5,
        "totalOperatingExpense": 481.9
      },
      {
        "costOfGoodsSold": 4890,
        "depreciationAmortization": 241.9,
        "dilutedAverageSharesOutstanding": 520.8,
        "dilutedEPS": 1.02,
        "ebit": 714.9,
        "grossIncome": 1227.2,
        "interestExpense": 54.6,
        "interestIncomeExpense": -27.1,
        "netIncome": 531.3,
        "netIncomeAfterTaxes": 531.3,
        "period": "2019-12-31",
        "pretaxIncome": 687.8,
        "provisionforIncomeTaxes": 156.5,
        "researchDevelopment": 83.6,
        "revenue": 6117.2,
        "sgaExpense": 186.8,
        "totalOperatingExpense": 512.3
      },
      {
        "costOfGoodsSold": 5106.8,
        "depreciationAmortization": 195.3,
        "dilutedAverageSharesOutstanding": 520.8,
        "dilutedEPS": 1.17,
        "ebit": 804.5,
        "grossIncome": 1260.2,
        "interestExpense": 67.9,
        "interestIncomeExpense": -26.9,
        "netIncome": 607.9,
        "netIncomeAfterTaxes": 607.9,
        "period": "2019-09-30",
        "pretaxIncome": 777.6,
        "provisionforIncomeTaxes": 169.7,
        "researchDevelopment": 82.2,
        "revenue": 6367,
        "sgaExpense": 178.2,
        "totalOperatingExpense": 455.7
      },
      {
        "costOfGoodsSold": 5341.9,
        "depreciationAmortization": 183.6,
        "dilutedAverageSharesOutstanding": 521.5,
        "dilutedEPS": 1.19,
        "ebit": 842.6,
        "grossIncome": 1286,
        "interestExpense": 58.5,
        "interestIncomeExpense": -28.2,
        "netIncome": 619.7,
        "netIncomeAfterTaxes": 619.7,
        "period": "2019-06-30",
        "pretaxIncome": 814.4,
        "provisionforIncomeTaxes": 194.7,
        "researchDevelopment": 82.5,
        "revenue": 6627.9,
        "sgaExpense": 177.3,
        "totalOperatingExpense": 443.4
      },
      {
        "costOfGoodsSold": 5216.9,
        "depreciationAmortization": 177.4,
        "dilutedAverageSharesOutstanding": 521.7,
        "dilutedEPS": 1.21,
        "ebit": 843.4,
        "grossIncome": 1270.7,
        "interestExpense": 59.6,
        "interestIncomeExpense": -24,
        "netIncome": 629,
        "netIncomeAfterTaxes": 629,
        "period": "2019-03-31",
        "pretaxIncome": 819.4,
        "provisionforIncomeTaxes": 190.4,
        "researchDevelopment": 78.3,
        "revenue": 6487.6,
        "sgaExpense": 171.6,
        "totalOperatingExpense": 427.3
      },
      {
        "costOfGoodsSold": 5089,
        "depreciationAmortization": 177.6,
        "dilutedAverageSharesOutstanding": 524.5,
        "dilutedEPS": 1.1,
        "ebit": 764.8,
        "grossIncome": 1190.7,
        "interestExpense": 56.9,
        "interestIncomeExpense": -12.4,
        "netIncome": 578.1,
        "netIncomeAfterTaxes": 578.1,
        "period": "2018-12-31",
        "pretaxIncome": 752.4,
        "provisionforIncomeTaxes": 174.3,
        "researchDevelopment": 80.5,
        "revenue": 6279.7,
        "sgaExpense": 167.8,
        "totalOperatingExpense": 425.9
      },
      {
        "costOfGoodsSold": 4654.7,
        "depreciationAmortization": 178.5,
        "dilutedAverageSharesOutstanding": 527.2,
        "dilutedEPS": 1.03,
        "ebit": 694,
        "grossIncome": 1102.1,
        "interestExpense": 49.5,
        "interestIncomeExpense": -25.2,
        "netIncome": 545.3,
        "netIncomeAfterTaxes": 545.3,
        "period": "2018-09-30",
        "pretaxIncome": 668.8,
        "provisionforIncomeTaxes": 123.5,
        "researchDevelopment": 72.9,
        "revenue": 5756.8,
        "sgaExpense": 156.7,
        "totalOperatingExpense": 408.1
      },
      {
        "costOfGoodsSold": 4647.3,
        "depreciationAmortization": 185.5,
        "dilutedAverageSharesOutstanding": 528.7,
        "dilutedEPS": 1.06,
        "ebit": 733.6,
        "grossIncome": 1157.9,
        "interestExpense": 54.6,
        "interestIncomeExpense": -14,
        "netIncome": 559.6,
        "netIncomeAfterTaxes": 559.6,
        "period": "2018-06-30",
        "pretaxIncome": 719.6,
        "provisionforIncomeTaxes": 160,
        "researchDevelopment": 76.7,
        "revenue": 5805.2,
        "sgaExpense": 162.1,
        "totalOperatingExpense": 424.3
      },
      {
        "costOfGoodsSold": 4534.3,
        "depreciationAmortization": 186.4,
        "dilutedAverageSharesOutstanding": 530.2,
        "dilutedEPS": 0.97,
        "ebit": 684.4,
        "grossIncome": 1119.7,
        "interestExpense": 40.8,
        "interestIncomeExpense": -15,
        "netIncome": 512.1,
        "netIncomeAfterTaxes": 512.1,
        "period": "2018-03-31",
        "pretaxIncome": 669.4,
        "provisionforIncomeTaxes": 157.3,
        "researchDevelopment": 76,
        "revenue": 5654,
        "sgaExpense": 172.9,
        "totalOperatingExpense": 435.3
      },
      {
        "costOfGoodsSold": 4410.5,
        "depreciationAmortization": 188.8,
        "dilutedAverageSharesOutstanding": 529.8,
        "dilutedEPS": 1.11,
        "ebit": 635.8,
        "grossIncome": 1044.1,
        "interestExpense": 34.1,
        "interestIncomeExpense": -31.5,
        "netIncome": 589.2,
        "netIncomeAfterTaxes": 415.8,
        "period": "2017-12-31",
        "pretaxIncome": 604.3,
        "provisionforIncomeTaxes": 188.5,
        "researchDevelopment": 70.6,
        "revenue": 5454.6,
        "sgaExpense": 148.9,
        "totalOperatingExpense": 408.3
      },
      {
        "costOfGoodsSold": 4046.2,
        "depreciationAmortization": 186.2,
        "dilutedAverageSharesOutstanding": 529.3,
        "dilutedEPS": 0.76,
        "ebit": 614.9,
        "grossIncome": 1013.5,
        "interestExpense": 33.5,
        "interestIncomeExpense": -33.1,
        "netIncome": 402.7,
        "netIncomeAfterTaxes": 402.7,
        "period": "2017-09-30",
        "pretaxIncome": 581.8,
        "provisionforIncomeTaxes": 179.1,
        "researchDevelopment": 67,
        "revenue": 5059.7,
        "sgaExpense": 145.4,
        "totalOperatingExpense": 398.6
      },
      {
        "costOfGoodsSold": 3755.1,
        "depreciationAmortization": 172.8,
        "dilutedAverageSharesOutstanding": 529,
        "dilutedEPS": 0.71,
        "ebit": 567,
        "grossIncome": 949.1,
        "interestExpense": 26.1,
        "interestIncomeExpense": -28,
        "netIncome": 373,
        "netIncomeAfterTaxes": 373,
        "period": "2017-06-30",
        "pretaxIncome": 539,
        "provisionforIncomeTaxes": 166,
        "researchDevelopment": 66.1,
        "revenue": 4704.2,
        "sgaExpense": 143.2,
        "totalOperatingExpense": 382.1
      },
      {
        "costOfGoodsSold": 3378.9,
        "depreciationAmortization": 179.7,
        "dilutedAverageSharesOutstanding": 529,
        "dilutedEPS": 0.59,
        "ebit": 472,
        "grossIncome": 859,
        "interestIncomeExpense": -23.8,
        "netIncome": 310.3,
        "netIncomeAfterTaxes": 310.3,
        "nonRecurringItems": 0,
        "period": "2017-03-31",
        "pretaxIncome": 448.2,
        "provisionforIncomeTaxes": 137.9,
        "researchDevelopment": 61,
        "revenue": 4237.9,
        "sgaExpense": 146.3,
        "totalOperatingExpense": 387
      },
      {
        "costOfGoodsSold": 3244.2,
        "depreciationAmortization": 165.3,
        "dilutedAverageSharesOutstanding": 527.7,
        "dilutedEPS": 0.55,
        "ebit": 454.7,
        "grossIncome": 826.5,
        "interestExpense": 49.2,
        "interestIncomeExpense": -35.8,
        "netIncome": 288.8,
        "netIncomeAfterTaxes": 288.8,
        "nonRecurringItems": 0,
        "period": "2016-12-31",
        "pretaxIncome": 418.9,
        "provisionforIncomeTaxes": 130.1,
        "researchDevelopment": 67.6,
        "revenue": 4070.7,
        "sgaExpense": 138.9,
        "totalOperatingExpense": 371.8
      },
      {
        "costOfGoodsSold": 3371.2,
        "depreciationAmortization": 162.6,
        "dilutedAverageSharesOutstanding": 527.7,
        "dilutedEPS": 0.66,
        "ebit": 519.2,
        "grossIncome": 877.8,
        "interestExpense": 35.2,
        "interestIncomeExpense": -24.3,
        "netIncome": 346.2,
        "netIncomeAfterTaxes": 346.2,
        "period": "2016-09-30",
        "pretaxIncome": 494.9,
        "provisionforIncomeTaxes": 148.7,
        "researchDevelopment": 59.2,
        "revenue": 4249,
        "sgaExpense": 136.8,
        "totalOperatingExpense": 358.6
      },
      {
        "costOfGoodsSold": 3489.3,
        "depreciationAmortization": 156.4,
        "dilutedAverageSharesOutstanding": 527.4,
        "dilutedEPS": 0.91,
        "ebit": 565.9,
        "grossIncome": 923.9,
        "interestExpense": 43.2,
        "interestIncomeExpense": -29.3,
        "netIncome": 481.3,
        "netIncomeAfterTaxes": 481.3,
        "nonRecurringItems": 109.6,
        "period": "2016-06-30",
        "pretaxIncome": 646.2,
        "provisionforIncomeTaxes": 164.9,
        "researchDevelopment": 60.8,
        "revenue": 4413.2,
        "sgaExpense": 140.8,
        "totalOperatingExpense": 358
      },
      {
        "costOfGoodsSold": 3412.6,
        "depreciationAmortization": 150.9,
        "dilutedAverageSharesOutstanding": 526.9,
        "dilutedEPS": -1.13,
        "ebit": 536.6,
        "grossIncome": 887.4,
        "interestExpense": 27.9,
        "interestIncomeExpense": -23.6,
        "netIncome": -594.6,
        "netIncomeAfterTaxes": -594.6,
        "nonRecurringItems": -942.6,
        "period": "2016-03-31",
        "pretaxIncome": -429.6,
        "provisionforIncomeTaxes": 165,
        "researchDevelopment": 59.6,
        "revenue": 4300,
        "sgaExpense": 140.3,
        "totalOperatingExpense": 350.8
      },
      {
        "costOfGoodsSold": 3472.9,
        "depreciationAmortization": 144.9,
        "dilutedAverageSharesOutstanding": 531.1,
        "dilutedEPS": 0.65,
        "ebit": 521.7,
        "grossIncome": 882.4,
        "interestExpense": 0.6,
        "interestIncomeExpense": -23,
        "netIncome": 347.2,
        "netIncomeAfterTaxes": 347.2,
        "period": "2015-12-31",
        "pretaxIncome": 498.7,
        "provisionforIncomeTaxes": 151.5,
        "researchDevelopment": 66.7,
        "revenue": 4355.3,
        "sgaExpense": 149.1,
        "totalOperatingExpense": 360.7
      },
      {
        "costOfGoodsSold": 3851.9,
        "depreciationAmortization": 152.5,
        "dilutedAverageSharesOutstanding": 533.8,
        "dilutedEPS": 0.81,
        "ebit": 651.8,
        "grossIncome": 995.3,
        "interestExpense": 58.5,
        "interestIncomeExpense": -27.3,
        "netIncome": 431.2,
        "netIncomeAfterTaxes": 431.2,
        "period": "2015-09-30",
        "pretaxIncome": 624.5,
        "provisionforIncomeTaxes": 193.3,
        "researchDevelopment": 57.6,
        "revenue": 4847.2,
        "sgaExpense": 133.4,
        "totalOperatingExpense": 343.5
      }
    ],
    "symbol": "PCAR"
  }
}