{
  "symbol": "CNC",
  "statement": "ic",
  "frequency": "annual",
  "timestamp": "2025-09-19T13:57:38.308141",
  "data": {
    "financials": [
      {
        "costOfGoodsSold": 146242,
        "depreciationAmortization": 1241,
        "dilutedAverageSharesOutstanding": 523.744,
        "dilutedEPS": 6.3103,
        "ebit": 3283,
        "grossIncome": 16829,
        "interestExpense": 702,
        "interestIncomeExpense": -702,
        "minorityInterest": 11,
        "netIncome": 3305,
        "netIncomeAfterTaxes": 3294,
        "nonRecurringItems": -108,
        "period": "2024-12-31",
        "pretaxIncome": 4257,
        "provisionforIncomeTaxes": 963,
        "revenue": 163071,
        "sgaExpense": 12305,
        "totalOperatingExpense": 13546,
        "totalOtherIncomeExpenseNet": 1784,
        "year": 2024
      },
      {
        "costOfGoodsSold": 136684,
        "depreciationAmortization": 1293,
        "dilutedAverageSharesOutstanding": 545.704,
        "dilutedEPS": 4.9514,
        "ebit": 3607,
        "grossIncome": 17315,
        "interestExpense": 725,
        "interestIncomeExpense": -725,
        "minorityInterest": 3,
        "netIncome": 2702,
        "netIncomeAfterTaxes": 2699,
        "nonRecurringItems": -677,
        "period": "2023-12-31",
        "pretaxIncome": 3598,
        "provisionforIncomeTaxes": 899,
        "revenue": 153999,
        "sgaExpense": 12415,
        "totalOperatingExpense": 13708,
        "totalOtherIncomeExpenseNet": 1393,
        "year": 2023
      },
      {
        "costOfGoodsSold": 127891,
        "depreciationAmortization": 1431,
        "dilutedAverageSharesOutstanding": 582.04,
        "dilutedEPS": 2.0652,
        "ebit": 3844,
        "grossIncome": 16656,
        "interestExpense": 665,
        "interestIncomeExpense": -665,
        "minorityInterest": 0,
        "netIncome": 1202,
        "netIncomeAfterTaxes": 1202,
        "nonRecurringItems": -2496,
        "period": "2022-12-31",
        "pretaxIncome": 1962,
        "provisionforIncomeTaxes": 760,
        "revenue": 144547,
        "sgaExpense": 11381,
        "totalOperatingExpense": 12812,
        "totalOtherIncomeExpenseNet": 1279,
        "year": 2022
      },
      {
        "costOfGoodsSold": 111783,
        "depreciationAmortization": 770,
        "dilutedAverageSharesOutstanding": 590.516,
        "dilutedEPS": 2.2811,
        "ebit": 3488,
        "grossIncome": 14199,
        "interestExpense": 665,
        "interestIncomeExpense": -665,
        "minorityInterest": 11,
        "netIncome": 1347,
        "netIncomeAfterTaxes": 1336,
        "nonRecurringItems": -1458,
        "period": "2021-12-31",
        "pretaxIncome": 1813,
        "provisionforIncomeTaxes": 477,
        "revenue": 125982,
        "sgaExpense": 9941,
        "totalOperatingExpense": 10711,
        "totalOtherIncomeExpenseNet": 448,
        "year": 2021
      },
      {
        "benefitsClaimsLossAdjustment": 1476,
        "depreciationAmortization": 719,
        "dilutedAverageSharesOutstanding": 579,
        "dilutedEPS": 3.12,
        "ebit": 3734,
        "grossPremiumsEarned": 107370,
        "interestExpense": 728,
        "interestIncomeExpense": -728,
        "minorityInterest": 14,
        "netIncome": 1808,
        "netIncomeAfterTaxes": 1794,
        "nonRecurringItems": -609,
        "otherOperatingExpensesTotal": 89567,
        "otherRevenue": 3745,
        "period": "2020-12-31",
        "pretaxIncome": 2773,
        "provisionforIncomeTaxes": 979,
        "revenue": 111115,
        "sgaExpense": 15619,
        "totalOperatingExpense": 107381,
        "totalOtherIncomeExpenseNet": 376,
        "year": 2020
      },
      {
        "benefitsClaimsLossAdjustment": 0,
        "depreciationAmortization": 258,
        "dilutedAverageSharesOutstanding": 420,
        "dilutedEPS": 3.14,
        "ebit": 2137,
        "grossPremiumsEarned": 71714,
        "interestExpense": 412,
        "interestIncomeExpense": -412,
        "minorityInterest": 12,
        "netIncome": 1321,
        "netIncomeAfterTaxes": 1309,
        "nonRecurringItems": -386,
        "otherOperatingExpensesTotal": 61327,
        "otherRevenue": 2925,
        "period": "2019-12-31",
        "pretaxIncome": 1782,
        "provisionforIncomeTaxes": 473,
        "revenue": 74639,
        "sgaExpense": 10917,
        "totalOperatingExpense": 72502,
        "totalOtherIncomeExpenseNet": 443,
        "year": 2019
      },
      {
        "benefitsClaimsLossAdjustment": 709,
        "depreciationAmortization": 211,
        "dilutedAverageSharesOutstanding": 399,
        "dilutedEPS": 2.26,
        "ebit": 1879,
        "grossPremiumsEarned": 57310,
        "interestExpense": 343,
        "interestIncomeExpense": -343,
        "minorityInterest": 6,
        "netIncome": 900,
        "netIncomeAfterTaxes": 894,
        "nonRecurringItems": -421,
        "otherOperatingExpensesTotal": 48443,
        "otherRevenue": 2806,
        "period": "2018-12-31",
        "pretaxIncome": 1368,
        "provisionforIncomeTaxes": 474,
        "revenue": 60116,
        "sgaExpense": 8874,
        "totalOperatingExpense": 58237,
        "totalOtherIncomeExpenseNet": 253,
        "year": 2018
      },
      {
        "benefitsClaimsLossAdjustment": 0,
        "depreciationAmortization": 156,
        "dilutedAverageSharesOutstanding": 353,
        "dilutedEPS": 2.34,
        "ebit": 1315,
        "grossPremiumsEarned": 46115,
        "interestExpense": 255,
        "interestIncomeExpense": -255,
        "minorityInterest": 20,
        "netIncome": 828,
        "netIncomeAfterTaxes": 683,
        "nonRecurringItems": -116,
        "otherOperatingExpensesTotal": 39698,
        "otherRevenue": 2267,
        "period": "2017-12-31",
        "pretaxIncome": 1134,
        "provisionforIncomeTaxes": 451,
        "revenue": 48382,
        "sgaExpense": 7213,
        "totalOperatingExpense": 47067,
        "totalOtherIncomeExpenseNet": 190,
        "year": 2017
      },
      {
        "benefitsClaimsLossAdjustment": 461,
        "depreciationAmortization": 147,
        "dilutedAverageSharesOutstanding": 328,
        "dilutedEPS": 1.7,
        "ebit": 1260,
        "grossPremiumsEarned": 38427,
        "interestExpense": 217,
        "interestIncomeExpense": -217,
        "minorityInterest": 1,
        "netIncome": 562,
        "netIncomeAfterTaxes": 558,
        "otherOperatingExpensesTotal": 32500,
        "otherRevenue": 2180,
        "period": "2016-12-31",
        "pretaxIncome": 1157,
        "provisionforIncomeTaxes": 599,
        "revenue": 40607,
        "sgaExpense": 6239,
        "totalOperatingExpense": 39347,
        "totalOtherIncomeExpenseNet": 114,
        "year": 2016
      },
      {
        "benefitsClaimsLossAdjustment": 215,
        "dilutedAverageSharesOutstanding": 246,
        "dilutedEPS": 1.45,
        "ebit": 705,
        "grossPremiumsEarned": 20884,
        "interestExpense": 43,
        "interestIncomeExpense": -43,
        "minorityInterest": -2,
        "netIncome": 355,
        "netIncomeAfterTaxes": 358,
        "otherOperatingExpensesTotal": 18863,
        "otherRevenue": 1876,
        "period": "2015-12-31",
        "pretaxIncome": 697,
        "provisionforIncomeTaxes": 339,
        "revenue": 22760,
        "sgaExpense": 2977,
        "totalOperatingExpense": 22055,
        "totalOtherIncomeExpenseNet": 35,
        "year": 2015
      }
    ],
    "symbol": "CNC"
  }
}