{
  "symbol": "JBHT",
  "statement": "ic",
  "frequency": "quarterly",
  "timestamp": "2025-09-19T14:02:24.496525",
  "data": {
    "financials": [
      {
        "costOfGoodsSold": 2365.804,
        "depreciationAmortization": 176.98,
        "dilutedAverageSharesOutstanding": 97.976,
        "dilutedEPS": 1.31,
        "ebit": 197.274,
        "grossIncome": 562.377,
        "interestIncomeExpense": -21.285,
        "netIncome": 128.624,
        "netIncomeAfterTaxes": 128.624,
        "otherOperatingExpensesTotal": 102.608,
        "period": "2025-06-30",
        "pretaxIncome": 175.989,
        "provisionforIncomeTaxes": 47.365,
        "revenue": 2928.181,
        "sgaExpense": 85.515,
        "totalOperatingExpense": 365.103
      },
      {
        "costOfGoodsSold": 2376.361,
        "depreciationAmortization": 179.476,
        "dilutedAverageSharesOutstanding": 100.489,
        "dilutedEPS": 1.17,
        "ebit": 178.68,
        "grossIncome": 545.031,
        "interestIncomeExpense": -18.597,
        "netIncome": 117.74,
        "netIncomeAfterTaxes": 117.74,
        "otherOperatingExpensesTotal": 102.497,
        "period": "2025-03-31",
        "pretaxIncome": 160.083,
        "provisionforIncomeTaxes": 42.343,
        "revenue": 2921.392,
        "sgaExpense": 84.378,
        "totalOperatingExpense": 366.351
      },
      {
        "costOfGoodsSold": 2534.561,
        "depreciationAmortization": 205.504,
        "dilutedAverageSharesOutstanding": 101.638,
        "dilutedEPS": 1.53,
        "ebit": 207.039,
        "grossIncome": 611.787,
        "interestIncomeExpense": -15.111,
        "netIncome": 155.454,
        "netIncomeAfterTaxes": 155.454,
        "otherOperatingExpensesTotal": 106.048,
        "period": "2024-12-31",
        "pretaxIncome": 191.928,
        "provisionforIncomeTaxes": 36.474,
        "revenue": 3146.348,
        "sgaExpense": 93.196,
        "totalOperatingExpense": 404.748
      },
      {
        "costOfGoodsSold": 2476.555,
        "depreciationAmortization": 187.982,
        "dilutedAverageSharesOutstanding": 102.135,
        "dilutedEPS": 1.49,
        "ebit": 224.108,
        "grossIncome": 591.616,
        "interestIncomeExpense": -20.751,
        "netIncome": 152.066,
        "netIncomeAfterTaxes": 152.066,
        "otherOperatingExpensesTotal": 96.146,
        "period": "2024-09-30",
        "pretaxIncome": 203.357,
        "provisionforIncomeTaxes": 51.291,
        "revenue": 3068.171,
        "sgaExpense": 83.38,
        "totalOperatingExpense": 367.508
      },
      {
        "costOfGoodsSold": 2361.774,
        "depreciationAmortization": 184.658,
        "dilutedAverageSharesOutstanding": 103.146,
        "dilutedEPS": 1.32,
        "ebit": 205.709,
        "grossIncome": 566.911,
        "interestIncomeExpense": -20.198,
        "netIncome": 135.873,
        "netIncomeAfterTaxes": 135.873,
        "otherOperatingExpensesTotal": 90.797,
        "period": "2024-06-30",
        "pretaxIncome": 185.511,
        "provisionforIncomeTaxes": 49.638,
        "revenue": 2928.685,
        "sgaExpense": 85.747,
        "totalOperatingExpense": 361.202
      },
      {
        "costOfGoodsSold": 2385.389,
        "depreciationAmortization": 182.996,
        "dilutedAverageSharesOutstanding": 104.107,
        "dilutedEPS": 1.22,
        "ebit": 194.369,
        "grossIncome": 558.612,
        "interestIncomeExpense": -15.649,
        "netIncome": 127.493,
        "netIncomeAfterTaxes": 127.493,
        "otherOperatingExpensesTotal": 93.221,
        "period": "2024-03-31",
        "pretaxIncome": 178.72,
        "provisionforIncomeTaxes": 51.227,
        "revenue": 2944.001,
        "sgaExpense": 88.026,
        "totalOperatingExpense": 364.243
      },
      {
        "costOfGoodsSold": 2673.428,
        "depreciationAmortization": 194.456,
        "dilutedAverageSharesOutstanding": 104.118,
        "dilutedEPS": 1.47,
        "ebit": 203.278,
        "grossIncome": 630.272,
        "interestIncomeExpense": -16.329,
        "netIncome": 153.535,
        "netIncomeAfterTaxes": 153.535,
        "otherOperatingExpensesTotal": 137.981,
        "period": "2023-12-31",
        "pretaxIncome": 186.949,
        "provisionforIncomeTaxes": 33.414,
        "revenue": 3303.7,
        "sgaExpense": 94.557,
        "totalOperatingExpense": 426.994
      },
      {
        "costOfGoodsSold": 2573.251,
        "depreciationAmortization": 187.714,
        "dilutedAverageSharesOutstanding": 104.394,
        "dilutedEPS": 1.8,
        "ebit": 241.716,
        "grossIncome": 590.502,
        "interestIncomeExpense": -12.586,
        "netIncome": 187.431,
        "netIncomeAfterTaxes": 187.431,
        "otherOperatingExpensesTotal": 81.414,
        "period": "2023-09-30",
        "pretaxIncome": 229.13,
        "provisionforIncomeTaxes": 41.699,
        "revenue": 3163.753,
        "sgaExpense": 79.658,
        "totalOperatingExpense": 348.786
      },
      {
        "costOfGoodsSold": 2527.257,
        "depreciationAmortization": 179.972,
        "dilutedAverageSharesOutstanding": 104.566,
        "dilutedEPS": 1.81,
        "ebit": 270.712,
        "grossIncome": 605.366,
        "interestIncomeExpense": -14.604,
        "netIncome": 189.552,
        "netIncomeAfterTaxes": 189.552,
        "otherOperatingExpensesTotal": 82.844,
        "period": "2023-06-30",
        "pretaxIncome": 256.108,
        "provisionforIncomeTaxes": 66.556,
        "revenue": 3132.623,
        "sgaExpense": 71.838,
        "totalOperatingExpense": 334.654
      },
      {
        "costOfGoodsSold": 2616.991,
        "depreciationAmortization": 175.812,
        "dilutedAverageSharesOutstanding": 104.729,
        "dilutedEPS": 1.89,
        "ebit": 277.489,
        "grossIncome": 612.597,
        "interestIncomeExpense": -14.789,
        "netIncome": 197.768,
        "netIncomeAfterTaxes": 197.768,
        "otherOperatingExpensesTotal": 88.436,
        "period": "2023-03-31",
        "pretaxIncome": 262.7,
        "provisionforIncomeTaxes": 64.932,
        "revenue": 3229.588,
        "sgaExpense": 70.86,
        "totalOperatingExpense": 335.108
      },
      {
        "costOfGoodsSold": 2987.206,
        "depreciationAmortization": 171.606,
        "dilutedAverageSharesOutstanding": 104.73,
        "dilutedEPS": 1.92,
        "ebit": 281.948,
        "grossIncome": 662.416,
        "interestIncomeExpense": -11.189,
        "netIncome": 201.303,
        "netIncomeAfterTaxes": 201.303,
        "nonRecurringItems": 0,
        "otherOperatingExpensesTotal": 143.622,
        "period": "2022-12-31",
        "pretaxIncome": 270.759,
        "provisionforIncomeTaxes": 69.456,
        "revenue": 3649.622,
        "sgaExpense": 65.24,
        "totalOperatingExpense": 380.468
      },
      {
        "costOfGoodsSold": 3160.296,
        "depreciationAmortization": 166.58,
        "dilutedAverageSharesOutstanding": 104.924,
        "dilutedEPS": 2.57,
        "ebit": 362.228,
        "grossIncome": 677.961,
        "interestIncomeExpense": -13.562,
        "netIncome": 269.382,
        "netIncomeAfterTaxes": 269.382,
        "nonRecurringItems": 0,
        "otherOperatingExpensesTotal": 77.271,
        "period": "2022-09-30",
        "pretaxIncome": 348.666,
        "provisionforIncomeTaxes": 79.284,
        "revenue": 3838.257,
        "sgaExpense": 71.882,
        "totalOperatingExpense": 315.733
      },
      {
        "costOfGoodsSold": 3154.667,
        "depreciationAmortization": 157.571,
        "dilutedAverageSharesOutstanding": 105.387,
        "dilutedEPS": 2.42,
        "ebit": 353.083,
        "grossIncome": 682.865,
        "interestIncomeExpense": -12.842,
        "netIncome": 255.342,
        "netIncomeAfterTaxes": 255.342,
        "nonRecurringItems": 0,
        "otherOperatingExpensesTotal": 103.581,
        "period": "2022-06-30",
        "pretaxIncome": 340.241,
        "provisionforIncomeTaxes": 84.899,
        "revenue": 3837.532,
        "sgaExpense": 68.63,
        "totalOperatingExpense": 329.782
      },
      {
        "costOfGoodsSold": 2897.336,
        "depreciationAmortization": 148.763,
        "dilutedAverageSharesOutstanding": 106.075,
        "dilutedEPS": 2.29,
        "ebit": 335.194,
        "grossIncome": 591.252,
        "interestIncomeExpense": -12.586,
        "netIncome": 243.325,
        "netIncomeAfterTaxes": 243.325,
        "nonRecurringItems": -0.9,
        "otherOperatingExpensesTotal": 61.88,
        "period": "2022-03-31",
        "pretaxIncome": 321.708,
        "provisionforIncomeTaxes": 78.383,
        "revenue": 3488.588,
        "sgaExpense": 45.415,
        "totalOperatingExpense": 256.058
      },
      {
        "costOfGoodsSold": 2905.425,
        "depreciationAmortization": 141.254,
        "dilutedAverageSharesOutstanding": 106.308,
        "dilutedEPS": 2.28,
        "ebit": 322.503,
        "grossIncome": 591.546,
        "interestIncomeExpense": -9.697,
        "netIncome": 242.209,
        "netIncomeAfterTaxes": 242.209,
        "otherOperatingExpensesTotal": 66.234,
        "period": "2021-12-31",
        "pretaxIncome": 312.806,
        "provisionforIncomeTaxes": 70.597,
        "revenue": 3496.971,
        "sgaExpense": 61.555,
        "totalOperatingExpense": 269.043
      },
      {
        "costOfGoodsSold": 2616.626,
        "depreciationAmortization": 138.923,
        "dilutedAverageSharesOutstanding": 106.436,
        "dilutedEPS": 1.88,
        "ebit": 273.829,
        "grossIncome": 528.186,
        "interestIncomeExpense": -11.977,
        "netIncome": 199.829,
        "netIncomeAfterTaxes": 199.829,
        "otherOperatingExpensesTotal": 56.718,
        "period": "2021-09-30",
        "pretaxIncome": 261.852,
        "provisionforIncomeTaxes": 62.023,
        "revenue": 3144.812,
        "sgaExpense": 58.716,
        "totalOperatingExpense": 254.357
      },
      {
        "costOfGoodsSold": 2421.563,
        "depreciationAmortization": 139.371,
        "dilutedAverageSharesOutstanding": 106.816,
        "dilutedEPS": 1.61,
        "ebit": 241.546,
        "grossIncome": 486.807,
        "interestIncomeExpense": -12.059,
        "netIncome": 172.162,
        "netIncomeAfterTaxes": 172.162,
        "otherOperatingExpensesTotal": 49.717,
        "period": "2021-06-30",
        "pretaxIncome": 229.487,
        "provisionforIncomeTaxes": 57.325,
        "revenue": 2908.37,
        "sgaExpense": 56.173,
        "totalOperatingExpense": 245.261
      },
      {
        "costOfGoodsSold": 2167.071,
        "depreciationAmortization": 137.545,
        "dilutedAverageSharesOutstanding": 106.816,
        "dilutedEPS": 1.37,
        "ebit": 207.652,
        "grossIncome": 451.078,
        "interestIncomeExpense": -12.024,
        "netIncome": 146.606,
        "netIncomeAfterTaxes": 146.606,
        "otherOperatingExpensesTotal": 51.844,
        "period": "2021-03-31",
        "pretaxIncome": 195.628,
        "provisionforIncomeTaxes": 49.022,
        "revenue": 2618.149,
        "sgaExpense": 54.037,
        "totalOperatingExpense": 243.426
      },
      {
        "costOfGoodsSold": 2288.575,
        "depreciationAmortization": 134.589,
        "dilutedAverageSharesOutstanding": 106.736,
        "dilutedEPS": 1.44,
        "ebit": 207.692,
        "grossIncome": 449.077,
        "interestExpense": 10.831,
        "interestIncomeExpense": -10.345,
        "netIncome": 154.007,
        "netIncomeAfterTaxes": 154.007,
        "otherOperatingExpensesTotal": 49.566,
        "period": "2020-12-31",
        "pretaxIncome": 197.347,
        "provisionforIncomeTaxes": 43.34,
        "revenue": 2737.652,
        "sgaExpense": 57.23,
        "totalOperatingExpense": 241.385
      },
      {
        "costOfGoodsSold": 2064.948,
        "depreciationAmortization": 132.392,
        "dilutedAverageSharesOutstanding": 106.798,
        "dilutedEPS": 1.18,
        "ebit": 175.503,
        "grossIncome": 407.575,
        "interestExpense": 11.895,
        "interestIncomeExpense": -11.895,
        "netIncome": 125.496,
        "netIncomeAfterTaxes": 125.496,
        "otherOperatingExpensesTotal": 49.108,
        "period": "2020-09-30",
        "pretaxIncome": 163.608,
        "provisionforIncomeTaxes": 38.112,
        "revenue": 2472.523,
        "sgaExpense": 50.572,
        "totalOperatingExpense": 232.072
      },
      {
        "costOfGoodsSold": 1743.026,
        "depreciationAmortization": 130.298,
        "dilutedAverageSharesOutstanding": 105.505,
        "dilutedEPS": 1.15,
        "ebit": 175.183,
        "grossIncome": 402.547,
        "interestExpense": 12.818,
        "interestIncomeExpense": -12.818,
        "netIncome": 121.698,
        "netIncomeAfterTaxes": 121.698,
        "otherOperatingExpensesTotal": 44.466,
        "period": "2020-06-30",
        "pretaxIncome": 162.365,
        "provisionforIncomeTaxes": 40.667,
        "revenue": 2145.573,
        "sgaExpense": 52.6,
        "totalOperatingExpense": 227.364
      },
      {
        "costOfGoodsSold": 1897.121,
        "depreciationAmortization": 130.095,
        "dilutedAverageSharesOutstanding": 106.95,
        "dilutedEPS": 0.98,
        "ebit": 154.741,
        "grossIncome": 383.705,
        "interestExpense": 12.036,
        "interestIncomeExpense": -12.036,
        "netIncome": 104.834,
        "netIncomeAfterTaxes": 104.834,
        "otherOperatingExpensesTotal": 45.673,
        "period": "2020-03-31",
        "pretaxIncome": 142.705,
        "provisionforIncomeTaxes": 37.871,
        "revenue": 2280.826,
        "sgaExpense": 53.196,
        "totalOperatingExpense": 228.964
      },
      {
        "costOfGoodsSold": 2009.539,
        "depreciationAmortization": 128.417,
        "dilutedAverageSharesOutstanding": 107.521,
        "dilutedEPS": 1.35,
        "ebit": 205.075,
        "grossIncome": 440.785,
        "interestIncomeExpense": -12.777,
        "netIncome": 144.676,
        "netIncomeAfterTaxes": 144.676,
        "otherOperatingExpensesTotal": 46.633,
        "period": "2019-12-31",
        "pretaxIncome": 192.298,
        "provisionforIncomeTaxes": 47.622,
        "revenue": 2450.324,
        "sgaExpense": 60.66,
        "totalOperatingExpense": 235.71
      },
      {
        "costOfGoodsSold": 1953.057,
        "depreciationAmortization": 126.803,
        "dilutedAverageSharesOutstanding": 107.692,
        "dilutedEPS": 1.1,
        "ebit": 167.862,
        "grossIncome": 410.603,
        "interestIncomeExpense": -12.357,
        "netIncome": 118.41,
        "netIncomeAfterTaxes": 118.41,
        "otherOperatingExpensesTotal": 58.222,
        "period": "2019-09-30",
        "pretaxIncome": 155.505,
        "provisionforIncomeTaxes": 37.095,
        "revenue": 2363.66,
        "sgaExpense": 57.716,
        "totalOperatingExpense": 242.741
      },
      {
        "costOfGoodsSold": 1823.864,
        "depreciationAmortization": 123.995,
        "dilutedAverageSharesOutstanding": 108.373,
        "dilutedEPS": 1.23,
        "ebit": 193.093,
        "grossIncome": 437.783,
        "interestIncomeExpense": -14.763,
        "netIncome": 133.633,
        "netIncomeAfterTaxes": 133.633,
        "otherOperatingExpensesTotal": 65.578,
        "period": "2019-06-30",
        "pretaxIncome": 178.33,
        "provisionforIncomeTaxes": 44.697,
        "revenue": 2261.647,
        "sgaExpense": 55.117,
        "totalOperatingExpense": 244.69
      },
      {
        "costOfGoodsSold": 1706.512,
        "depreciationAmortization": 119.93,
        "dilutedAverageSharesOutstanding": 109.664,
        "dilutedEPS": 1.09,
        "ebit": 167.795,
        "grossIncome": 383.115,
        "interestIncomeExpense": -13.033,
        "netIncome": 119.601,
        "netIncomeAfterTaxes": 119.601,
        "otherOperatingExpensesTotal": 42.154,
        "period": "2019-03-31",
        "pretaxIncome": 154.762,
        "provisionforIncomeTaxes": 35.161,
        "revenue": 2089.627,
        "sgaExpense": 53.236,
        "totalOperatingExpense": 215.32
      },
      {
        "costOfGoodsSold": 1981.158,
        "depreciationAmortization": 114.086,
        "dilutedAverageSharesOutstanding": 109.939,
        "dilutedEPS": 0.8,
        "ebit": 122.739,
        "grossIncome": 336.684,
        "interestIncomeExpense": -11.234,
        "netIncome": 88.681,
        "netIncomeAfterTaxes": 105.5,
        "otherOperatingExpensesTotal": 40.997,
        "period": "2018-12-31",
        "pretaxIncome": 111.505,
        "provisionforIncomeTaxes": 6.005,
        "revenue": 2317.842,
        "sgaExpense": 58.862,
        "totalOperatingExpense": 213.945
      },
      {
        "costOfGoodsSold": 1817.937,
        "depreciationAmortization": 108.801,
        "dilutedAverageSharesOutstanding": 110.235,
        "dilutedEPS": 1.19,
        "ebit": 174.688,
        "grossIncome": 391.823,
        "interestIncomeExpense": -9.961,
        "netIncome": 131.11,
        "netIncomeAfterTaxes": 131.11,
        "otherOperatingExpensesTotal": 58.797,
        "period": "2018-09-30",
        "pretaxIncome": 164.727,
        "provisionforIncomeTaxes": 33.617,
        "revenue": 2209.76,
        "sgaExpense": 49.537,
        "totalOperatingExpense": 217.135
      },
      {
        "costOfGoodsSold": 1730.477,
        "depreciationAmortization": 107.423,
        "dilutedAverageSharesOutstanding": 110.682,
        "dilutedEPS": 1.37,
        "ebit": 214.812,
        "grossIncome": 408.55,
        "interestIncomeExpense": -9.855,
        "netIncome": 151.652,
        "netIncomeAfterTaxes": 151.652,
        "otherOperatingExpensesTotal": 40.605,
        "period": "2018-06-30",
        "pretaxIncome": 204.957,
        "provisionforIncomeTaxes": 53.305,
        "revenue": 2139.027,
        "sgaExpense": 45.71,
        "totalOperatingExpense": 193.738
      },
      {
        "costOfGoodsSold": 1593.719,
        "depreciationAmortization": 105.583,
        "dilutedAverageSharesOutstanding": 110.863,
        "dilutedEPS": 1.06,
        "ebit": 168.781,
        "grossIncome": 354.526,
        "interestIncomeExpense": -9.152,
        "netIncome": 118.142,
        "netIncomeAfterTaxes": 104.542,
        "otherOperatingExpensesTotal": 40.087,
        "period": "2018-03-31",
        "pretaxIncome": 159.629,
        "provisionforIncomeTaxes": 55.087,
        "revenue": 1948.245,
        "sgaExpense": 40.075,
        "totalOperatingExpense": 185.745
      },
      {
        "costOfGoodsSold": 1623.955,
        "depreciationAmortization": 102.32,
        "dilutedAverageSharesOutstanding": 110.734,
        "dilutedEPS": 3.47,
        "ebit": 145.813,
        "grossIncome": 366.205,
        "interestIncomeExpense": -6.029,
        "netIncome": 385.307,
        "netIncomeAfterTaxes": 694.507,
        "otherOperatingExpensesTotal": 59.145,
        "period": "2017-12-31",
        "pretaxIncome": 139.784,
        "provisionforIncomeTaxes": -554.723,
        "revenue": 1990.16,
        "sgaExpense": 58.927,
        "totalOperatingExpense": 220.392
      },
      {
        "costOfGoodsSold": 1510.069,
        "depreciationAmortization": 95.959,
        "dilutedAverageSharesOutstanding": 110.628,
        "dilutedEPS": 0.91,
        "ebit": 164.972,
        "grossIncome": 333.265,
        "interestIncomeExpense": -8.31,
        "netIncome": 100.385,
        "netIncomeAfterTaxes": 100.385,
        "otherOperatingExpensesTotal": 37.207,
        "period": "2017-09-30",
        "pretaxIncome": 156.662,
        "provisionforIncomeTaxes": 56.277,
        "revenue": 1843.334,
        "sgaExpense": 35.127,
        "totalOperatingExpense": 168.293
      },
      {
        "costOfGoodsSold": 1404.553,
        "depreciationAmortization": 93.05,
        "dilutedAverageSharesOutstanding": 110.822,
        "dilutedEPS": 0.88,
        "ebit": 163.615,
        "grossIncome": 322.362,
        "interestIncomeExpense": -7.393,
        "netIncome": 97.869,
        "netIncomeAfterTaxes": 97.869,
        "otherOperatingExpensesTotal": 38.366,
        "period": "2017-06-30",
        "pretaxIncome": 156.222,
        "provisionforIncomeTaxes": 58.353,
        "revenue": 1726.915,
        "sgaExpense": 27.331,
        "totalOperatingExpense": 158.747
      },
      {
        "costOfGoodsSold": 1325.418,
        "depreciationAmortization": 92.189,
        "dilutedAverageSharesOutstanding": 112.026,
        "dilutedEPS": 0.92,
        "ebit": 149.389,
        "grossIncome": 303.74,
        "interestIncomeExpense": -6.817,
        "netIncome": 102.702,
        "netIncomeAfterTaxes": 102.702,
        "otherOperatingExpensesTotal": 33.685,
        "period": "2017-03-31",
        "pretaxIncome": 142.572,
        "provisionforIncomeTaxes": 39.87,
        "revenue": 1629.158,
        "sgaExpense": 28.477,
        "totalOperatingExpense": 154.351
      },
      {
        "costOfGoodsSold": 1372.691,
        "depreciationAmortization": 91.793,
        "dilutedAverageSharesOutstanding": 112.317,
        "dilutedEPS": 1.05,
        "ebit": 194.361,
        "grossIncome": 348.371,
        "interestIncomeExpense": -5.876,
        "netIncome": 117.556,
        "netIncomeAfterTaxes": 117.556,
        "otherOperatingExpensesTotal": 31.824,
        "period": "2016-12-31",
        "pretaxIncome": 188.485,
        "provisionforIncomeTaxes": 70.929,
        "revenue": 1721.062,
        "sgaExpense": 30.393,
        "totalOperatingExpense": 154.01
      },
      {
        "costOfGoodsSold": 1357.125,
        "depreciationAmortization": 91.001,
        "dilutedAverageSharesOutstanding": 113.363,
        "dilutedEPS": 0.97,
        "ebit": 182.977,
        "grossIncome": 333.534,
        "interestIncomeExpense": -6.485,
        "netIncome": 109.425,
        "netIncomeAfterTaxes": 109.425,
        "otherOperatingExpensesTotal": 33.527,
        "period": "2016-09-30",
        "pretaxIncome": 176.492,
        "provisionforIncomeTaxes": 67.067,
        "revenue": 1690.659,
        "sgaExpense": 26.029,
        "totalOperatingExpense": 150.557
      },
      {
        "costOfGoodsSold": 1294.86,
        "depreciationAmortization": 90.364,
        "dilutedAverageSharesOutstanding": 113.761,
        "dilutedEPS": 0.92,
        "ebit": 175.792,
        "grossIncome": 320.166,
        "interestIncomeExpense": -6.42,
        "netIncome": 105.011,
        "netIncomeAfterTaxes": 105.011,
        "otherOperatingExpensesTotal": 30.459,
        "period": "2016-06-30",
        "pretaxIncome": 169.372,
        "provisionforIncomeTaxes": 64.361,
        "revenue": 1615.026,
        "sgaExpense": 23.551,
        "totalOperatingExpense": 144.374
      },
      {
        "costOfGoodsSold": 1216.864,
        "depreciationAmortization": 88.352,
        "dilutedAverageSharesOutstanding": 114.003,
        "dilutedEPS": 0.88,
        "ebit": 167.89,
        "grossIncome": 311.848,
        "interestIncomeExpense": -6.442,
        "netIncome": 100.098,
        "netIncomeAfterTaxes": 100.098,
        "otherOperatingExpensesTotal": 28.554,
        "period": "2016-03-31",
        "pretaxIncome": 161.448,
        "provisionforIncomeTaxes": 61.35,
        "revenue": 1528.712,
        "sgaExpense": 27.052,
        "totalOperatingExpense": 143.958
      },
      {
        "costOfGoodsSold": 1289.379,
        "depreciationAmortization": 88.374,
        "dilutedAverageSharesOutstanding": 115.033,
        "dilutedEPS": 1.01,
        "ebit": 192.893,
        "grossIncome": 331.636,
        "interestIncomeExpense": -4.289,
        "netIncome": 116.745,
        "netIncomeAfterTaxes": 116.745,
        "otherOperatingExpensesTotal": 29.554,
        "period": "2015-12-31",
        "pretaxIncome": 188.604,
        "provisionforIncomeTaxes": 71.859,
        "revenue": 1621.015,
        "sgaExpense": 20.815,
        "totalOperatingExpense": 138.743
      },
      {
        "costOfGoodsSold": 1255.853,
        "depreciationAmortization": 86.201,
        "dilutedAverageSharesOutstanding": 116.282,
        "dilutedEPS": 0.99,
        "ebit": 193.846,
        "grossIncome": 330.641,
        "interestIncomeExpense": -7.838,
        "netIncome": 115.139,
        "netIncomeAfterTaxes": 115.139,
        "otherOperatingExpensesTotal": 30.761,
        "period": "2015-09-30",
        "pretaxIncome": 186.008,
        "provisionforIncomeTaxes": 70.869,
        "revenue": 1586.494,
        "sgaExpense": 19.833,
        "totalOperatingExpense": 136.795
      }
    ],
    "symbol": "JBHT"
  }
}