{
  "symbol": "AFL",
  "statement": "ic",
  "frequency": "annual",
  "timestamp": "2025-09-19T13:55:19.282980",
  "data": {
    "financials": [
      {
        "benefitsClaimsLossAdjustment": 11198,
        "deferredPolicyAcquisitionExpense": 851,
        "depreciationAmortization": 40,
        "dilutedAverageSharesOutstanding": 565.015,
        "dilutedEPS": 9.6334,
        "ebit": 6614,
        "grossPremiumsEarned": 13540,
        "interestExpense": 197,
        "interestIncomeExpense": -197,
        "netIncome": 5443,
        "netIncomeAfterTaxes": 5443,
        "period": "2024-12-31",
        "pretaxIncome": 6417,
        "provisionforIncomeTaxes": 974,
        "revenue": 18927,
        "sgaExpense": 224,
        "totalOperatingExpense": 12313,
        "year": 2024
      },
      {
        "benefitsClaimsLossAdjustment": 12152,
        "deferredPolicyAcquisitionExpense": 816,
        "depreciationAmortization": 35,
        "dilutedAverageSharesOutstanding": 598.745,
        "dilutedEPS": 7.7813,
        "ebit": 5457,
        "grossPremiumsEarned": 14300,
        "interestExpense": 195,
        "interestIncomeExpense": -195,
        "netIncome": 4659,
        "netIncomeAfterTaxes": 4659,
        "nonRecurringItems": 0,
        "otherOperatingExpensesTotal": 4,
        "period": "2023-12-31",
        "pretaxIncome": 5262,
        "provisionforIncomeTaxes": 603,
        "revenue": 18701,
        "sgaExpense": 237,
        "totalOperatingExpense": 13244,
        "year": 2023
      },
      {
        "benefitsClaimsLossAdjustment": 13219,
        "deferredPolicyAcquisitionExpense": 1152,
        "depreciationAmortization": 40,
        "dilutedAverageSharesOutstanding": 638,
        "dilutedEPS": 6.59,
        "ebit": 4855,
        "grossPremiumsEarned": 15483,
        "interestExpense": 226,
        "interestIncomeExpense": -226,
        "netIncome": 4201,
        "netIncomeAfterTaxes": 4201,
        "nonRecurringItems": -25,
        "otherOperatingExpensesTotal": 5,
        "period": "2022-12-31",
        "pretaxIncome": 4604,
        "provisionforIncomeTaxes": 403,
        "revenue": 19527,
        "sgaExpense": 256,
        "totalOperatingExpense": 14672,
        "year": 2022
      },
      {
        "benefitsClaimsLossAdjustment": 15044,
        "deferredPolicyAcquisitionExpense": 1170,
        "depreciationAmortization": 39,
        "dilutedAverageSharesOutstanding": 677,
        "dilutedEPS": 6.39,
        "ebit": 5580,
        "grossPremiumsEarned": 17820,
        "interestExpense": 238,
        "interestIncomeExpense": -238,
        "netIncome": 4325,
        "netIncomeAfterTaxes": 4325,
        "nonRecurringItems": -20,
        "otherOperatingExpensesTotal": 6,
        "period": "2021-12-31",
        "pretaxIncome": 5322,
        "provisionforIncomeTaxes": 997,
        "revenue": 22126,
        "sgaExpense": 287,
        "totalOperatingExpense": 16546,
        "year": 2021
      },
      {
        "benefitsClaimsLossAdjustment": 16251,
        "deferredPolicyAcquisitionExpense": 1214,
        "depreciationAmortization": 36,
        "dilutedAverageSharesOutstanding": 716,
        "dilutedEPS": 6.67,
        "ebit": 4401,
        "grossPremiumsEarned": 18779,
        "interestExpense": 242,
        "interestIncomeExpense": -242,
        "netIncome": 4778,
        "netIncomeAfterTaxes": 4778,
        "otherOperatingExpensesTotal": 5,
        "period": "2020-12-31",
        "pretaxIncome": 4159,
        "provisionforIncomeTaxes": -619,
        "revenue": 22147,
        "sgaExpense": 240,
        "totalOperatingExpense": 17746,
        "year": 2020
      },
      {
        "benefitsClaimsLossAdjustment": 16038,
        "deferredPolicyAcquisitionExpense": 1282,
        "depreciationAmortization": 40,
        "dilutedAverageSharesOutstanding": 746,
        "dilutedEPS": 4.43,
        "ebit": 4704,
        "grossPremiumsEarned": 18864,
        "interestExpense": 228,
        "interestIncomeExpense": -228,
        "netIncome": 3304,
        "netIncomeAfterTaxes": 3304,
        "nonRecurringItems": -31,
        "otherOperatingExpensesTotal": 1,
        "period": "2019-12-31",
        "pretaxIncome": 4445,
        "provisionforIncomeTaxes": 1141,
        "revenue": 22338,
        "sgaExpense": 273,
        "totalOperatingExpense": 17634,
        "year": 2019
      },
      {
        "benefitsClaimsLossAdjustment": 15968,
        "deferredPolicyAcquisitionExpense": 1245,
        "depreciationAmortization": 49,
        "dilutedAverageSharesOutstanding": 775,
        "dilutedEPS": 3.76,
        "ebit": 4286,
        "grossPremiumsEarned": 18746,
        "interestExpense": 222,
        "interestIncomeExpense": -222,
        "netIncome": 2920,
        "netIncomeAfterTaxes": 2938,
        "nonRecurringItems": -81,
        "period": "2018-12-31",
        "pretaxIncome": 3983,
        "provisionforIncomeTaxes": 1045,
        "revenue": 21839,
        "sgaExpense": 291,
        "totalOperatingExpense": 17553,
        "year": 2018
      },
      {
        "benefitsClaimsLossAdjustment": 15939,
        "deferredPolicyAcquisitionExpense": 1132,
        "depreciationAmortization": 53,
        "dilutedAverageSharesOutstanding": 798,
        "dilutedEPS": 5.76,
        "ebit": 4295,
        "grossPremiumsEarned": 18626,
        "interestExpense": 240,
        "interestIncomeExpense": -240,
        "netIncome": 4604,
        "netIncomeAfterTaxes": 2671,
        "nonRecurringItems": -37,
        "period": "2017-12-31",
        "pretaxIncome": 4018,
        "provisionforIncomeTaxes": 1347,
        "revenue": 21704,
        "sgaExpense": 285,
        "totalOperatingExpense": 17409,
        "year": 2017
      },
      {
        "benefitsClaimsLossAdjustment": 16332,
        "deferredPolicyAcquisitionExpense": 1141,
        "depreciationAmortization": 108,
        "dilutedAverageSharesOutstanding": 828,
        "dilutedEPS": 3.21,
        "ebit": 4418,
        "grossPremiumsEarned": 19619,
        "interestExpense": 268,
        "interestIncomeExpense": -268,
        "netIncome": 2659,
        "netIncomeAfterTaxes": 2659,
        "nonRecurringItems": -83,
        "otherOperatingExpensesTotal": 344,
        "period": "2016-12-31",
        "pretaxIncome": 4067,
        "provisionforIncomeTaxes": 1408,
        "revenue": 22642,
        "sgaExpense": 299,
        "totalOperatingExpense": 18224,
        "year": 2016
      },
      {
        "benefitsClaimsLossAdjustment": 14887,
        "deferredPolicyAcquisitionExpense": 1066,
        "depreciationAmortization": 100,
        "dilutedAverageSharesOutstanding": 866,
        "dilutedEPS": 2.92,
        "ebit": 4304,
        "grossPremiumsEarned": 17900,
        "interestExpense": 289,
        "interestIncomeExpense": -289,
        "netIncome": 2533,
        "netIncomeAfterTaxes": 2533,
        "nonRecurringItems": -153,
        "otherOperatingExpensesTotal": 392,
        "period": "2015-12-31",
        "pretaxIncome": 3862,
        "provisionforIncomeTaxes": 1329,
        "revenue": 21025,
        "sgaExpense": 276,
        "totalOperatingExpense": 16721,
        "year": 2015
      }
    ],
    "symbol": "AFL"
  }
}