{
  "symbol": "ARE",
  "statement": "ic",
  "frequency": "quarterly",
  "timestamp": "2025-09-19T13:55:29.391416",
  "data": {
    "financials": [
      {
        "costOfGoodsSold": 224.433,
        "depreciationAmortization": 346.123,
        "dilutedAverageSharesOutstanding": 170.135,
        "dilutedEPS": -0.6443,
        "ebit": 192.888,
        "gainLossOnDispositionOfAssets": 0,
        "grossIncome": 568.139,
        "interestExpense": 55.296,
        "interestIncomeExpense": -86.255,
        "minorityInterest": -44.813,
        "netIncome": -109.611,
        "netIncomeAfterTaxes": -62.189,
        "nonRecurringItems": -168.822,
        "period": "2025-06-30",
        "pretaxIncome": -62.189,
        "revenue": 792.572,
        "sgaExpense": 29.128,
        "totalOperatingExpense": 375.251
      },
      {
        "costOfGoodsSold": 226.395,
        "depreciationAmortization": 342.062,
        "dilutedAverageSharesOutstanding": 170.522,
        "dilutedEPS": -0.068,
        "ebit": 188.359,
        "gainLossOnDispositionOfAssets": 13.165,
        "grossIncome": 561.096,
        "interestExpense": 50.876,
        "interestIncomeExpense": -119.528,
        "minorityInterest": -47.601,
        "netIncome": -11.599,
        "netIncomeAfterTaxes": 38.662,
        "nonRecurringItems": -43.334,
        "period": "2025-03-31",
        "pretaxIncome": 38.662,
        "revenue": 787.491,
        "sgaExpense": 30.675,
        "totalOperatingExpense": 372.737
      },
      {
        "costOfGoodsSold": 240.432,
        "depreciationAmortization": 330.108,
        "dilutedAverageSharesOutstanding": 172.263,
        "dilutedEPS": -0.3769,
        "ebit": 217.729,
        "gainLossOnDispositionOfAssets": 101.806,
        "grossIncome": 580.567,
        "interestExpense": 55.659,
        "interestIncomeExpense": -128.8,
        "minorityInterest": -46.15,
        "netIncome": -64.922,
        "netIncomeAfterTaxes": -16.095,
        "nonRecurringItems": -206.83,
        "period": "2024-12-31",
        "pretaxIncome": -16.095,
        "revenue": 820.999,
        "sgaExpense": 32.73,
        "totalOperatingExpense": 362.838
      },
      {
        "costOfGoodsSold": 233.265,
        "depreciationAmortization": 293.998,
        "dilutedAverageSharesOutstanding": 172.058,
        "dilutedEPS": 0.9571,
        "ebit": 243.369,
        "gainLossOnDispositionOfAssets": 27.114,
        "grossIncome": 581.312,
        "interestExpense": 43.55,
        "interestIncomeExpense": -40.801,
        "minorityInterest": -45.656,
        "netIncome": 164.674,
        "netIncomeAfterTaxes": 213.603,
        "nonRecurringItems": -16.079,
        "period": "2024-09-30",
        "pretaxIncome": 213.603,
        "revenue": 814.577,
        "sgaExpense": 43.945,
        "totalOperatingExpense": 337.943
      },
      {
        "costOfGoodsSold": 217.254,
        "depreciationAmortization": 290.72,
        "dilutedAverageSharesOutstanding": 172.013,
        "dilutedEPS": 0.2495,
        "ebit": 247.497,
        "gainLossOnDispositionOfAssets": 0,
        "grossIncome": 582.846,
        "interestExpense": 45.789,
        "interestIncomeExpense": -109.897,
        "minorityInterest": -47.347,
        "netIncome": 42.917,
        "netIncomeAfterTaxes": 94.049,
        "nonRecurringItems": -43.551,
        "period": "2024-06-30",
        "pretaxIncome": 94.049,
        "revenue": 800.1,
        "sgaExpense": 44.629,
        "totalOperatingExpense": 335.349
      },
      {
        "costOfGoodsSold": 218.314,
        "depreciationAmortization": 287.554,
        "dilutedAverageSharesOutstanding": 171.949,
        "dilutedEPS": 0.9706,
        "ebit": 245.009,
        "gainLossOnDispositionOfAssets": 0.392,
        "grossIncome": 579.618,
        "interestExpense": 40.84,
        "interestIncomeExpense": -11.527,
        "minorityInterest": -48.631,
        "netIncome": 166.886,
        "netIncomeAfterTaxes": 219.176,
        "nonRecurringItems": -14.698,
        "period": "2024-03-31",
        "pretaxIncome": 219.176,
        "revenue": 797.932,
        "sgaExpense": 47.055,
        "totalOperatingExpense": 334.609
      },
      {
        "costOfGoodsSold": 222.726,
        "depreciationAmortization": 285.246,
        "dilutedAverageSharesOutstanding": 171.098,
        "dilutedEPS": -0.5373,
        "ebit": 202.224,
        "gainLossOnDispositionOfAssets": 62.227,
        "grossIncome": 546.759,
        "interestExpense": 31.967,
        "interestIncomeExpense": -12.125,
        "minorityInterest": -45.771,
        "netIncome": -91.927,
        "netIncomeAfterTaxes": -42.658,
        "nonRecurringItems": -294.984,
        "period": "2023-12-31",
        "pretaxIncome": -42.658,
        "revenue": 769.485,
        "sgaExpense": 59.289,
        "totalOperatingExpense": 344.535
      },
      {
        "costOfGoodsSold": 217.7,
        "depreciationAmortization": 269.4,
        "dilutedAverageSharesOutstanding": 170.9,
        "dilutedEPS": 0.13,
        "ebit": 205.8,
        "gainLossOnDispositionOfAssets": 0,
        "grossIncome": 521.1,
        "interestExpense": 11.411,
        "interestIncomeExpense": -88.4,
        "minorityInterest": -44,
        "netIncome": 21.9,
        "netIncomeAfterTaxes": 68.3,
        "nonRecurringItems": -49.2,
        "period": "2023-09-30",
        "pretaxIncome": 68.3,
        "revenue": 738.8,
        "sgaExpense": 46,
        "totalOperatingExpense": 315.3
      },
      {
        "costOfGoodsSold": 211.8,
        "depreciationAmortization": 273.6,
        "dilutedAverageSharesOutstanding": 170.9,
        "dilutedEPS": 0.51,
        "ebit": 205.2,
        "gainLossOnDispositionOfAssets": 214.8,
        "grossIncome": 524.6,
        "interestExpense": 17.072,
        "interestIncomeExpense": -94.8,
        "minorityInterest": -43.8,
        "netIncome": 87.3,
        "netIncomeAfterTaxes": 133.7,
        "nonRecurringItems": -191.5,
        "period": "2023-06-30",
        "pretaxIncome": 133.7,
        "revenue": 736.5,
        "sgaExpense": 45.9,
        "totalOperatingExpense": 319.5
      },
      {
        "costOfGoodsSold": 206.9,
        "depreciationAmortization": 265.3,
        "dilutedAverageSharesOutstanding": 170.8,
        "dilutedEPS": 0.44,
        "ebit": 201.1,
        "grossIncome": 514.6,
        "interestExpense": 13.754,
        "interestIncomeExpense": -79.4,
        "minorityInterest": -43.8,
        "netIncome": 75.3,
        "netIncomeAfterTaxes": 121.7,
        "period": "2023-03-31",
        "pretaxIncome": 121.7,
        "revenue": 721.5,
        "sgaExpense": 48.2,
        "totalOperatingExpense": 313.5
      },
      {
        "costOfGoodsSold": 204.4,
        "depreciationAmortization": 264.5,
        "dilutedAverageSharesOutstanding": 165.4,
        "dilutedEPS": 0.31,
        "ebit": 162.9,
        "gainLossOnDispositionOfAssets": 0,
        "grossIncome": 470.4,
        "interestExpense": 17.522,
        "interestIncomeExpense": -41.5,
        "minorityInterest": -40.9,
        "netIncome": 51.8,
        "netIncomeAfterTaxes": 95.3,
        "nonRecurringItems": -26.2,
        "period": "2022-12-31",
        "pretaxIncome": 95.3,
        "revenue": 674.7,
        "sgaExpense": 43,
        "totalOperatingExpense": 307.4
      },
      {
        "costOfGoodsSold": 201.2,
        "depreciationAmortization": 254.9,
        "dilutedAverageSharesOutstanding": 161.6,
        "dilutedEPS": 2.11,
        "ebit": 178,
        "gainLossOnDispositionOfAssets": 323.7,
        "grossIncome": 482.9,
        "interestExpense": 22.984,
        "interestIncomeExpense": -79.5,
        "minorityInterest": -38.7,
        "netIncome": 341.4,
        "netIncomeAfterTaxes": 383.4,
        "nonRecurringItems": -38.8,
        "period": "2022-09-30",
        "pretaxIncome": 383.4,
        "revenue": 684.1,
        "sgaExpense": 50,
        "totalOperatingExpense": 304.9
      },
      {
        "costOfGoodsSold": 196.3,
        "depreciationAmortization": 242.1,
        "dilutedAverageSharesOutstanding": 163.1,
        "dilutedEPS": 1.68,
        "ebit": 190.6,
        "gainLossOnDispositionOfAssets": 214.2,
        "grossIncome": 476.1,
        "interestExpense": 24.257,
        "interestIncomeExpense": -92.2,
        "minorityInterest": -37.2,
        "netIncome": 270.8,
        "netIncomeAfterTaxes": 309.4,
        "nonRecurringItems": -3.3,
        "period": "2022-06-30",
        "pretaxIncome": 309.4,
        "revenue": 672.4,
        "sgaExpense": 43.4,
        "totalOperatingExpense": 285.5
      },
      {
        "costOfGoodsSold": 181.3,
        "depreciationAmortization": 240.7,
        "dilutedAverageSharesOutstanding": 160.6,
        "dilutedEPS": -0.94,
        "ebit": 175.3,
        "gainLossOnDispositionOfAssets": 0,
        "grossIncome": 456.9,
        "interestExpense": 29.44,
        "interestIncomeExpense": -292.7,
        "minorityInterest": -32.2,
        "netIncome": -150.8,
        "netIncomeAfterTaxes": -117.4,
        "nonRecurringItems": 0,
        "period": "2022-03-31",
        "pretaxIncome": -117.4,
        "revenue": 638.2,
        "sgaExpense": 40.9,
        "totalOperatingExpense": 281.6
      },
      {
        "costOfGoodsSold": 175.7,
        "depreciationAmortization": 239.3,
        "dilutedAverageSharesOutstanding": 154.4,
        "dilutedEPS": 0.47,
        "ebit": 120.3,
        "gainLossOnDispositionOfAssets": 124.2,
        "grossIncome": 401.2,
        "interestExpense": 34.862,
        "interestIncomeExpense": -144.7,
        "minorityInterest": -24.9,
        "netIncome": 72.8,
        "netIncomeAfterTaxes": 99.8,
        "nonRecurringItems": 0,
        "period": "2021-12-31",
        "pretaxIncome": 99.8,
        "revenue": 576.9,
        "sgaExpense": 41.7,
        "totalOperatingExpense": 280.9
      },
      {
        "costOfGoodsSold": 166,
        "depreciationAmortization": 210.8,
        "dilutedAverageSharesOutstanding": 151.6,
        "dilutedEPS": 0.67,
        "ebit": 133,
        "gainLossOnDispositionOfAssets": -0.4,
        "grossIncome": 381.8,
        "interestExpense": 35.678,
        "interestIncomeExpense": 34.5,
        "minorityInterest": -21.3,
        "netIncome": 101.3,
        "netIncomeAfterTaxes": 124.4,
        "nonRecurringItems": -42.6,
        "period": "2021-09-30",
        "pretaxIncome": 124.4,
        "revenue": 547.8,
        "sgaExpense": 37.9,
        "totalOperatingExpense": 248.8
      },
      {
        "costOfGoodsSold": 144,
        "depreciationAmortization": 190.1,
        "dilutedAverageSharesOutstanding": 154.4,
        "dilutedEPS": 2.47,
        "ebit": 137.7,
        "gainLossOnDispositionOfAssets": 0,
        "grossIncome": 365.7,
        "interestExpense": 35.158,
        "interestIncomeExpense": 271.7,
        "minorityInterest": -19.4,
        "netIncome": 381.4,
        "netIncomeAfterTaxes": 404.5,
        "nonRecurringItems": -4.9,
        "period": "2021-06-30",
        "pretaxIncome": 404.5,
        "revenue": 509.6,
        "sgaExpense": 37.9,
        "totalOperatingExpense": 227.9
      },
      {
        "costOfGoodsSold": 137.9,
        "depreciationAmortization": 180.9,
        "dilutedAverageSharesOutstanding": 144,
        "dilutedEPS": 0.06,
        "ebit": 127.1,
        "gainLossOnDispositionOfAssets": 2.8,
        "grossIncome": 342,
        "interestExpense": 36.467,
        "interestIncomeExpense": -31.9,
        "minorityInterest": -17.4,
        "netIncome": 8,
        "netIncomeAfterTaxes": 25.5,
        "nonRecurringItems": -72.4,
        "period": "2021-03-31",
        "pretaxIncome": 25.5,
        "revenue": 479.8,
        "sgaExpense": 34,
        "totalOperatingExpense": 214.9
      },
      {
        "costOfGoodsSold": 136.8,
        "depreciationAmortization": 177.8,
        "dilutedAverageSharesOutstanding": 133.9,
        "dilutedEPS": 3.26,
        "ebit": 116.5,
        "gainLossOnDispositionOfAssets": 152.5,
        "grossIncome": 327,
        "interestExpense": 37.538,
        "interestIncomeExpense": 221.2,
        "minorityInterest": -15.6,
        "netIncome": 436.6,
        "netIncomeAfterTaxes": 457.1,
        "nonRecurringItems": -33.1,
        "period": "2020-12-31",
        "pretaxIncome": 457.1,
        "revenue": 463.7,
        "sgaExpense": 32.7,
        "totalOperatingExpense": 210.4
      },
      {
        "costOfGoodsSold": 140.4,
        "depreciationAmortization": 176.8,
        "dilutedAverageSharesOutstanding": 125.8,
        "dilutedEPS": 0.63,
        "ebit": 190.9,
        "gainLossOnDispositionOfAssets": 1.6,
        "grossIncome": 404.6,
        "interestExpense": 43.318,
        "interestIncomeExpense": -36.2,
        "minorityInterest": -14.7,
        "netIncome": 79.3,
        "netIncomeAfterTaxes": 95.8,
        "nonRecurringItems": -60.5,
        "period": "2020-09-30",
        "pretaxIncome": 95.8,
        "revenue": 545,
        "sgaExpense": 36.9,
        "totalOperatingExpense": 213.7
      },
      {
        "costOfGoodsSold": 123.9,
        "depreciationAmortization": 168,
        "dilutedAverageSharesOutstanding": 124.4,
        "dilutedEPS": 1.82,
        "ebit": 113.2,
        "grossIncome": 313,
        "interestExpense": 45.014,
        "interestIncomeExpense": 143.5,
        "minorityInterest": -13.9,
        "netIncome": 226.6,
        "netIncomeAfterTaxes": 243.6,
        "nonRecurringItems": -13.2,
        "period": "2020-06-30",
        "pretaxIncome": 243.6,
        "revenue": 437,
        "sgaExpense": 31.8,
        "totalOperatingExpense": 199.8
      },
      {
        "costOfGoodsSold": 129.1,
        "depreciationAmortization": 175.5,
        "dilutedAverageSharesOutstanding": 123.8,
        "dilutedEPS": 0.15,
        "ebit": 103.4,
        "grossIncome": 310.8,
        "interestExpense": 45.739,
        "interestIncomeExpense": -70.7,
        "minorityInterest": -11.9,
        "netIncome": 18.2,
        "netIncomeAfterTaxes": 30.7,
        "nonRecurringItems": -2,
        "period": "2020-03-31",
        "pretaxIncome": 30.7,
        "revenue": 439.9,
        "sgaExpense": 32,
        "totalOperatingExpense": 207.5
      },
      {
        "costOfGoodsSold": 121.9,
        "depreciationAmortization": 140.5,
        "dilutedAverageSharesOutstanding": 115,
        "dilutedEPS": 1.74,
        "ebit": 115.9,
        "gainLossOnDispositionOfAssets": 0.5,
        "grossIncome": 286.3,
        "interestExpense": 45.493,
        "interestIncomeExpense": 112,
        "minorityInterest": -13.6,
        "netIncome": 200.6,
        "netIncomeAfterTaxes": 216.1,
        "nonRecurringItems": -12.3,
        "period": "2019-12-31",
        "pretaxIncome": 216.1,
        "revenue": 408.1,
        "sgaExpense": 29.8,
        "totalOperatingExpense": 170.3
      },
      {
        "costOfGoodsSold": 116.5,
        "depreciationAmortization": 135.6,
        "dilutedAverageSharesOutstanding": 112.1,
        "dilutedEPS": -0.44,
        "ebit": 110.5,
        "grossIncome": 274,
        "interestExpense": 46.203,
        "interestIncomeExpense": -106.3,
        "minorityInterest": -11.2,
        "netIncome": -49.8,
        "netIncomeAfterTaxes": -36,
        "nonRecurringItems": -40.2,
        "period": "2019-09-30",
        "pretaxIncome": -36,
        "revenue": 390.5,
        "sgaExpense": 27.9,
        "totalOperatingExpense": 163.5
      },
      {
        "costOfGoodsSold": 105.7,
        "depreciationAmortization": 134.4,
        "dilutedAverageSharesOutstanding": 111.5,
        "dilutedEPS": 0.68,
        "ebit": 107.3,
        "grossIncome": 268.2,
        "interestExpense": 42.879,
        "interestIncomeExpense": -20.1,
        "minorityInterest": -8.4,
        "netIncome": 76.3,
        "netIncomeAfterTaxes": 87.2,
        "nonRecurringItems": 0,
        "period": "2019-06-30",
        "pretaxIncome": 87.2,
        "revenue": 373.9,
        "sgaExpense": 26.4,
        "totalOperatingExpense": 160.9
      },
      {
        "costOfGoodsSold": 101.5,
        "depreciationAmortization": 134.1,
        "dilutedAverageSharesOutstanding": 111.4,
        "dilutedEPS": 1.11,
        "ebit": 98.6,
        "grossIncome": 257.3,
        "interestExpense": 39.1,
        "interestIncomeExpense": 45.6,
        "minorityInterest": -7.7,
        "netIncome": 123.9,
        "netIncomeAfterTaxes": 136.8,
        "nonRecurringItems": -7.4,
        "period": "2019-03-31",
        "pretaxIncome": 136.8,
        "revenue": 358.8,
        "sgaExpense": 24.7,
        "totalOperatingExpense": 158.7
      },
      {
        "costOfGoodsSold": 97.7,
        "depreciationAmortization": 125,
        "dilutedAverageSharesOutstanding": 106.1,
        "dilutedEPS": -0.28,
        "ebit": 95.4,
        "gainLossOnDispositionOfAssets": 8.7,
        "grossIncome": 242.8,
        "interestExpense": 40.239,
        "interestIncomeExpense": -122.7,
        "minorityInterest": -6.1,
        "netIncome": -30.1,
        "netIncomeAfterTaxes": -18.6,
        "nonRecurringItems": 0,
        "period": "2018-12-31",
        "pretaxIncome": -18.6,
        "revenue": 340.5,
        "sgaExpense": 22.4,
        "totalOperatingExpense": 147.4
      },
      {
        "costOfGoodsSold": 99.8,
        "depreciationAmortization": 119.6,
        "dilutedAverageSharesOutstanding": 105.4,
        "dilutedEPS": 1.98,
        "ebit": 99.8,
        "gainLossOnDispositionOfAssets": 0,
        "grossIncome": 242.1,
        "interestExpense": 42.244,
        "interestIncomeExpense": 120.7,
        "minorityInterest": -5.7,
        "netIncome": 208.9,
        "netIncomeAfterTaxes": 219.4,
        "nonRecurringItems": -1.1,
        "period": "2018-09-30",
        "pretaxIncome": 219.4,
        "revenue": 341.8,
        "sgaExpense": 22.7,
        "totalOperatingExpense": 142.2
      },
      {
        "costOfGoodsSold": 91.9,
        "depreciationAmortization": 118.9,
        "dilutedAverageSharesOutstanding": 107.2,
        "dilutedEPS": 0.48,
        "ebit": 91.3,
        "gainLossOnDispositionOfAssets": 0,
        "grossIncome": 233.1,
        "interestExpense": 38.097,
        "interestIncomeExpense": -24.5,
        "minorityInterest": -5.8,
        "netIncome": 52.2,
        "netIncomeAfterTaxes": 60.5,
        "nonRecurringItems": -6.3,
        "period": "2018-06-30",
        "pretaxIncome": 60.5,
        "revenue": 325,
        "sgaExpense": 22.9,
        "totalOperatingExpense": 141.8
      },
      {
        "costOfGoodsSold": 91.8,
        "depreciationAmortization": 114.2,
        "dilutedAverageSharesOutstanding": 101.7,
        "dilutedEPS": 1.31,
        "ebit": 91.7,
        "gainLossOnDispositionOfAssets": 0,
        "grossIncome": 228.4,
        "interestExpense": 36.915,
        "interestIncomeExpense": 49.8,
        "minorityInterest": -5.9,
        "netIncome": 133,
        "netIncomeAfterTaxes": 141.5,
        "nonRecurringItems": 0,
        "period": "2018-03-31",
        "pretaxIncome": 141.5,
        "revenue": 320.1,
        "sgaExpense": 22.4,
        "totalOperatingExpense": 136.6
      },
      {
        "costOfGoodsSold": 88.1,
        "depreciationAmortization": 107.7,
        "dilutedAverageSharesOutstanding": 96,
        "dilutedEPS": 0.38,
        "ebit": 84.1,
        "gainLossOnDispositionOfAssets": 0,
        "grossIncome": 210.7,
        "interestExpense": 36.082,
        "interestIncomeExpense": -35.7,
        "minorityInterest": -6.2,
        "netIncome": 36.8,
        "netIncomeAfterTaxes": 45.6,
        "nonRecurringItems": -2.8,
        "period": "2017-12-31",
        "pretaxIncome": 45.6,
        "revenue": 298.8,
        "sgaExpense": 18.9,
        "totalOperatingExpense": 126.6
      },
      {
        "costOfGoodsSold": 83.5,
        "depreciationAmortization": 107.8,
        "dilutedAverageSharesOutstanding": 93.3,
        "dilutedEPS": 0.55,
        "ebit": 76.5,
        "gainLossOnDispositionOfAssets": 0,
        "grossIncome": 201.9,
        "interestExpense": 31.031,
        "interestIncomeExpense": -16.9,
        "minorityInterest": -5.8,
        "netIncome": 51.3,
        "netIncomeAfterTaxes": 59.5,
        "nonRecurringItems": 0,
        "period": "2017-09-30",
        "pretaxIncome": 59.5,
        "revenue": 285.4,
        "sgaExpense": 17.6,
        "totalOperatingExpense": 125.4
      },
      {
        "costOfGoodsSold": 77,
        "depreciationAmortization": 104.1,
        "dilutedAverageSharesOutstanding": 90.7,
        "dilutedEPS": 0.35,
        "ebit": 72.7,
        "gainLossOnDispositionOfAssets": 0.1,
        "grossIncome": 196.1,
        "interestExpense": 31.748,
        "interestIncomeExpense": -31.2,
        "minorityInterest": -7.3,
        "netIncome": 31.6,
        "netIncomeAfterTaxes": 41.5,
        "nonRecurringItems": -0.2,
        "period": "2017-06-30",
        "pretaxIncome": 41.5,
        "revenue": 273.1,
        "sgaExpense": 19.2,
        "totalOperatingExpense": 123.3
      },
      {
        "costOfGoodsSold": 77.1,
        "depreciationAmortization": 97.2,
        "dilutedAverageSharesOutstanding": 88.2,
        "dilutedEPS": 0.29,
        "ebit": 77.4,
        "gainLossOnDispositionOfAssets": 0.3,
        "grossIncome": 193.8,
        "interestExpense": 29.784,
        "interestIncomeExpense": -29.4,
        "minorityInterest": -5.8,
        "netIncome": 25.7,
        "netIncomeAfterTaxes": 47.6,
        "nonRecurringItems": -0.7,
        "period": "2017-03-31",
        "pretaxIncome": 47.6,
        "revenue": 270.9,
        "sgaExpense": 19.2,
        "totalOperatingExpense": 116.4
      },
      {
        "costOfGoodsSold": 73.2,
        "depreciationAmortization": 95.2,
        "dilutedAverageSharesOutstanding": 80.8,
        "dilutedEPS": -0.31,
        "ebit": 63.2,
        "gainLossOnDispositionOfAssets": 3.7,
        "grossIncome": 175.9,
        "interestExpense": 31.223,
        "interestIncomeExpense": -31.1,
        "minorityInterest": -4.5,
        "netIncome": -25.1,
        "netIncomeAfterTaxes": 19.8,
        "nonRecurringItems": -16,
        "period": "2016-12-31",
        "pretaxIncome": 19.8,
        "revenue": 249.2,
        "sgaExpense": 17.5,
        "totalOperatingExpense": 112.7
      },
      {
        "costOfGoodsSold": 72,
        "depreciationAmortization": 77.1,
        "dilutedAverageSharesOutstanding": 77.4,
        "dilutedEPS": 0.07,
        "ebit": 65.3,
        "grossIncome": 158.4,
        "interestExpense": 25.85,
        "interestIncomeExpense": -25.6,
        "minorityInterest": -4.1,
        "netIncome": 5.5,
        "netIncomeAfterTaxes": 28.5,
        "nonRecurringItems": -11.3,
        "period": "2016-09-30",
        "pretaxIncome": 28.5,
        "revenue": 230.4,
        "sgaExpense": 15.9,
        "totalOperatingExpense": 93
      },
      {
        "costOfGoodsSold": 67.3,
        "depreciationAmortization": 70.2,
        "dilutedAverageSharesOutstanding": 74.3,
        "dilutedEPS": -1.72,
        "ebit": 73.2,
        "grossIncome": 158.8,
        "interestExpense": 25.025,
        "interestIncomeExpense": -25.2,
        "minorityInterest": -3.5,
        "netIncome": -127.6,
        "netIncomeAfterTaxes": -108.1,
        "nonRecurringItems": -156.1,
        "period": "2016-06-30",
        "pretaxIncome": -108.1,
        "revenue": 226.1,
        "sgaExpense": 15.4,
        "totalOperatingExpense": 85.6
      },
      {
        "costOfGoodsSold": 65.8,
        "depreciationAmortization": 70.9,
        "dilutedAverageSharesOutstanding": 72.6,
        "dilutedEPS": -0.05,
        "ebit": 64.2,
        "grossIncome": 150.3,
        "interestExpense": 24.855,
        "interestIncomeExpense": -25.3,
        "minorityInterest": -4,
        "netIncome": -3.8,
        "netIncomeAfterTaxes": 10,
        "nonRecurringItems": -29,
        "period": "2016-03-31",
        "pretaxIncome": 10,
        "revenue": 216.1,
        "sgaExpense": 15.2,
        "totalOperatingExpense": 86.1
      },
      {
        "costOfGoodsSold": 68.9,
        "depreciationAmortization": 72.2,
        "dilutedAverageSharesOutstanding": 71.8,
        "dilutedEPS": 0.49,
        "ebit": 67.7,
        "gainLossOnDispositionOfAssets": 12.4,
        "grossIncome": 155,
        "interestExpense": 28.23,
        "interestIncomeExpense": -28.4,
        "minorityInterest": -1,
        "netIncome": 35.1,
        "netIncomeAfterTaxes": 43,
        "nonRecurringItems": -8.7,
        "period": "2015-12-31",
        "pretaxIncome": 43,
        "revenue": 224,
        "sgaExpense": 15.1,
        "totalOperatingExpense": 87.4
      },
      {
        "costOfGoodsSold": 68.8,
        "depreciationAmortization": 68,
        "dilutedAverageSharesOutstanding": 71.5,
        "dilutedEPS": 0.46,
        "ebit": 66.7,
        "grossIncome": 149.8,
        "interestExpense": 27.679,
        "interestIncomeExpense": -27,
        "minorityInterest": -0.2,
        "netIncome": 32.7,
        "netIncomeAfterTaxes": 39.7,
        "nonRecurringItems": 0,
        "period": "2015-09-30",
        "pretaxIncome": 39.7,
        "revenue": 218.6,
        "sgaExpense": 15.1,
        "totalOperatingExpense": 83.1
      }
    ],
    "symbol": "ARE"
  }
}