{
  "symbol": "LKQ",
  "statement": "ic",
  "frequency": "quarterly",
  "timestamp": "2025-09-19T14:03:16.745787",
  "data": {
    "financials": [
      {
        "costOfGoodsSold": 2230,
        "depreciationAmortization": 94,
        "dilutedAverageSharesOutstanding": 258.3,
        "dilutedEPS": 0.7433,
        "ebit": 320,
        "equityEarningsAffiliates": 1,
        "grossIncome": 1412,
        "interestExpense": 63,
        "interestIncomeExpense": -63,
        "minorityInterest": -1,
        "netIncome": 192,
        "netIncomeAfterTaxes": 192,
        "nonRecurringItems": -8,
        "period": "2025-06-30",
        "pretaxIncome": 260,
        "provisionforIncomeTaxes": 68,
        "revenue": 3642,
        "sgaExpense": 998,
        "totalOperatingExpense": 1092,
        "totalOtherIncomeExpenseNet": 11
      },
      {
        "costOfGoodsSold": 2086,
        "depreciationAmortization": 90,
        "dilutedAverageSharesOutstanding": 259.6,
        "dilutedEPS": 0.651,
        "ebit": 298,
        "equityEarningsAffiliates": -1,
        "grossIncome": 1377,
        "interestExpense": 62,
        "interestIncomeExpense": -62,
        "netIncome": 169,
        "netIncomeAfterTaxes": 170,
        "nonRecurringItems": -11,
        "period": "2025-03-31",
        "pretaxIncome": 236,
        "provisionforIncomeTaxes": 66,
        "revenue": 3463,
        "sgaExpense": 989,
        "totalOperatingExpense": 1079,
        "totalOtherIncomeExpenseNet": 11
      },
      {
        "costOfGoodsSold": 2032,
        "depreciationAmortization": 93,
        "dilutedAverageSharesOutstanding": 259.7,
        "dilutedEPS": 0.6007,
        "ebit": 307,
        "equityEarningsAffiliates": 5,
        "grossIncome": 1325,
        "interestExpense": 66,
        "interestIncomeExpense": -66,
        "minorityInterest": -1,
        "netIncome": 156,
        "netIncomeAfterTaxes": 152,
        "nonRecurringItems": -36,
        "period": "2024-12-31",
        "pretaxIncome": 209,
        "provisionforIncomeTaxes": 57,
        "revenue": 3357,
        "sgaExpense": 925,
        "totalOperatingExpense": 1018,
        "totalOtherIncomeExpenseNet": 4
      },
      {
        "costOfGoodsSold": 2190,
        "depreciationAmortization": 92,
        "dilutedAverageSharesOutstanding": 262.6,
        "dilutedEPS": 0.7273,
        "ebit": 331,
        "equityEarningsAffiliates": 3,
        "grossIncome": 1394,
        "interestExpense": 66,
        "interestIncomeExpense": -66,
        "minorityInterest": -1,
        "netIncome": 191,
        "netIncomeAfterTaxes": 189,
        "nonRecurringItems": -21,
        "period": "2024-09-30",
        "pretaxIncome": 252,
        "provisionforIncomeTaxes": 63,
        "revenue": 3584,
        "sgaExpense": 971,
        "totalOperatingExpense": 1063,
        "totalOtherIncomeExpenseNet": 8
      },
      {
        "costOfGoodsSold": 2264,
        "depreciationAmortization": 87,
        "dilutedAverageSharesOutstanding": 265.6,
        "dilutedEPS": 0.6965,
        "ebit": 384,
        "equityEarningsAffiliates": 2,
        "grossIncome": 1447,
        "interestExpense": 66,
        "interestIncomeExpense": -66,
        "minorityInterest": -1,
        "netIncome": 185,
        "netIncomeAfterTaxes": 184,
        "nonRecurringItems": -55,
        "period": "2024-06-30",
        "pretaxIncome": 266,
        "provisionforIncomeTaxes": 82,
        "revenue": 3711,
        "sgaExpense": 976,
        "totalOperatingExpense": 1063,
        "totalOtherIncomeExpenseNet": 3
      },
      {
        "costOfGoodsSold": 2243,
        "depreciationAmortization": 89,
        "dilutedAverageSharesOutstanding": 267.7,
        "dilutedEPS": 0.5902,
        "ebit": 327,
        "equityEarningsAffiliates": -2,
        "grossIncome": 1460,
        "interestExpense": 64,
        "interestIncomeExpense": -64,
        "netIncome": 158,
        "netIncomeAfterTaxes": 160,
        "nonRecurringItems": -38,
        "period": "2024-03-31",
        "pretaxIncome": 231,
        "provisionforIncomeTaxes": 71,
        "revenue": 3703,
        "sgaExpense": 1044,
        "totalOperatingExpense": 1133,
        "totalOtherIncomeExpenseNet": 6
      },
      {
        "costOfGoodsSold": 2100,
        "depreciationAmortization": 88,
        "dilutedAverageSharesOutstanding": 268.3,
        "dilutedEPS": 0.65,
        "ebit": 291,
        "equityEarningsAffiliates": 6,
        "grossIncome": 1401,
        "interestExpense": 64,
        "interestIncomeExpense": -64,
        "minorityInterest": -1,
        "netIncome": 177,
        "netIncomeAfterTaxes": 179,
        "nonRecurringItems": -14,
        "period": "2023-12-31",
        "pretaxIncome": 222,
        "provisionforIncomeTaxes": 43,
        "revenue": 3501,
        "sgaExpense": 1022,
        "totalOperatingExpense": 1110,
        "totalOtherIncomeExpenseNet": 9
      },
      {
        "costOfGoodsSold": 2178,
        "depreciationAmortization": 76,
        "dilutedAverageSharesOutstanding": 268.4,
        "dilutedEPS": 0.77,
        "ebit": 335,
        "equityEarningsAffiliates": 4,
        "grossIncome": 1390,
        "interestExpense": 62,
        "interestIncomeExpense": -59,
        "minorityInterest": 0,
        "netIncome": 208,
        "netIncomeAfterTaxes": 203,
        "nonRecurringItems": -27,
        "period": "2023-09-30",
        "pretaxIncome": 263,
        "provisionforIncomeTaxes": 60,
        "revenue": 3568,
        "sgaExpense": 979,
        "totalOperatingExpense": 1055,
        "totalOtherIncomeExpenseNet": 14
      },
      {
        "costOfGoodsSold": 2034,
        "depreciationAmortization": 61,
        "dilutedAverageSharesOutstanding": 268.2,
        "dilutedEPS": 1.05,
        "ebit": 415,
        "equityEarningsAffiliates": 2,
        "grossIncome": 1414,
        "interestExpense": 52,
        "interestIncomeExpense": -29,
        "minorityInterest": -1,
        "netIncome": 281,
        "netIncomeAfterTaxes": 280,
        "nonRecurringItems": -8,
        "period": "2023-06-30",
        "pretaxIncome": 389,
        "provisionforIncomeTaxes": 109,
        "revenue": 3448,
        "sgaExpense": 938,
        "totalOperatingExpense": 999,
        "totalOtherIncomeExpenseNet": 11
      },
      {
        "costOfGoodsSold": 1977,
        "depreciationAmortization": 58,
        "dilutedAverageSharesOutstanding": 268.3,
        "dilutedEPS": 1.01,
        "ebit": 383,
        "equityEarningsAffiliates": 3,
        "grossIncome": 1372,
        "interestExpense": 36,
        "interestIncomeExpense": -13,
        "netIncome": 270,
        "netIncomeAfterTaxes": 267,
        "nonRecurringItems": -18,
        "period": "2023-03-31",
        "pretaxIncome": 361,
        "provisionforIncomeTaxes": 94,
        "revenue": 3349,
        "sgaExpense": 931,
        "totalOperatingExpense": 989,
        "totalOtherIncomeExpenseNet": 9
      },
      {
        "costOfGoodsSold": 1778,
        "depreciationAmortization": 59,
        "dilutedAverageSharesOutstanding": 271.4,
        "dilutedEPS": 0.71,
        "ebit": 303,
        "equityEarningsAffiliates": 3,
        "grossIncome": 1223,
        "interestExpense": 32,
        "interestIncomeExpense": -32,
        "minorityInterest": -1,
        "netIncome": 194,
        "netIncomeAfterTaxes": 191,
        "nonRecurringItems": -10,
        "period": "2022-12-31",
        "pretaxIncome": 272,
        "provisionforIncomeTaxes": 81,
        "revenue": 3001,
        "sgaExpense": 861,
        "totalOperatingExpense": 920,
        "totalOtherIncomeExpenseNet": 11
      },
      {
        "costOfGoodsSold": 1828,
        "depreciationAmortization": 58,
        "dilutedAverageSharesOutstanding": 273.8,
        "dilutedEPS": 0.95,
        "ebit": 357,
        "equityEarningsAffiliates": 2,
        "grossIncome": 1276,
        "interestExpense": 17,
        "interestIncomeExpense": -17,
        "netIncome": 262,
        "netIncomeAfterTaxes": 259,
        "nonRecurringItems": 1,
        "period": "2022-09-30",
        "pretaxIncome": 347,
        "provisionforIncomeTaxes": 88,
        "revenue": 3104,
        "sgaExpense": 861,
        "totalOperatingExpense": 919,
        "totalOtherIncomeExpenseNet": 6
      },
      {
        "costOfGoodsSold": 1974,
        "depreciationAmortization": 61,
        "dilutedAverageSharesOutstanding": 282.3,
        "dilutedEPS": 1.49,
        "ebit": 408,
        "equityEarningsAffiliates": 4,
        "grossIncome": 1367,
        "interestExpense": 14,
        "interestIncomeExpense": -14,
        "netIncome": 420,
        "netIncomeAfterTaxes": 416,
        "nonRecurringItems": 151,
        "period": "2022-06-30",
        "pretaxIncome": 543,
        "provisionforIncomeTaxes": 127,
        "revenue": 3341,
        "sgaExpense": 898,
        "totalOperatingExpense": 959,
        "totalOtherIncomeExpenseNet": -2
      },
      {
        "costOfGoodsSold": 1991,
        "depreciationAmortization": 59,
        "dilutedAverageSharesOutstanding": 286.8,
        "dilutedEPS": 0.94,
        "ebit": 374,
        "equityEarningsAffiliates": 2,
        "grossIncome": 1357,
        "interestExpense": 15,
        "interestIncomeExpense": -15,
        "netIncome": 273,
        "netIncomeAfterTaxes": 267,
        "nonRecurringItems": -3,
        "period": "2022-03-31",
        "pretaxIncome": 356,
        "provisionforIncomeTaxes": 89,
        "revenue": 3348,
        "sgaExpense": 924,
        "totalOperatingExpense": 983,
        "totalOtherIncomeExpenseNet": 0
      },
      {
        "costOfGoodsSold": 1916.4,
        "depreciationAmortization": 65.3,
        "dilutedAverageSharesOutstanding": 290.9,
        "dilutedEPS": 0.81,
        "ebit": 284.7,
        "equityEarningsAffiliates": 5.9,
        "grossIncome": 1269.6,
        "interestExpense": 16.3,
        "interestIncomeExpense": -16.3,
        "minorityInterest": -0.5,
        "netIncome": 236.3,
        "netIncomeAfterTaxes": 230.2,
        "nonRecurringItems": -4.6,
        "period": "2021-12-31",
        "pretaxIncome": 270.8,
        "provisionforIncomeTaxes": 40.6,
        "revenue": 3186,
        "sgaExpense": 919.6,
        "totalOperatingExpense": 984.9,
        "totalOtherIncomeExpenseNet": 7
      },
      {
        "costOfGoodsSold": 1953.2,
        "depreciationAmortization": 64,
        "dilutedAverageSharesOutstanding": 294.9,
        "dilutedEPS": 0.96,
        "ebit": 381.5,
        "equityEarningsAffiliates": 7.7,
        "grossIncome": 1343.4,
        "interestExpense": 15.427,
        "interestIncomeExpense": -15.4,
        "minorityInterest": 0,
        "netIncome": 284.1,
        "netIncomeAfterTaxes": 276.3,
        "nonRecurringItems": -3.3,
        "period": "2021-09-30",
        "pretaxIncome": 365.6,
        "provisionforIncomeTaxes": 89.3,
        "revenue": 3296.6,
        "sgaExpense": 897.9,
        "totalOperatingExpense": 962,
        "totalOtherIncomeExpenseNet": 2.9
      },
      {
        "costOfGoodsSold": 2019.4,
        "depreciationAmortization": 64.9,
        "dilutedAverageSharesOutstanding": 301.5,
        "dilutedEPS": 1.01,
        "ebit": 449.1,
        "equityEarningsAffiliates": 3.5,
        "grossIncome": 1415.7,
        "interestExpense": 16.172,
        "interestIncomeExpense": -16.2,
        "minorityInterest": -0.4,
        "netIncome": 304.6,
        "netIncomeAfterTaxes": 301.5,
        "nonRecurringItems": -28,
        "period": "2021-06-30",
        "pretaxIncome": 409.2,
        "provisionforIncomeTaxes": 107.7,
        "revenue": 3435.1,
        "sgaExpense": 901.7,
        "totalOperatingExpense": 966.6,
        "totalOtherIncomeExpenseNet": 4.3
      },
      {
        "costOfGoodsSold": 1877.1,
        "depreciationAmortization": 65.8,
        "dilutedAverageSharesOutstanding": 303.8,
        "dilutedEPS": 0.88,
        "ebit": 379.3,
        "equityEarningsAffiliates": 5.8,
        "grossIncome": 1293.7,
        "interestExpense": 24.179,
        "interestIncomeExpense": -24.2,
        "minorityInterest": -0.4,
        "netIncome": 265.9,
        "netIncomeAfterTaxes": 260.5,
        "nonRecurringItems": -7.9,
        "period": "2021-03-31",
        "pretaxIncome": 353.5,
        "provisionforIncomeTaxes": 93,
        "revenue": 3170.8,
        "sgaExpense": 848.6,
        "totalOperatingExpense": 914.3,
        "totalOtherIncomeExpenseNet": 6.2
      },
      {
        "costOfGoodsSold": 1784,
        "depreciationAmortization": 72.4,
        "dilutedAverageSharesOutstanding": 304.5,
        "dilutedEPS": 0.59,
        "ebit": 282.5,
        "equityEarningsAffiliates": 3,
        "grossIncome": 1169.8,
        "interestExpense": 27.055,
        "interestIncomeExpense": -27.1,
        "minorityInterest": -0.7,
        "netIncome": 181,
        "netIncomeAfterTaxes": 178.2,
        "nonRecurringItems": -15.2,
        "period": "2020-12-31",
        "pretaxIncome": 246.9,
        "provisionforIncomeTaxes": 68.7,
        "revenue": 2953.9,
        "sgaExpense": 815,
        "totalOperatingExpense": 887.4,
        "totalOtherIncomeExpenseNet": 6.6
      },
      {
        "costOfGoodsSold": 1849.1,
        "depreciationAmortization": 68.7,
        "dilutedAverageSharesOutstanding": 304.6,
        "dilutedEPS": 0.64,
        "ebit": 316,
        "equityEarningsAffiliates": 4.1,
        "grossIncome": 1198.5,
        "interestExpense": 25.182,
        "interestIncomeExpense": -25.2,
        "minorityInterest": -0.4,
        "netIncome": 193.5,
        "netIncomeAfterTaxes": 189.8,
        "nonRecurringItems": -20,
        "period": "2020-09-30",
        "pretaxIncome": 268.3,
        "provisionforIncomeTaxes": 78.5,
        "revenue": 3047.7,
        "sgaExpense": 813.9,
        "totalOperatingExpense": 882.6,
        "totalOtherIncomeExpenseNet": -2.5
      },
      {
        "costOfGoodsSold": 1615.3,
        "depreciationAmortization": 65.7,
        "dilutedAverageSharesOutstanding": 304.2,
        "dilutedEPS": 0.39,
        "ebit": 207.9,
        "equityEarningsAffiliates": -2.6,
        "grossIncome": 1011,
        "interestExpense": 25.616,
        "interestIncomeExpense": -25.6,
        "minorityInterest": 0,
        "netIncome": 118.8,
        "netIncomeAfterTaxes": 121.1,
        "nonRecurringItems": -27.4,
        "period": "2020-06-30",
        "pretaxIncome": 163,
        "provisionforIncomeTaxes": 41.9,
        "revenue": 2626.3,
        "sgaExpense": 737.4,
        "totalOperatingExpense": 803.2,
        "totalOtherIncomeExpenseNet": 8.2
      },
      {
        "costOfGoodsSold": 1787.1,
        "depreciationAmortization": 65.5,
        "dilutedAverageSharesOutstanding": 306.8,
        "dilutedEPS": 0.48,
        "ebit": 248.6,
        "equityEarningsAffiliates": 0.5,
        "grossIncome": 1213.9,
        "interestExpense": 25.931,
        "interestIncomeExpense": -25.9,
        "minorityInterest": -0.7,
        "netIncome": 145.1,
        "netIncomeAfterTaxes": 146.4,
        "nonRecurringItems": -19.5,
        "period": "2020-03-31",
        "pretaxIncome": 206.8,
        "provisionforIncomeTaxes": 60.4,
        "revenue": 3000.9,
        "sgaExpense": 899.8,
        "totalOperatingExpense": 965.2,
        "totalOtherIncomeExpenseNet": 3.6
      },
      {
        "costOfGoodsSold": 1813.8,
        "depreciationAmortization": 77.4,
        "dilutedAverageSharesOutstanding": 307.3,
        "dilutedEPS": 0.46,
        "ebit": 225.3,
        "equityEarningsAffiliates": 1.5,
        "grossIncome": 1196,
        "interestExpense": 34.555,
        "interestIncomeExpense": -17.3,
        "minorityInterest": -0.5,
        "netIncome": 140.4,
        "netIncomeAfterTaxes": 139.4,
        "nonRecurringItems": -18.4,
        "period": "2019-12-31",
        "pretaxIncome": 189.6,
        "provisionforIncomeTaxes": 50.2,
        "revenue": 3009.9,
        "sgaExpense": 893.3,
        "totalOperatingExpense": 970.8
      },
      {
        "costOfGoodsSold": 1947.4,
        "depreciationAmortization": 71.5,
        "dilutedAverageSharesOutstanding": 308,
        "dilutedEPS": 0.49,
        "ebit": 236.7,
        "equityEarningsAffiliates": 4.2,
        "grossIncome": 1200.3,
        "interestExpense": 31.976,
        "interestIncomeExpense": -32,
        "minorityInterest": 0,
        "netIncome": 152.3,
        "netIncomeAfterTaxes": 147.6,
        "nonRecurringItems": -5.3,
        "period": "2019-09-30",
        "pretaxIncome": 205.3,
        "provisionforIncomeTaxes": 57.7,
        "revenue": 3147.8,
        "sgaExpense": 892.1,
        "totalOperatingExpense": 963.7,
        "totalOtherIncomeExpenseNet": 5.9
      },
      {
        "costOfGoodsSold": 2001,
        "depreciationAmortization": 70.8,
        "dilutedAverageSharesOutstanding": 312.7,
        "dilutedEPS": 0.48,
        "ebit": 278,
        "equityEarningsAffiliates": 1.6,
        "grossIncome": 1247.2,
        "interestExpense": 35.884,
        "interestIncomeExpense": -35.9,
        "minorityInterest": -1.4,
        "netIncome": 150.6,
        "netIncomeAfterTaxes": 150.1,
        "nonRecurringItems": -41.9,
        "period": "2019-06-30",
        "pretaxIncome": 206,
        "provisionforIncomeTaxes": 55.8,
        "revenue": 3248.2,
        "sgaExpense": 898.4,
        "totalOperatingExpense": 969.2,
        "totalOtherIncomeExpenseNet": 5.7
      },
      {
        "costOfGoodsSold": 1892,
        "depreciationAmortization": 71,
        "dilutedAverageSharesOutstanding": 316,
        "dilutedEPS": 0.31,
        "ebit": 240.7,
        "equityEarningsAffiliates": -39.5,
        "grossIncome": 1208.3,
        "interestExpense": 36.089,
        "interestIncomeExpense": -36.1,
        "minorityInterest": -1,
        "netIncome": 98,
        "netIncomeAfterTaxes": 138.6,
        "nonRecurringItems": -18.3,
        "period": "2019-03-31",
        "pretaxIncome": 190.2,
        "provisionforIncomeTaxes": 51.6,
        "revenue": 3100.3,
        "sgaExpense": 896.5,
        "totalOperatingExpense": 967.6,
        "totalOtherIncomeExpenseNet": 3.9
      },
      {
        "costOfGoodsSold": 1841,
        "depreciationAmortization": 77.9,
        "dilutedAverageSharesOutstanding": 318.5,
        "dilutedEPS": 0.13,
        "ebit": 203.3,
        "equityEarningsAffiliates": -46.1,
        "grossIncome": 1161.8,
        "interestExpense": 38.73,
        "interestIncomeExpense": -38.7,
        "minorityInterest": -2,
        "netIncome": 36,
        "netIncomeAfterTaxes": 88.6,
        "nonRecurringItems": -38.4,
        "period": "2018-12-31",
        "pretaxIncome": 123.6,
        "provisionforIncomeTaxes": 35,
        "revenue": 3002.8,
        "sgaExpense": 880.6,
        "totalOperatingExpense": 958.5,
        "totalOtherIncomeExpenseNet": -2.6
      },
      {
        "costOfGoodsSold": 1925.2,
        "depreciationAmortization": 76.7,
        "dilutedAverageSharesOutstanding": 319.4,
        "dilutedEPS": 0.42,
        "ebit": 241.3,
        "equityEarningsAffiliates": -20.3,
        "grossIncome": 1197.2,
        "interestExpense": 40.86,
        "interestIncomeExpense": -40.9,
        "minorityInterest": -0.4,
        "netIncome": 134.1,
        "netIncomeAfterTaxes": 154.8,
        "nonRecurringItems": -6.6,
        "period": "2018-09-30",
        "pretaxIncome": 200.8,
        "provisionforIncomeTaxes": 46.1,
        "revenue": 3122.4,
        "sgaExpense": 879.2,
        "totalOperatingExpense": 955.8,
        "totalOtherIncomeExpenseNet": 7
      },
      {
        "costOfGoodsSold": 1868.9,
        "depreciationAmortization": 63.2,
        "dilutedAverageSharesOutstanding": 314,
        "dilutedEPS": 0.5,
        "ebit": 272.7,
        "equityEarningsAffiliates": 0.5,
        "grossIncome": 1161.9,
        "interestExpense": 38.272,
        "interestIncomeExpense": -38.3,
        "minorityInterest": -0.9,
        "netIncome": 157,
        "netIncomeAfterTaxes": 157.3,
        "nonRecurringItems": -15.6,
        "period": "2018-06-30",
        "pretaxIncome": 218.1,
        "provisionforIncomeTaxes": 60.8,
        "revenue": 3030.8,
        "sgaExpense": 826,
        "totalOperatingExpense": 889.1,
        "totalOtherIncomeExpenseNet": -0.8
      },
      {
        "costOfGoodsSold": 1666.8,
        "depreciationAmortization": 56.5,
        "dilutedAverageSharesOutstanding": 311.3,
        "dilutedEPS": 0.49,
        "ebit": 230.7,
        "equityEarningsAffiliates": 1.4,
        "grossIncome": 1054,
        "interestExpense": 28.515,
        "interestIncomeExpense": -28.5,
        "minorityInterest": 0.2,
        "netIncome": 153,
        "netIncomeAfterTaxes": 151.4,
        "nonRecurringItems": -4.1,
        "period": "2018-03-31",
        "pretaxIncome": 200.9,
        "provisionforIncomeTaxes": 49.6,
        "revenue": 2720.8,
        "sgaExpense": 766.9,
        "totalOperatingExpense": 823.3,
        "totalOtherIncomeExpenseNet": 2.9
      },
      {
        "costOfGoodsSold": 1522.2,
        "depreciationAmortization": 60.4,
        "dilutedAverageSharesOutstanding": 311.1,
        "dilutedEPS": 0.39,
        "ebit": 175,
        "equityEarningsAffiliates": 2,
        "grossIncome": 947.6,
        "interestExpense": 27.834,
        "interestIncomeExpense": -27.8,
        "minorityInterest": 3.5,
        "netIncome": 124.2,
        "netIncomeAfterTaxes": 47.9,
        "nonRecurringItems": -9.9,
        "period": "2017-12-31",
        "pretaxIncome": 150.2,
        "provisionforIncomeTaxes": 102.3,
        "revenue": 2469.9,
        "sgaExpense": 712.3,
        "totalOperatingExpense": 772.7,
        "totalOtherIncomeExpenseNet": 13
      },
      {
        "costOfGoodsSold": 1508.9,
        "depreciationAmortization": 56.9,
        "dilutedAverageSharesOutstanding": 310.8,
        "dilutedEPS": 0.39,
        "ebit": 204,
        "equityEarningsAffiliates": 2.7,
        "grossIncome": 956.9,
        "interestExpense": 25.222,
        "interestIncomeExpense": -25.2,
        "netIncome": 122.4,
        "netIncomeAfterTaxes": 119.7,
        "nonRecurringItems": -4,
        "period": "2017-09-30",
        "pretaxIncome": 177.9,
        "provisionforIncomeTaxes": 58.2,
        "revenue": 2465.8,
        "sgaExpense": 696,
        "totalOperatingExpense": 752.9,
        "totalOtherIncomeExpenseNet": 3.1
      },
      {
        "costOfGoodsSold": 1493.4,
        "depreciationAmortization": 53.6,
        "dilutedAverageSharesOutstanding": 310.4,
        "dilutedEPS": 0.49,
        "ebit": 247.1,
        "equityEarningsAffiliates": 1,
        "grossIncome": 965,
        "interestExpense": 24.596,
        "interestIncomeExpense": -24.6,
        "netIncome": 150.9,
        "netIncomeAfterTaxes": 149.9,
        "nonRecurringItems": 0.6,
        "period": "2017-06-30",
        "pretaxIncome": 225.8,
        "provisionforIncomeTaxes": 75.9,
        "revenue": 2458.4,
        "sgaExpense": 664.3,
        "totalOperatingExpense": 718,
        "totalOtherIncomeExpenseNet": 2.7
      },
      {
        "costOfGoodsSold": 1412.8,
        "depreciationAmortization": 48.7,
        "dilutedAverageSharesOutstanding": 310.3,
        "dilutedEPS": 0.45,
        "ebit": 238.6,
        "equityEarningsAffiliates": 0.2,
        "grossIncome": 930.1,
        "interestExpense": 23.988,
        "interestIncomeExpense": -24,
        "netIncome": 136.3,
        "netIncomeAfterTaxes": 140.6,
        "nonRecurringItems": -2.9,
        "period": "2017-03-31",
        "pretaxIncome": 212.8,
        "provisionforIncomeTaxes": 72.2,
        "revenue": 2342.8,
        "sgaExpense": 642.8,
        "totalOperatingExpense": 691.5,
        "totalOtherIncomeExpenseNet": 1
      },
      {
        "costOfGoodsSold": 1039.1,
        "depreciationAmortization": 54.2,
        "dilutedAverageSharesOutstanding": 310.1,
        "dilutedEPS": 0.27,
        "ebit": 137.1,
        "equityEarningsAffiliates": -0.6,
        "grossIncome": 785.9,
        "interestExpense": 20.231,
        "interestIncomeExpense": -18,
        "netIncome": 86.3,
        "netIncomeAfterTaxes": 79.1,
        "nonRecurringItems": 2.7,
        "period": "2016-12-31",
        "pretaxIncome": 116.9,
        "provisionforIncomeTaxes": 37.8,
        "revenue": 1825,
        "sgaExpense": 594.7,
        "totalOperatingExpense": 648.9,
        "totalOtherIncomeExpenseNet": -4.8
      },
      {
        "costOfGoodsSold": 1351.9,
        "depreciationAmortization": 53,
        "dilutedAverageSharesOutstanding": 310,
        "dilutedEPS": 0.39,
        "ebit": 190.3,
        "equityEarningsAffiliates": 0,
        "grossIncome": 855.4,
        "interestExpense": 24.761,
        "interestIncomeExpense": -24.8,
        "netIncome": 122.7,
        "netIncomeAfterTaxes": 109.8,
        "nonRecurringItems": -6.9,
        "period": "2016-09-30",
        "pretaxIncome": 159.7,
        "provisionforIncomeTaxes": 49.8,
        "revenue": 2207.3,
        "sgaExpense": 612.1,
        "totalOperatingExpense": 665.1,
        "totalOtherIncomeExpenseNet": 1
      },
      {
        "costOfGoodsSold": 1399,
        "depreciationAmortization": 52.5,
        "dilutedAverageSharesOutstanding": 309.8,
        "dilutedEPS": 0.46,
        "ebit": 241.5,
        "equityEarningsAffiliates": -0.2,
        "grossIncome": 905.8,
        "interestExpense": 24.649,
        "interestIncomeExpense": -24.6,
        "netIncome": 142.8,
        "netIncomeAfterTaxes": 138,
        "nonRecurringItems": -9.1,
        "period": "2016-06-30",
        "pretaxIncome": 208.3,
        "provisionforIncomeTaxes": 70.3,
        "revenue": 2304.8,
        "sgaExpense": 611.8,
        "totalOperatingExpense": 664.3,
        "totalOtherIncomeExpenseNet": 0.5
      },
      {
        "costOfGoodsSold": 1161,
        "depreciationAmortization": 31.7,
        "dilutedAverageSharesOutstanding": 309.2,
        "dilutedEPS": 0.36,
        "ebit": 200.5,
        "equityEarningsAffiliates": -0.4,
        "grossIncome": 760.4,
        "interestExpense": 14.592,
        "interestIncomeExpense": 3.8,
        "netIncome": 112.2,
        "netIncomeAfterTaxes": 112.5,
        "nonRecurringItems": -41.5,
        "period": "2016-03-31",
        "pretaxIncome": 165.7,
        "provisionforIncomeTaxes": 53.1,
        "revenue": 1921.5,
        "sgaExpense": 528.3,
        "totalOperatingExpense": 560,
        "totalOtherIncomeExpenseNet": 2.9
      },
      {
        "costOfGoodsSold": 1051.6,
        "depreciationAmortization": 32,
        "dilutedAverageSharesOutstanding": 308,
        "dilutedEPS": 0.31,
        "ebit": 158.5,
        "equityEarningsAffiliates": -1.9,
        "grossIncome": 697.3,
        "interestExpense": 10.893,
        "interestIncomeExpense": -11,
        "netIncome": 95.1,
        "netIncomeAfterTaxes": 97,
        "nonRecurringItems": -6.8,
        "period": "2015-12-31",
        "pretaxIncome": 139.4,
        "provisionforIncomeTaxes": 42.4,
        "revenue": 1748.9,
        "sgaExpense": 506.9,
        "totalOperatingExpense": 538.8,
        "totalOtherIncomeExpenseNet": -1.3
      },
      {
        "costOfGoodsSold": 1119,
        "depreciationAmortization": 30.9,
        "dilutedAverageSharesOutstanding": 307.7,
        "dilutedEPS": 0.33,
        "ebit": 171.3,
        "equityEarningsAffiliates": -1.1,
        "grossIncome": 712.8,
        "interestExpense": 14.722,
        "interestIncomeExpense": -14.8,
        "netIncome": 101.3,
        "netIncomeAfterTaxes": 102.5,
        "nonRecurringItems": -4.6,
        "period": "2015-09-30",
        "pretaxIncome": 155,
        "provisionforIncomeTaxes": 52.5,
        "revenue": 1831.7,
        "sgaExpense": 510.6,
        "totalOperatingExpense": 541.4,
        "totalOtherIncomeExpenseNet": 3
      }
    ],
    "symbol": "LKQ"
  }
}