{
  "symbol": "APTV",
  "statement": "ic",
  "frequency": "quarterly",
  "timestamp": "2025-09-19T13:56:12.577962",
  "data": {
    "financials": [
      {
        "costOfGoodsSold": 4211,
        "depreciationAmortization": 53,
        "dilutedAverageSharesOutstanding": 218.11,
        "dilutedEPS": 1.8018,
        "ebit": 538,
        "equityEarningsAffiliates": -11,
        "grossIncome": 997,
        "interestExpense": 91,
        "interestIncomeExpense": -29,
        "minorityInterest": -4,
        "netIncome": 393,
        "netIncomeAfterTaxes": 408,
        "nonRecurringItems": -52,
        "period": "2025-06-30",
        "pretaxIncome": 453,
        "provisionforIncomeTaxes": 45,
        "revenue": 5208,
        "sgaExpense": 406,
        "totalOperatingExpense": 459,
        "totalOtherIncomeExpenseNet": -4
      },
      {
        "costOfGoodsSold": 3905,
        "depreciationAmortization": 51,
        "dilutedAverageSharesOutstanding": 230.16,
        "dilutedEPS": -0.0478,
        "ebit": 485,
        "equityEarningsAffiliates": -10,
        "grossIncome": 920,
        "interestExpense": 93,
        "interestIncomeExpense": -84,
        "minorityInterest": 0,
        "netIncome": -11,
        "netIncomeAfterTaxes": -1,
        "nonRecurringItems": -40,
        "period": "2025-03-31",
        "pretaxIncome": 355,
        "provisionforIncomeTaxes": 356,
        "revenue": 4825,
        "sgaExpense": 384,
        "totalOperatingExpense": 435,
        "totalOtherIncomeExpenseNet": -6
      },
      {
        "costOfGoodsSold": 3945,
        "depreciationAmortization": 52,
        "dilutedAverageSharesOutstanding": 235.33,
        "dilutedEPS": 1.1388,
        "ebit": 547,
        "equityEarningsAffiliates": -8,
        "grossIncome": 962,
        "interestExpense": 107,
        "interestIncomeExpense": 518,
        "minorityInterest": -7,
        "netIncome": 268,
        "netIncomeAfterTaxes": 283,
        "nonRecurringItems": -712,
        "period": "2024-12-31",
        "pretaxIncome": 347,
        "provisionforIncomeTaxes": 64,
        "revenue": 4907,
        "sgaExpense": 363,
        "totalOperatingExpense": 415,
        "totalOtherIncomeExpenseNet": -6
      },
      {
        "costOfGoodsSold": 3951,
        "depreciationAmortization": 53,
        "dilutedAverageSharesOutstanding": 245.78,
        "dilutedEPS": 1.4769,
        "ebit": 519,
        "equityEarningsAffiliates": -7,
        "grossIncome": 903,
        "interestExpense": 101,
        "interestIncomeExpense": -75,
        "minorityInterest": -5,
        "netIncome": 363,
        "netIncomeAfterTaxes": 375,
        "nonRecurringItems": -28,
        "period": "2024-09-30",
        "pretaxIncome": 407,
        "provisionforIncomeTaxes": 32,
        "revenue": 4854,
        "sgaExpense": 331,
        "totalOperatingExpense": 384,
        "totalOtherIncomeExpenseNet": -9
      },
      {
        "costOfGoodsSold": 4083,
        "depreciationAmortization": 52,
        "dilutedAverageSharesOutstanding": 270.43,
        "dilutedEPS": 3.4686,
        "ebit": 511,
        "equityEarningsAffiliates": -34,
        "grossIncome": 968,
        "interestExpense": 64,
        "interestIncomeExpense": -45,
        "minorityInterest": -5,
        "netIncome": 938,
        "netIncomeAfterTaxes": 977,
        "nonRecurringItems": 571,
        "period": "2024-06-30",
        "pretaxIncome": 1028,
        "provisionforIncomeTaxes": 51,
        "revenue": 5051,
        "sgaExpense": 405,
        "totalOperatingExpense": 457,
        "totalOtherIncomeExpenseNet": -9
      },
      {
        "costOfGoodsSold": 4023,
        "depreciationAmortization": 54,
        "dilutedAverageSharesOutstanding": 275.31,
        "dilutedEPS": 0.7918,
        "ebit": 458,
        "equityEarningsAffiliates": -69,
        "grossIncome": 878,
        "interestExpense": 65,
        "interestIncomeExpense": -46,
        "minorityInterest": -6,
        "netIncome": 218,
        "netIncomeAfterTaxes": 293,
        "nonRecurringItems": -39,
        "period": "2024-03-31",
        "pretaxIncome": 369,
        "provisionforIncomeTaxes": 76,
        "revenue": 4901,
        "sgaExpense": 366,
        "totalOperatingExpense": 420,
        "totalOtherIncomeExpenseNet": -4
      },
      {
        "costOfGoodsSold": 3979,
        "depreciationAmortization": 56,
        "dilutedAverageSharesOutstanding": 281.2,
        "dilutedEPS": 3.2184,
        "ebit": 503,
        "equityEarningsAffiliates": -72,
        "grossIncome": 940,
        "interestExpense": 71,
        "interestIncomeExpense": -36,
        "minorityInterest": -14,
        "netIncome": 905,
        "netIncomeAfterTaxes": 991,
        "nonRecurringItems": -149,
        "period": "2023-12-31",
        "pretaxIncome": 311,
        "provisionforIncomeTaxes": -680,
        "revenue": 4919,
        "sgaExpense": 381,
        "totalOperatingExpense": 437,
        "totalOtherIncomeExpenseNet": -7
      },
      {
        "costOfGoodsSold": 4221,
        "depreciationAmortization": 59,
        "dilutedAverageSharesOutstanding": 283,
        "dilutedEPS": 5.76,
        "ebit": 474,
        "equityEarningsAffiliates": -72,
        "grossIncome": 893,
        "interestExpense": 75,
        "interestIncomeExpense": -45,
        "minorityInterest": -8,
        "netIncome": 1629,
        "netIncomeAfterTaxes": 1709,
        "nonRecurringItems": -28,
        "period": "2023-09-30",
        "pretaxIncome": 397,
        "provisionforIncomeTaxes": -1312,
        "revenue": 5114,
        "sgaExpense": 360,
        "totalOperatingExpense": 419,
        "totalOtherIncomeExpenseNet": -4
      },
      {
        "costOfGoodsSold": 4336,
        "depreciationAmortization": 59,
        "dilutedAverageSharesOutstanding": 272.8,
        "dilutedEPS": 0.84,
        "ebit": 452,
        "equityEarningsAffiliates": -73,
        "grossIncome": 864,
        "interestExpense": 72,
        "interestIncomeExpense": -51,
        "minorityInterest": -4,
        "netIncome": 229,
        "netIncomeAfterTaxes": 319,
        "nonRecurringItems": -46,
        "period": "2023-06-30",
        "pretaxIncome": 349,
        "provisionforIncomeTaxes": 30,
        "revenue": 5200,
        "sgaExpense": 353,
        "totalOperatingExpense": 412,
        "totalOtherIncomeExpenseNet": -6
      },
      {
        "costOfGoodsSold": 4058,
        "depreciationAmortization": 59,
        "dilutedAverageSharesOutstanding": 271.2,
        "dilutedEPS": 0.54,
        "ebit": 359,
        "equityEarningsAffiliates": -82,
        "grossIncome": 760,
        "interestExpense": 67,
        "interestIncomeExpense": -48,
        "minorityInterest": -2,
        "netIncome": 146,
        "netIncomeAfterTaxes": 246,
        "nonRecurringItems": -29,
        "period": "2023-03-31",
        "pretaxIncome": 280,
        "provisionforIncomeTaxes": 34,
        "revenue": 4818,
        "sgaExpense": 342,
        "totalOperatingExpense": 401,
        "totalOtherIncomeExpenseNet": -2
      },
      {
        "costOfGoodsSold": 3827,
        "depreciationAmortization": 37,
        "dilutedAverageSharesOutstanding": 271.4,
        "dilutedEPS": 0.86,
        "ebit": 473,
        "equityEarningsAffiliates": -77,
        "grossIncome": 813,
        "interestExpense": 62,
        "interestIncomeExpense": -8,
        "minorityInterest": -17,
        "netIncome": 233,
        "netIncomeAfterTaxes": 343,
        "nonRecurringItems": -86,
        "period": "2022-12-31",
        "pretaxIncome": 368,
        "provisionforIncomeTaxes": 25,
        "revenue": 4640,
        "sgaExpense": 303,
        "totalOperatingExpense": 340,
        "totalOtherIncomeExpenseNet": -11
      },
      {
        "costOfGoodsSold": 3821,
        "depreciationAmortization": 37,
        "dilutedAverageSharesOutstanding": 271.1,
        "dilutedEPS": 1.05,
        "ebit": 481,
        "equityEarningsAffiliates": -67,
        "grossIncome": 793,
        "interestExpense": 58,
        "interestIncomeExpense": -38,
        "minorityInterest": -5,
        "netIncome": 286,
        "netIncomeAfterTaxes": 373,
        "nonRecurringItems": -17,
        "period": "2022-09-30",
        "pretaxIncome": 432,
        "provisionforIncomeTaxes": 59,
        "revenue": 4614,
        "sgaExpense": 275,
        "totalOperatingExpense": 312,
        "totalOtherIncomeExpenseNet": 6
      },
      {
        "costOfGoodsSold": 3617,
        "depreciationAmortization": 38,
        "dilutedAverageSharesOutstanding": 270.9,
        "dilutedEPS": -0.23,
        "ebit": 116,
        "equityEarningsAffiliates": -72,
        "grossIncome": 440,
        "interestExpense": 56,
        "interestIncomeExpense": -66,
        "minorityInterest": 27,
        "netIncome": -61,
        "netIncomeAfterTaxes": 0,
        "nonRecurringItems": -21,
        "period": "2022-06-30",
        "pretaxIncome": 16,
        "provisionforIncomeTaxes": 16,
        "revenue": 4057,
        "sgaExpense": 286,
        "totalOperatingExpense": 324,
        "totalOtherIncomeExpenseNet": -13
      },
      {
        "costOfGoodsSold": 3589,
        "depreciationAmortization": 37,
        "dilutedAverageSharesOutstanding": 271.2,
        "dilutedEPS": 0.27,
        "ebit": 278,
        "equityEarningsAffiliates": -63,
        "grossIncome": 589,
        "interestExpense": 43,
        "interestIncomeExpense": -73,
        "minorityInterest": -1,
        "netIncome": 73,
        "netIncomeAfterTaxes": 153,
        "nonRecurringItems": -22,
        "period": "2022-03-31",
        "pretaxIncome": 174,
        "provisionforIncomeTaxes": 21,
        "revenue": 4178,
        "sgaExpense": 274,
        "totalOperatingExpense": 311,
        "totalOtherIncomeExpenseNet": -9
      },
      {
        "costOfGoodsSold": 3543,
        "depreciationAmortization": 37,
        "dilutedAverageSharesOutstanding": 271.5,
        "dilutedEPS": 0.06,
        "ebit": 263,
        "equityEarningsAffiliates": -54,
        "grossIncome": 591,
        "interestExpense": 36,
        "interestIncomeExpense": -34,
        "minorityInterest": -8,
        "netIncome": 15,
        "netIncomeAfterTaxes": 93,
        "nonRecurringItems": -150,
        "period": "2021-12-31",
        "pretaxIncome": 93,
        "provisionforIncomeTaxes": 0,
        "revenue": 4134,
        "sgaExpense": 291,
        "totalOperatingExpense": 328,
        "totalOtherIncomeExpenseNet": 14
      },
      {
        "costOfGoodsSold": 3138,
        "depreciationAmortization": 37,
        "dilutedAverageSharesOutstanding": 271.2,
        "dilutedEPS": 0.32,
        "ebit": 216,
        "equityEarningsAffiliates": -51,
        "grossIncome": 516,
        "interestExpense": 36,
        "interestIncomeExpense": -34,
        "minorityInterest": -3,
        "netIncome": 86,
        "netIncomeAfterTaxes": 155,
        "nonRecurringItems": -1,
        "period": "2021-09-30",
        "pretaxIncome": 180,
        "provisionforIncomeTaxes": 25,
        "revenue": 3654,
        "sgaExpense": 263,
        "totalOperatingExpense": 300,
        "totalOtherIncomeExpenseNet": -1
      },
      {
        "costOfGoodsSold": 3205,
        "depreciationAmortization": 37,
        "dilutedAverageSharesOutstanding": 271.1,
        "dilutedEPS": 0.54,
        "ebit": 299,
        "equityEarningsAffiliates": -53,
        "grossIncome": 602,
        "interestExpense": 38,
        "interestIncomeExpense": -27,
        "minorityInterest": -3,
        "netIncome": 147,
        "netIncomeAfterTaxes": 219,
        "nonRecurringItems": -15,
        "period": "2021-06-30",
        "pretaxIncome": 247,
        "provisionforIncomeTaxes": 28,
        "revenue": 3807,
        "sgaExpense": 266,
        "totalOperatingExpense": 303,
        "totalOtherIncomeExpenseNet": -10
      },
      {
        "costOfGoodsSold": 3296,
        "depreciationAmortization": 37,
        "dilutedAverageSharesOutstanding": 271.1,
        "dilutedEPS": 1.03,
        "ebit": 435,
        "equityEarningsAffiliates": -42,
        "grossIncome": 727,
        "interestExpense": 40,
        "interestIncomeExpense": -37,
        "minorityInterest": -5,
        "netIncome": 279,
        "netIncomeAfterTaxes": 342,
        "nonRecurringItems": -6,
        "period": "2021-03-31",
        "pretaxIncome": 390,
        "provisionforIncomeTaxes": 48,
        "revenue": 4023,
        "sgaExpense": 255,
        "totalOperatingExpense": 292,
        "totalOtherIncomeExpenseNet": -2
      },
      {
        "costOfGoodsSold": 3427,
        "depreciationAmortization": 37,
        "dilutedAverageSharesOutstanding": 281.4,
        "dilutedEPS": 1.01,
        "ebit": 470,
        "equityEarningsAffiliates": -43,
        "grossIncome": 785,
        "interestExpense": 39,
        "interestIncomeExpense": -27,
        "minorityInterest": -16,
        "netIncome": 283,
        "netIncomeAfterTaxes": 358,
        "nonRecurringItems": -24,
        "period": "2020-12-31",
        "pretaxIncome": 413,
        "provisionforIncomeTaxes": 55,
        "revenue": 4212,
        "sgaExpense": 278,
        "totalOperatingExpense": 315,
        "totalOtherIncomeExpenseNet": -6
      },
      {
        "costOfGoodsSold": 3021,
        "depreciationAmortization": 36,
        "dilutedAverageSharesOutstanding": 270.4,
        "dilutedEPS": 1.05,
        "ebit": 382,
        "equityEarningsAffiliates": -24,
        "grossIncome": 647,
        "interestExpense": 38,
        "interestIncomeExpense": -36,
        "minorityInterest": -6,
        "netIncome": 283,
        "netIncomeAfterTaxes": 329,
        "nonRecurringItems": -18,
        "period": "2020-09-30",
        "pretaxIncome": 327,
        "provisionforIncomeTaxes": -2,
        "revenue": 3668,
        "sgaExpense": 229,
        "totalOperatingExpense": 265,
        "totalOtherIncomeExpenseNet": -1
      },
      {
        "costOfGoodsSold": 1943,
        "depreciationAmortization": 35,
        "dilutedAverageSharesOutstanding": 258,
        "dilutedEPS": -1.43,
        "ebit": -235,
        "equityEarningsAffiliates": -18,
        "grossIncome": 17,
        "interestExpense": 44,
        "interestIncomeExpense": -43,
        "minorityInterest": -1,
        "netIncome": -369,
        "netIncomeAfterTaxes": -347,
        "nonRecurringItems": -80,
        "period": "2020-06-30",
        "pretaxIncome": -361,
        "provisionforIncomeTaxes": -14,
        "revenue": 1960,
        "sgaExpense": 217,
        "totalOperatingExpense": 252,
        "totalOtherIncomeExpenseNet": -3
      },
      {
        "costOfGoodsSold": 2725,
        "depreciationAmortization": 36,
        "dilutedAverageSharesOutstanding": 255.8,
        "dilutedEPS": 6.14,
        "ebit": 213,
        "equityEarningsAffiliates": 2,
        "grossIncome": 501,
        "interestExpense": 43,
        "interestIncomeExpense": -40,
        "minorityInterest": 5,
        "netIncome": 1572,
        "netIncomeAfterTaxes": 1565,
        "nonRecurringItems": 1406,
        "period": "2020-03-31",
        "pretaxIncome": 1575,
        "provisionforIncomeTaxes": 10,
        "revenue": 3226,
        "sgaExpense": 252,
        "totalOperatingExpense": 288,
        "totalOtherIncomeExpenseNet": -4
      },
      {
        "costOfGoodsSold": 2909,
        "depreciationAmortization": 35,
        "dilutedAverageSharesOutstanding": 257.6,
        "dilutedEPS": 0.89,
        "ebit": 354,
        "equityEarningsAffiliates": 3,
        "grossIncome": 687,
        "interestExpense": 41,
        "interestIncomeExpense": -39,
        "minorityInterest": -11,
        "netIncome": 230,
        "netIncomeAfterTaxes": 238,
        "nonRecurringItems": -35,
        "period": "2019-12-31",
        "pretaxIncome": 268,
        "provisionforIncomeTaxes": 30,
        "revenue": 3596,
        "sgaExpense": 298,
        "totalOperatingExpense": 333,
        "totalOtherIncomeExpenseNet": -12
      },
      {
        "costOfGoodsSold": 2881,
        "depreciationAmortization": 34,
        "dilutedAverageSharesOutstanding": 255.9,
        "dilutedEPS": 0.96,
        "ebit": 382,
        "equityEarningsAffiliates": 5,
        "grossIncome": 678,
        "interestExpense": 42,
        "interestIncomeExpense": -39,
        "minorityInterest": -6,
        "netIncome": 246,
        "netIncomeAfterTaxes": 247,
        "nonRecurringItems": -62,
        "period": "2019-09-30",
        "pretaxIncome": 285,
        "provisionforIncomeTaxes": 38,
        "revenue": 3559,
        "sgaExpense": 262,
        "totalOperatingExpense": 296,
        "totalOtherIncomeExpenseNet": 4
      },
      {
        "costOfGoodsSold": 2956,
        "depreciationAmortization": 35,
        "dilutedAverageSharesOutstanding": 257.3,
        "dilutedEPS": 1.07,
        "ebit": 376,
        "equityEarningsAffiliates": 4,
        "grossIncome": 671,
        "interestExpense": 43,
        "interestIncomeExpense": -38,
        "minorityInterest": 3,
        "netIncome": 274,
        "netIncomeAfterTaxes": 267,
        "nonRecurringItems": -41,
        "period": "2019-06-30",
        "pretaxIncome": 298,
        "provisionforIncomeTaxes": 31,
        "revenue": 3627,
        "sgaExpense": 260,
        "totalOperatingExpense": 295,
        "totalOtherIncomeExpenseNet": 1
      },
      {
        "costOfGoodsSold": 2962,
        "depreciationAmortization": 34,
        "dilutedAverageSharesOutstanding": 259.6,
        "dilutedEPS": 0.92,
        "ebit": 323,
        "equityEarningsAffiliates": 3,
        "grossIncome": 613,
        "interestExpense": 38,
        "interestIncomeExpense": -16,
        "minorityInterest": -5,
        "netIncome": 240,
        "netIncomeAfterTaxes": 242,
        "nonRecurringItems": -32,
        "period": "2019-03-31",
        "pretaxIncome": 275,
        "provisionforIncomeTaxes": 33,
        "revenue": 3575,
        "sgaExpense": 256,
        "totalOperatingExpense": 290,
        "totalOtherIncomeExpenseNet": 0
      },
      {
        "costOfGoodsSold": 2965,
        "depreciationAmortization": 33,
        "dilutedAverageSharesOutstanding": 263.7,
        "dilutedEPS": 0.93,
        "ebit": 396,
        "equityEarningsAffiliates": 6,
        "grossIncome": 671,
        "interestExpense": 37,
        "interestIncomeExpense": -56,
        "minorityInterest": -10,
        "netIncome": 247,
        "netIncomeAfterTaxes": 257,
        "nonRecurringItems": -50,
        "period": "2018-12-31",
        "pretaxIncome": 293,
        "provisionforIncomeTaxes": 36,
        "revenue": 3636,
        "sgaExpense": 242,
        "totalOperatingExpense": 275,
        "totalOtherIncomeExpenseNet": 3
      },
      {
        "costOfGoodsSold": 2833,
        "depreciationAmortization": 31,
        "dilutedAverageSharesOutstanding": 265.3,
        "dilutedEPS": 0.83,
        "ebit": 389,
        "equityEarningsAffiliates": 4,
        "grossIncome": 652,
        "interestExpense": 34,
        "interestIncomeExpense": -29,
        "minorityInterest": -9,
        "netIncome": 222,
        "netIncomeAfterTaxes": 226,
        "nonRecurringItems": -66,
        "period": "2018-09-30",
        "pretaxIncome": 293,
        "provisionforIncomeTaxes": 67,
        "revenue": 3485,
        "sgaExpense": 232,
        "totalOperatingExpense": 263,
        "totalOtherIncomeExpenseNet": -1
      },
      {
        "costOfGoodsSold": 2957,
        "depreciationAmortization": 30,
        "dilutedAverageSharesOutstanding": 265.5,
        "dilutedEPS": 1.09,
        "ebit": 437,
        "equityEarningsAffiliates": 8,
        "grossIncome": 727,
        "interestExpense": 36,
        "interestIncomeExpense": -29,
        "minorityInterest": -12,
        "netIncome": 291,
        "netIncomeAfterTaxes": 320,
        "nonRecurringItems": -32,
        "period": "2018-06-30",
        "pretaxIncome": 378,
        "provisionforIncomeTaxes": 58,
        "revenue": 3684,
        "sgaExpense": 260,
        "totalOperatingExpense": 290,
        "totalOtherIncomeExpenseNet": 2
      },
      {
        "costOfGoodsSold": 2947,
        "depreciationAmortization": 30,
        "dilutedAverageSharesOutstanding": 266.4,
        "dilutedEPS": 1.15,
        "ebit": 394,
        "equityEarningsAffiliates": 5,
        "grossIncome": 683,
        "interestExpense": 34,
        "interestIncomeExpense": -29,
        "minorityInterest": -9,
        "netIncome": 307,
        "netIncomeAfterTaxes": 311,
        "nonRecurringItems": -9,
        "period": "2018-03-31",
        "pretaxIncome": 370,
        "provisionforIncomeTaxes": 59,
        "revenue": 3630,
        "sgaExpense": 259,
        "totalOperatingExpense": 289,
        "totalOtherIncomeExpenseNet": 14
      },
      {
        "costOfGoodsSold": 2730,
        "depreciationAmortization": 30,
        "dilutedAverageSharesOutstanding": 267.4,
        "dilutedEPS": 1.03,
        "ebit": 414,
        "equityEarningsAffiliates": 7,
        "grossIncome": 710,
        "interestExpense": 37,
        "interestIncomeExpense": -37,
        "netIncome": 277,
        "netIncomeAfterTaxes": 215,
        "nonRecurringItems": -28,
        "period": "2017-12-31",
        "pretaxIncome": 350,
        "provisionforIncomeTaxes": 135,
        "revenue": 3440,
        "sgaExpense": 266,
        "totalOperatingExpense": 296,
        "totalOtherIncomeExpenseNet": 1
      },
      {
        "costOfGoodsSold": 2498,
        "depreciationAmortization": 29,
        "dilutedAverageSharesOutstanding": 267.2,
        "dilutedEPS": 1.47,
        "ebit": 391,
        "equityEarningsAffiliates": 6,
        "grossIncome": 650,
        "interestExpense": 35,
        "interestIncomeExpense": -33,
        "minorityInterest": -18,
        "netIncome": 395,
        "netIncomeAfterTaxes": 300,
        "nonRecurringItems": -18,
        "period": "2017-09-30",
        "pretaxIncome": 331,
        "provisionforIncomeTaxes": 31,
        "revenue": 3148,
        "sgaExpense": 230,
        "totalOperatingExpense": 259,
        "totalOtherIncomeExpenseNet": -9
      },
      {
        "costOfGoodsSold": 2498,
        "depreciationAmortization": 29,
        "dilutedAverageSharesOutstanding": 268,
        "dilutedEPS": 1.37,
        "ebit": 395,
        "equityEarningsAffiliates": 7,
        "grossIncome": 655,
        "interestExpense": 35,
        "interestIncomeExpense": -34,
        "minorityInterest": -17,
        "netIncome": 369,
        "netIncomeAfterTaxes": 299,
        "nonRecurringItems": -14,
        "period": "2017-06-30",
        "pretaxIncome": 337,
        "provisionforIncomeTaxes": 38,
        "revenue": 3153,
        "sgaExpense": 231,
        "totalOperatingExpense": 260,
        "totalOtherIncomeExpenseNet": -10
      },
      {
        "costOfGoodsSold": 2544,
        "depreciationAmortization": 29,
        "dilutedAverageSharesOutstanding": 269.5,
        "dilutedEPS": 1.24,
        "ebit": 345,
        "equityEarningsAffiliates": 11,
        "grossIncome": 599,
        "interestExpense": 33,
        "interestIncomeExpense": -32,
        "minorityInterest": -17,
        "netIncome": 335,
        "netIncomeAfterTaxes": 218,
        "nonRecurringItems": -79,
        "period": "2017-03-31",
        "pretaxIncome": 237,
        "provisionforIncomeTaxes": 19,
        "revenue": 3143,
        "sgaExpense": 225,
        "totalOperatingExpense": 254,
        "totalOtherIncomeExpenseNet": 3
      },
      {
        "costOfGoodsSold": 2325,
        "depreciationAmortization": 29,
        "dilutedAverageSharesOutstanding": 271.6,
        "dilutedEPS": 1.03,
        "ebit": 587,
        "equityEarningsAffiliates": 12,
        "grossIncome": 868,
        "interestExpense": 33,
        "interestIncomeExpense": -33,
        "minorityInterest": 7,
        "netIncome": 281,
        "netIncomeAfterTaxes": 185,
        "nonRecurringItems": -362,
        "period": "2016-12-31",
        "pretaxIncome": 181,
        "provisionforIncomeTaxes": -4,
        "revenue": 3193,
        "sgaExpense": 252,
        "totalOperatingExpense": 281,
        "totalOtherIncomeExpenseNet": -11
      },
      {
        "costOfGoodsSold": 594,
        "depreciationAmortization": 21,
        "dilutedAverageSharesOutstanding": 270.6,
        "dilutedEPS": 1.08,
        "ebit": 92,
        "equityEarningsAffiliates": 10,
        "grossIncome": 230,
        "interestExpense": 40,
        "interestIncomeExpense": -41,
        "minorityInterest": -13,
        "netIncome": 293,
        "netIncomeAfterTaxes": 55,
        "nonRecurringItems": 11,
        "period": "2016-09-30",
        "pretaxIncome": 67,
        "provisionforIncomeTaxes": 12,
        "revenue": 824,
        "sgaExpense": 117,
        "totalOperatingExpense": 138,
        "totalOtherIncomeExpenseNet": 5
      },
      {
        "costOfGoodsSold": 3346,
        "depreciationAmortization": 34,
        "dilutedAverageSharesOutstanding": 273.4,
        "dilutedEPS": 0.94,
        "ebit": 548,
        "equityEarningsAffiliates": 7,
        "grossIncome": 860,
        "interestExpense": 41,
        "interestIncomeExpense": -41,
        "minorityInterest": -13,
        "netIncome": 258,
        "netIncomeAfterTaxes": 264,
        "nonRecurringItems": -154,
        "period": "2016-06-30",
        "pretaxIncome": 348,
        "provisionforIncomeTaxes": 84,
        "revenue": 4206,
        "sgaExpense": 278,
        "totalOperatingExpense": 312,
        "totalOtherIncomeExpenseNet": -5
      },
      {
        "costOfGoodsSold": 3262,
        "depreciationAmortization": 33,
        "dilutedAverageSharesOutstanding": 277,
        "dilutedEPS": 1.53,
        "ebit": 479,
        "equityEarningsAffiliates": 6,
        "grossIncome": 789,
        "interestExpense": 41,
        "interestIncomeExpense": -40,
        "minorityInterest": -15,
        "netIncome": 425,
        "netIncomeAfterTaxes": 329,
        "nonRecurringItems": -35,
        "period": "2016-03-31",
        "pretaxIncome": 404,
        "provisionforIncomeTaxes": 75,
        "revenue": 4051,
        "sgaExpense": 277,
        "totalOperatingExpense": 310,
        "totalOtherIncomeExpenseNet": 0
      },
      {
        "costOfGoodsSold": -303,
        "depreciationAmortization": 0,
        "dilutedAverageSharesOutstanding": 287.8,
        "dilutedEPS": 0.66,
        "ebit": -157,
        "equityEarningsAffiliates": 6,
        "grossIncome": -119,
        "interestExpense": 32,
        "interestIncomeExpense": -24,
        "minorityInterest": 9,
        "netIncome": 192,
        "netIncomeAfterTaxes": -191,
        "nonRecurringItems": -30,
        "period": "2015-12-31",
        "pretaxIncome": -232,
        "provisionforIncomeTaxes": -41,
        "revenue": -422,
        "sgaExpense": 38,
        "totalOperatingExpense": 38,
        "totalOtherIncomeExpenseNet": -21
      },
      {
        "costOfGoodsSold": 2862,
        "depreciationAmortization": 23,
        "dilutedAverageSharesOutstanding": 284.4,
        "dilutedEPS": 1.42,
        "ebit": 497,
        "equityEarningsAffiliates": 5,
        "grossIncome": 769,
        "interestExpense": 30,
        "interestIncomeExpense": -28,
        "minorityInterest": -13,
        "netIncome": 404,
        "netIncomeAfterTaxes": 359,
        "nonRecurringItems": -47,
        "period": "2015-09-30",
        "pretaxIncome": 420,
        "provisionforIncomeTaxes": 61,
        "revenue": 3631,
        "sgaExpense": 249,
        "totalOperatingExpense": 272,
        "totalOtherIncomeExpenseNet": -2
      }
    ],
    "symbol": "APTV"
  }
}