{
  "symbol": "VLO",
  "statement": "ic",
  "frequency": "quarterly",
  "timestamp": "2025-09-19T14:08:07.416055",
  "data": {
    "financials": [
      {
        "costOfGoodsSold": 28640,
        "depreciationAmortization": 28,
        "dilutedAverageSharesOutstanding": 312,
        "dilutedEPS": 2.2821,
        "ebit": 997,
        "grossIncome": 1249,
        "interestExpense": 141,
        "interestIncomeExpense": -141,
        "minorityInterest": 51,
        "netIncome": 712,
        "netIncomeAfterTaxes": 663,
        "nonRecurringItems": 0,
        "otherOperatingExpensesTotal": 4,
        "period": "2025-06-30",
        "pretaxIncome": 942,
        "provisionforIncomeTaxes": 279,
        "revenue": 29889,
        "sgaExpense": 220,
        "totalOperatingExpense": 252,
        "totalOtherIncomeExpenseNet": 86
      },
      {
        "costOfGoodsSold": 29751,
        "depreciationAmortization": 11,
        "dilutedAverageSharesOutstanding": 314,
        "dilutedEPS": -1.8981,
        "ebit": 231,
        "grossIncome": 507,
        "interestExpense": 137,
        "interestIncomeExpense": -137,
        "minorityInterest": 57,
        "netIncome": -596,
        "netIncomeAfterTaxes": -652,
        "nonRecurringItems": -1131,
        "otherOperatingExpensesTotal": 4,
        "period": "2025-03-31",
        "pretaxIncome": -917,
        "provisionforIncomeTaxes": -265,
        "revenue": 30258,
        "sgaExpense": 261,
        "totalOperatingExpense": 276,
        "totalOtherIncomeExpenseNet": 120
      },
      {
        "costOfGoodsSold": 30127,
        "depreciationAmortization": 11,
        "dilutedAverageSharesOutstanding": 316,
        "dilutedEPS": 0.8861,
        "ebit": 348,
        "grossIncome": 629,
        "interestExpense": 135,
        "interestIncomeExpense": -135,
        "minorityInterest": -76,
        "netIncome": 280,
        "netIncomeAfterTaxes": 357,
        "nonRecurringItems": 0,
        "otherOperatingExpensesTotal": 4,
        "period": "2024-12-31",
        "pretaxIncome": 323,
        "provisionforIncomeTaxes": -34,
        "revenue": 30756,
        "sgaExpense": 266,
        "totalOperatingExpense": 281,
        "totalOtherIncomeExpenseNet": 110
      },
      {
        "costOfGoodsSold": 32122,
        "depreciationAmortization": 10,
        "dilutedAverageSharesOutstanding": 318,
        "dilutedEPS": 1.1415,
        "ebit": 507,
        "grossIncome": 754,
        "interestExpense": 141,
        "interestIncomeExpense": -141,
        "minorityInterest": -29,
        "netIncome": 363,
        "netIncomeAfterTaxes": 393,
        "otherOperatingExpensesTotal": 3,
        "period": "2024-09-30",
        "pretaxIncome": 489,
        "provisionforIncomeTaxes": 96,
        "revenue": 32876,
        "sgaExpense": 234,
        "totalOperatingExpense": 247,
        "totalOtherIncomeExpenseNet": 123
      },
      {
        "costOfGoodsSold": 33051,
        "depreciationAmortization": 12,
        "dilutedAverageSharesOutstanding": 324,
        "dilutedEPS": 2.7068,
        "ebit": 1221,
        "grossIncome": 1439,
        "interestExpense": 140,
        "interestIncomeExpense": -140,
        "minorityInterest": -46,
        "netIncome": 877,
        "netIncomeAfterTaxes": 926,
        "otherOperatingExpensesTotal": 3,
        "period": "2024-06-30",
        "pretaxIncome": 1203,
        "provisionforIncomeTaxes": 277,
        "revenue": 34490,
        "sgaExpense": 203,
        "totalOperatingExpense": 218,
        "totalOtherIncomeExpenseNet": 122
      },
      {
        "costOfGoodsSold": 29776,
        "depreciationAmortization": 12,
        "dilutedAverageSharesOutstanding": 331,
        "dilutedEPS": 3.7523,
        "ebit": 1679,
        "grossIncome": 1983,
        "interestExpense": 140,
        "interestIncomeExpense": -140,
        "minorityInterest": -85,
        "netIncome": 1242,
        "netIncomeAfterTaxes": 1330,
        "otherOperatingExpensesTotal": 34,
        "period": "2024-03-31",
        "pretaxIncome": 1683,
        "provisionforIncomeTaxes": 353,
        "revenue": 31759,
        "sgaExpense": 258,
        "totalOperatingExpense": 304,
        "totalOtherIncomeExpenseNet": 144
      },
      {
        "costOfGoodsSold": 33540,
        "depreciationAmortization": 11,
        "dilutedAverageSharesOutstanding": 335,
        "dilutedEPS": 3.5791,
        "ebit": 1553,
        "grossIncome": 1874,
        "interestExpense": 149,
        "interestIncomeExpense": -4,
        "minorityInterest": -16,
        "netIncome": 1199,
        "netIncomeAfterTaxes": 1218,
        "nonRecurringItems": 0,
        "otherOperatingExpensesTotal": 15,
        "period": "2023-12-31",
        "pretaxIncome": 1549,
        "provisionforIncomeTaxes": 331,
        "revenue": 35414,
        "sgaExpense": 295,
        "totalOperatingExpense": 321
      },
      {
        "costOfGoodsSold": 34634,
        "depreciationAmortization": 11,
        "dilutedAverageSharesOutstanding": 349,
        "dilutedEPS": 7.49,
        "ebit": 3503,
        "grossIncome": 3770,
        "interestExpense": 149,
        "interestIncomeExpense": -27,
        "minorityInterest": -41,
        "netIncome": 2614,
        "netIncomeAfterTaxes": 2663,
        "nonRecurringItems": 0,
        "otherOperatingExpensesTotal": 6,
        "period": "2023-09-30",
        "pretaxIncome": 3476,
        "provisionforIncomeTaxes": 813,
        "revenue": 38404,
        "sgaExpense": 250,
        "totalOperatingExpense": 267,
        "totalOtherIncomeExpenseNet": 0
      },
      {
        "costOfGoodsSold": 31528,
        "depreciationAmortization": 11,
        "dilutedAverageSharesOutstanding": 358,
        "dilutedEPS": 5.4134,
        "ebit": 2759,
        "grossIncome": 2981,
        "interestExpense": 148,
        "interestIncomeExpense": -42,
        "minorityInterest": -178,
        "netIncome": 1938,
        "netIncomeAfterTaxes": 2122,
        "otherOperatingExpensesTotal": 2,
        "period": "2023-06-30",
        "pretaxIncome": 2717,
        "provisionforIncomeTaxes": 595,
        "revenue": 34509,
        "sgaExpense": 209,
        "totalOperatingExpense": 222,
        "totalOtherIncomeExpenseNet": 0
      },
      {
        "costOfGoodsSold": 32132,
        "depreciationAmortization": 10,
        "dilutedAverageSharesOutstanding": 369,
        "dilutedEPS": 8.2846,
        "ebit": 4043,
        "grossIncome": 4307,
        "interestExpense": 146,
        "interestIncomeExpense": -85,
        "minorityInterest": -79,
        "netIncome": 3057,
        "netIncomeAfterTaxes": 3146,
        "nonRecurringItems": 11,
        "otherOperatingExpensesTotal": 10,
        "period": "2023-03-31",
        "pretaxIncome": 4026,
        "provisionforIncomeTaxes": 880,
        "revenue": 36439,
        "sgaExpense": 244,
        "totalOperatingExpense": 264,
        "totalOtherIncomeExpenseNet": 57
      },
      {
        "costOfGoodsSold": 37071,
        "depreciationAmortization": 11,
        "dilutedAverageSharesOutstanding": 381,
        "dilutedEPS": 8.1391,
        "ebit": 4356,
        "grossIncome": 4675,
        "interestExpense": 137,
        "interestIncomeExpense": -137,
        "minorityInterest": -119,
        "netIncome": 3101,
        "netIncomeAfterTaxes": 3232,
        "nonRecurringItems": -204,
        "otherOperatingExpensesTotal": 26,
        "period": "2022-12-31",
        "pretaxIncome": 4250,
        "provisionforIncomeTaxes": 1018,
        "revenue": 41746,
        "sgaExpense": 282,
        "totalOperatingExpense": 319,
        "totalOtherIncomeExpenseNet": 235
      },
      {
        "costOfGoodsSold": 40431,
        "depreciationAmortization": 11,
        "dilutedAverageSharesOutstanding": 390,
        "dilutedEPS": 7.1949,
        "ebit": 3792,
        "grossIncome": 4023,
        "interestExpense": 138,
        "interestIncomeExpense": -138,
        "minorityInterest": -95,
        "netIncome": 2806,
        "netIncomeAfterTaxes": 2912,
        "nonRecurringItems": 0,
        "otherOperatingExpensesTotal": 6,
        "period": "2022-09-30",
        "pretaxIncome": 3728,
        "provisionforIncomeTaxes": 816,
        "revenue": 44454,
        "sgaExpense": 214,
        "totalOperatingExpense": 231,
        "totalOtherIncomeExpenseNet": 74
      },
      {
        "costOfGoodsSold": 45185,
        "depreciationAmortization": 12,
        "dilutedAverageSharesOutstanding": 404,
        "dilutedEPS": 11.5743,
        "ebit": 6216,
        "grossIncome": 6456,
        "interestExpense": 142,
        "interestIncomeExpense": -142,
        "minorityInterest": -75,
        "netIncome": 4676,
        "netIncomeAfterTaxes": 4768,
        "nonRecurringItems": 3,
        "otherOperatingExpensesTotal": 15,
        "period": "2022-06-30",
        "pretaxIncome": 6110,
        "provisionforIncomeTaxes": 1342,
        "revenue": 51641,
        "sgaExpense": 213,
        "totalOperatingExpense": 240,
        "totalOtherIncomeExpenseNet": 33
      },
      {
        "costOfGoodsSold": 36923,
        "depreciationAmortization": 11,
        "dilutedAverageSharesOutstanding": 408,
        "dilutedEPS": 2.2108,
        "ebit": 1384,
        "grossIncome": 1619,
        "interestExpense": 145,
        "interestIncomeExpense": -145,
        "minorityInterest": -62,
        "netIncome": 902,
        "netIncomeAfterTaxes": 967,
        "nonRecurringItems": -50,
        "otherOperatingExpensesTotal": 19,
        "period": "2022-03-31",
        "pretaxIncome": 1219,
        "provisionforIncomeTaxes": 252,
        "revenue": 38542,
        "sgaExpense": 205,
        "totalOperatingExpense": 235,
        "totalOtherIncomeExpenseNet": 30
      },
      {
        "costOfGoodsSold": 33993,
        "depreciationAmortization": 12,
        "dilutedAverageSharesOutstanding": 407,
        "dilutedEPS": 2.4742,
        "ebit": 1594,
        "grossIncome": 1910,
        "interestExpense": 152,
        "interestIncomeExpense": -152,
        "minorityInterest": -101,
        "netIncome": 1007,
        "netIncomeAfterTaxes": 1110,
        "nonRecurringItems": 0,
        "otherOperatingExpensesTotal": 18,
        "period": "2021-12-31",
        "pretaxIncome": 1279,
        "provisionforIncomeTaxes": 169,
        "revenue": 35903,
        "sgaExpense": 286,
        "totalOperatingExpense": 316,
        "totalOtherIncomeExpenseNet": -163
      },
      {
        "costOfGoodsSold": 28602,
        "depreciationAmortization": 11,
        "dilutedAverageSharesOutstanding": 408,
        "dilutedEPS": 1.1324,
        "ebit": 693,
        "grossIncome": 918,
        "interestExpense": 152,
        "interestIncomeExpense": -152,
        "minorityInterest": -45,
        "netIncome": 462,
        "netIncomeAfterTaxes": 508,
        "nonRecurringItems": 0,
        "otherOperatingExpensesTotal": 19,
        "period": "2021-09-30",
        "pretaxIncome": 573,
        "provisionforIncomeTaxes": 65,
        "revenue": 29520,
        "sgaExpense": 195,
        "totalOperatingExpense": 225,
        "totalOtherIncomeExpenseNet": 32
      },
      {
        "costOfGoodsSold": 27039,
        "depreciationAmortization": 12,
        "dilutedAverageSharesOutstanding": 407,
        "dilutedEPS": 0.3931,
        "ebit": 509,
        "grossIncome": 709,
        "interestExpense": 150,
        "interestIncomeExpense": -150,
        "minorityInterest": -130,
        "netIncome": 160,
        "netIncomeAfterTaxes": 292,
        "nonRecurringItems": 0,
        "otherOperatingExpensesTotal": 12,
        "period": "2021-06-30",
        "pretaxIncome": 461,
        "provisionforIncomeTaxes": 169,
        "revenue": 27748,
        "sgaExpense": 176,
        "totalOperatingExpense": 200,
        "totalOtherIncomeExpenseNet": 102
      },
      {
        "costOfGoodsSold": 21214,
        "depreciationAmortization": 12,
        "dilutedAverageSharesOutstanding": 407,
        "dilutedEPS": -1.73,
        "ebit": -666,
        "grossIncome": -408,
        "interestExpense": 149,
        "interestIncomeExpense": -149,
        "minorityInterest": -82,
        "netIncome": -705,
        "netIncomeAfterTaxes": -622,
        "nonRecurringItems": 0,
        "otherOperatingExpensesTotal": 38,
        "period": "2021-03-31",
        "pretaxIncome": -770,
        "provisionforIncomeTaxes": -148,
        "revenue": 20806,
        "sgaExpense": 208,
        "totalOperatingExpense": 258,
        "totalOtherIncomeExpenseNet": 45
      },
      {
        "costOfGoodsSold": 16834,
        "depreciationAmortization": 11,
        "dilutedAverageSharesOutstanding": 407,
        "dilutedEPS": -0.88,
        "ebit": -470,
        "grossIncome": -230,
        "interestExpense": 153,
        "interestIncomeExpense": -153,
        "minorityInterest": -50,
        "netIncome": -360,
        "netIncomeAfterTaxes": -309,
        "nonRecurringItems": 0,
        "otherOperatingExpensesTotal": 5,
        "period": "2020-12-31",
        "pretaxIncome": -598,
        "provisionforIncomeTaxes": -289,
        "revenue": 16604,
        "sgaExpense": 224,
        "totalOperatingExpense": 240,
        "totalOtherIncomeExpenseNet": 25
      },
      {
        "costOfGoodsSold": 16520,
        "depreciationAmortization": 12,
        "dilutedAverageSharesOutstanding": 407,
        "dilutedEPS": -1.14,
        "ebit": -934,
        "grossIncome": -711,
        "interestExpense": 143,
        "interestIncomeExpense": -143,
        "minorityInterest": -85,
        "netIncome": -465,
        "netIncomeAfterTaxes": -379,
        "nonRecurringItems": 313,
        "otherOperatingExpensesTotal": 25,
        "period": "2020-09-30",
        "pretaxIncome": -716,
        "provisionforIncomeTaxes": -337,
        "revenue": 15809,
        "sgaExpense": 186,
        "totalOperatingExpense": 223,
        "totalOtherIncomeExpenseNet": 48
      },
      {
        "costOfGoodsSold": 10812,
        "depreciationAmortization": 12,
        "dilutedAverageSharesOutstanding": 407,
        "dilutedEPS": 3.07,
        "ebit": -599,
        "grossIncome": -415,
        "interestExpense": 142,
        "interestIncomeExpense": 58,
        "minorityInterest": -82,
        "netIncome": 1249,
        "netIncomeAfterTaxes": 1335,
        "nonRecurringItems": 2248,
        "otherOperatingExpensesTotal": 3,
        "period": "2020-06-30",
        "pretaxIncome": 1674,
        "provisionforIncomeTaxes": 339,
        "revenue": 10397,
        "sgaExpense": 169,
        "totalOperatingExpense": 184,
        "totalOtherIncomeExpenseNet": -33
      },
      {
        "costOfGoodsSold": 21542,
        "depreciationAmortization": 13,
        "dilutedAverageSharesOutstanding": 408,
        "dilutedEPS": -4.54,
        "ebit": 368,
        "grossIncome": 560,
        "interestExpense": 125,
        "interestIncomeExpense": -393,
        "minorityInterest": -97,
        "netIncome": -1852,
        "netIncomeAfterTaxes": -1754,
        "nonRecurringItems": -2542,
        "otherOperatingExpensesTotal": 2,
        "period": "2020-03-31",
        "pretaxIncome": -2370,
        "provisionforIncomeTaxes": -616,
        "revenue": 22102,
        "sgaExpense": 177,
        "totalOperatingExpense": 192,
        "totalOtherIncomeExpenseNet": 197
      },
      {
        "costOfGoodsSold": 25942,
        "depreciationAmortization": 14,
        "dilutedAverageSharesOutstanding": 408,
        "dilutedEPS": 2.59,
        "ebit": 1673,
        "grossIncome": 1937,
        "interestExpense": 119,
        "interestIncomeExpense": -14,
        "minorityInterest": -270,
        "netIncome": 1056,
        "netIncomeAfterTaxes": 1330,
        "otherOperatingExpensesTotal": 7,
        "period": "2019-12-31",
        "pretaxIncome": 1656,
        "provisionforIncomeTaxes": 326,
        "revenue": 27879,
        "sgaExpense": 243,
        "totalOperatingExpense": 264,
        "totalOtherIncomeExpenseNet": -3
      },
      {
        "costOfGoodsSold": 26147,
        "depreciationAmortization": 11,
        "dilutedAverageSharesOutstanding": 413,
        "dilutedEPS": 1.47,
        "ebit": 864,
        "grossIncome": 1102,
        "interestExpense": 111,
        "interestIncomeExpense": -113,
        "minorityInterest": -30,
        "netIncome": 608,
        "netIncomeAfterTaxes": 639,
        "otherOperatingExpensesTotal": 10,
        "period": "2019-09-30",
        "pretaxIncome": 804,
        "provisionforIncomeTaxes": 165,
        "revenue": 27249,
        "sgaExpense": 217,
        "totalOperatingExpense": 238,
        "totalOtherIncomeExpenseNet": 53
      },
      {
        "costOfGoodsSold": 27884,
        "depreciationAmortization": 14,
        "dilutedAverageSharesOutstanding": 417,
        "dilutedEPS": 1.46,
        "ebit": 834,
        "grossIncome": 1049,
        "interestExpense": 112,
        "interestIncomeExpense": 10,
        "minorityInterest": -36,
        "netIncome": 610,
        "netIncomeAfterTaxes": 648,
        "otherOperatingExpensesTotal": 2,
        "period": "2019-06-30",
        "pretaxIncome": 808,
        "provisionforIncomeTaxes": 160,
        "revenue": 28933,
        "sgaExpense": 199,
        "totalOperatingExpense": 215,
        "totalOtherIncomeExpenseNet": -36
      },
      {
        "costOfGoodsSold": 23650,
        "depreciationAmortization": 14,
        "dilutedAverageSharesOutstanding": 418,
        "dilutedEPS": 0.33,
        "ebit": 388,
        "grossIncome": 613,
        "interestExpense": 112,
        "interestIncomeExpense": -185,
        "minorityInterest": -26,
        "netIncome": 140,
        "netIncomeAfterTaxes": 167,
        "otherOperatingExpensesTotal": 2,
        "period": "2019-03-31",
        "pretaxIncome": 218,
        "provisionforIncomeTaxes": 51,
        "revenue": 24263,
        "sgaExpense": 209,
        "totalOperatingExpense": 225,
        "totalOtherIncomeExpenseNet": 15
      },
      {
        "costOfGoodsSold": 27234,
        "depreciationAmortization": 13,
        "dilutedAverageSharesOutstanding": 422,
        "dilutedEPS": 2.24,
        "ebit": 1249,
        "grossIncome": 1496,
        "interestExpense": 114,
        "interestIncomeExpense": -64,
        "minorityInterest": -70,
        "netIncome": 946,
        "netIncomeAfterTaxes": 1005,
        "nonRecurringItems": 0,
        "otherOperatingExpensesTotal": 4,
        "period": "2018-12-31",
        "pretaxIncome": 1227,
        "provisionforIncomeTaxes": 222,
        "revenue": 28730,
        "sgaExpense": 230,
        "totalOperatingExpense": 247,
        "totalOtherIncomeExpenseNet": 42
      },
      {
        "costOfGoodsSold": 29293,
        "depreciationAmortization": 13,
        "dilutedAverageSharesOutstanding": 427,
        "dilutedEPS": 2,
        "ebit": 1324,
        "grossIncome": 1556,
        "interestExpense": 111,
        "interestIncomeExpense": -216,
        "minorityInterest": -18,
        "netIncome": 855,
        "netIncomeAfterTaxes": 874,
        "otherOperatingExpensesTotal": 10,
        "period": "2018-09-30",
        "pretaxIncome": 1150,
        "provisionforIncomeTaxes": 276,
        "revenue": 30849,
        "sgaExpense": 209,
        "totalOperatingExpense": 232,
        "totalOtherIncomeExpenseNet": 42
      },
      {
        "costOfGoodsSold": 29482,
        "depreciationAmortization": 13,
        "dilutedAverageSharesOutstanding": 431,
        "dilutedEPS": 1.96,
        "ebit": 1251,
        "grossIncome": 1533,
        "interestExpense": 124,
        "interestIncomeExpense": -122,
        "minorityInterest": -30,
        "netIncome": 844,
        "netIncomeAfterTaxes": 875,
        "otherOperatingExpensesTotal": 21,
        "period": "2018-06-30",
        "pretaxIncome": 1124,
        "provisionforIncomeTaxes": 249,
        "revenue": 31015,
        "sgaExpense": 248,
        "totalOperatingExpense": 282,
        "totalOtherIncomeExpenseNet": -5
      },
      {
        "costOfGoodsSold": 25362,
        "depreciationAmortization": 13,
        "dilutedAverageSharesOutstanding": 432,
        "dilutedEPS": 1.08,
        "ebit": 816,
        "grossIncome": 1077,
        "interestExpense": 121,
        "interestIncomeExpense": -136,
        "minorityInterest": -113,
        "netIncome": 468,
        "netIncomeAfterTaxes": 582,
        "otherOperatingExpensesTotal": 10,
        "period": "2018-03-31",
        "pretaxIncome": 731,
        "provisionforIncomeTaxes": 149,
        "revenue": 26439,
        "sgaExpense": 238,
        "totalOperatingExpense": 261,
        "totalOtherIncomeExpenseNet": 51
      },
      {
        "costOfGoodsSold": 25204,
        "depreciationAmortization": 13,
        "dilutedAverageSharesOutstanding": 438,
        "dilutedEPS": 5.38,
        "ebit": 921,
        "grossIncome": 1188,
        "interestExpense": 114,
        "interestIncomeExpense": -192,
        "minorityInterest": -29,
        "netIncome": 2360,
        "netIncomeAfterTaxes": 538,
        "nonRecurringItems": 0,
        "otherOperatingExpensesTotal": 17,
        "period": "2017-12-31",
        "pretaxIncome": 765,
        "provisionforIncomeTaxes": 227,
        "revenue": 26392,
        "sgaExpense": 237,
        "totalOperatingExpense": 267,
        "totalOtherIncomeExpenseNet": 36
      },
      {
        "costOfGoodsSold": 21877,
        "depreciationAmortization": 13,
        "dilutedAverageSharesOutstanding": 441,
        "dilutedEPS": 1.9,
        "ebit": 1403,
        "grossIncome": 1685,
        "interestExpense": 114,
        "interestIncomeExpense": -185,
        "minorityInterest": -22,
        "netIncome": 840,
        "netIncomeAfterTaxes": 863,
        "otherOperatingExpensesTotal": 44,
        "period": "2017-09-30",
        "pretaxIncome": 1241,
        "provisionforIncomeTaxes": 378,
        "revenue": 23562,
        "sgaExpense": 225,
        "totalOperatingExpense": 282,
        "totalOtherIncomeExpenseNet": 23
      },
      {
        "costOfGoodsSold": 21207,
        "depreciationAmortization": 14,
        "dilutedAverageSharesOutstanding": 446,
        "dilutedEPS": 1.23,
        "ebit": 858,
        "grossIncome": 1047,
        "interestExpense": 119,
        "interestIncomeExpense": -117,
        "minorityInterest": -24,
        "netIncome": 547,
        "netIncomeAfterTaxes": 572,
        "otherOperatingExpensesTotal": 0,
        "period": "2017-06-30",
        "pretaxIncome": 768,
        "provisionforIncomeTaxes": 196,
        "revenue": 22254,
        "sgaExpense": 175,
        "totalOperatingExpense": 189,
        "totalOtherIncomeExpenseNet": 27
      },
      {
        "costOfGoodsSold": 20938,
        "depreciationAmortization": 12,
        "dilutedAverageSharesOutstanding": 451,
        "dilutedEPS": 0.67,
        "ebit": 630,
        "grossIncome": 834,
        "interestExpense": 121,
        "interestIncomeExpense": -223,
        "minorityInterest": -16,
        "netIncome": 304,
        "netIncomeAfterTaxes": 321,
        "otherOperatingExpensesTotal": 0,
        "period": "2017-03-31",
        "pretaxIncome": 433,
        "provisionforIncomeTaxes": 112,
        "revenue": 21772,
        "sgaExpense": 192,
        "totalOperatingExpense": 204,
        "totalOtherIncomeExpenseNet": 26
      },
      {
        "costOfGoodsSold": 19800,
        "dilutedAverageSharesOutstanding": 455,
        "dilutedEPS": 0.8,
        "ebit": 704,
        "grossIncome": 912,
        "interestExpense": 112,
        "interestIncomeExpense": -196,
        "minorityInterest": -49,
        "netIncome": 364,
        "netIncomeAfterTaxes": 416,
        "nonRecurringItems": 0,
        "period": "2016-12-31",
        "pretaxIncome": 529,
        "provisionforIncomeTaxes": 113,
        "revenue": 20712,
        "sgaExpense": 208,
        "totalOperatingExpense": 208,
        "totalOtherIncomeExpenseNet": 21
      },
      {
        "costOfGoodsSold": 18506,
        "dilutedAverageSharesOutstanding": 460,
        "dilutedEPS": 1.33,
        "ebit": 951,
        "grossIncome": 1143,
        "interestExpense": 115,
        "interestIncomeExpense": -174,
        "minorityInterest": -32,
        "netIncome": 613,
        "netIncomeAfterTaxes": 645,
        "nonRecurringItems": 0,
        "period": "2016-09-30",
        "pretaxIncome": 789,
        "provisionforIncomeTaxes": 144,
        "revenue": 19649,
        "sgaExpense": 192,
        "totalOperatingExpense": 192,
        "totalOtherIncomeExpenseNet": 12
      },
      {
        "costOfGoodsSold": 18250,
        "dilutedAverageSharesOutstanding": 470,
        "dilutedEPS": 1.73,
        "ebit": 1175,
        "grossIncome": 1334,
        "interestExpense": 111,
        "interestIncomeExpense": 1,
        "minorityInterest": -29,
        "netIncome": 814,
        "netIncomeAfterTaxes": 843,
        "nonRecurringItems": -56,
        "period": "2016-06-30",
        "pretaxIncome": 1134,
        "provisionforIncomeTaxes": 291,
        "revenue": 19584,
        "sgaExpense": 159,
        "totalOperatingExpense": 159,
        "totalOtherIncomeExpenseNet": 14
      },
      {
        "costOfGoodsSold": 14830,
        "dilutedAverageSharesOutstanding": 469,
        "dilutedEPS": 1.06,
        "ebit": 728,
        "grossIncome": 884,
        "interestExpense": 108,
        "interestIncomeExpense": -7,
        "minorityInterest": -18,
        "netIncome": 495,
        "netIncomeAfterTaxes": 513,
        "period": "2016-03-31",
        "pretaxIncome": 730,
        "provisionforIncomeTaxes": 217,
        "revenue": 15714,
        "sgaExpense": 156,
        "totalOperatingExpense": 156,
        "totalOtherIncomeExpenseNet": 9
      },
      {
        "costOfGoodsSold": 17685,
        "dilutedAverageSharesOutstanding": 482,
        "dilutedEPS": 0.61,
        "ebit": 886,
        "grossIncome": 1092,
        "interestExpense": 107,
        "interestIncomeExpense": -347,
        "minorityInterest": -97,
        "netIncome": 295,
        "netIncomeAfterTaxes": 395,
        "nonRecurringItems": 0,
        "period": "2015-12-31",
        "pretaxIncome": 550,
        "provisionforIncomeTaxes": 155,
        "revenue": 18777,
        "sgaExpense": 206,
        "totalOperatingExpense": 206,
        "totalOtherIncomeExpenseNet": 11
      },
      {
        "costOfGoodsSold": 18993,
        "dilutedAverageSharesOutstanding": 494,
        "dilutedEPS": 2.79,
        "ebit": 2305,
        "grossIncome": 3586,
        "interestExpense": 112,
        "interestIncomeExpense": -278,
        "minorityInterest": 4,
        "netIncome": 1377,
        "netIncomeAfterTaxes": 1373,
        "otherOperatingExpensesTotal": 1102,
        "period": "2015-09-30",
        "pretaxIncome": 2030,
        "provisionforIncomeTaxes": 657,
        "revenue": 22579,
        "sgaExpense": 179,
        "totalOperatingExpense": 1281,
        "totalOtherIncomeExpenseNet": 3
      }
    ],
    "symbol": "VLO"
  }
}