{
  "symbol": "HPQ",
  "statement": "ic",
  "frequency": "quarterly",
  "timestamp": "2025-09-19T14:01:44.014206",
  "data": {
    "financials": [
      {
        "costOfGoodsSold": 11081,
        "depreciationAmortization": 159,
        "dilutedAverageSharesOutstanding": 954,
        "dilutedEPS": 0.8,
        "ebit": 834,
        "grossIncome": 2851,
        "interestExpense": 111,
        "interestIncomeExpense": -92,
        "netIncome": 763,
        "netIncomeAfterTaxes": 763,
        "nonRecurringItems": -118,
        "period": "2025-07-31",
        "pretaxIncome": 624,
        "provisionforIncomeTaxes": -139,
        "researchDevelopment": 406,
        "revenue": 13932,
        "sgaExpense": 1452,
        "totalOperatingExpense": 2017
      },
      {
        "costOfGoodsSold": 10481,
        "depreciationAmortization": 65,
        "dilutedAverageSharesOutstanding": 956,
        "dilutedEPS": 0.42,
        "ebit": 793,
        "grossIncome": 2739,
        "interestExpense": 114,
        "interestIncomeExpense": -114,
        "netIncome": 406,
        "netIncomeAfterTaxes": 406,
        "nonRecurringItems": -139,
        "period": "2025-04-30",
        "pretaxIncome": 506,
        "provisionforIncomeTaxes": 100,
        "researchDevelopment": 401,
        "revenue": 13220,
        "sgaExpense": 1480,
        "totalOperatingExpense": 1946,
        "totalOtherIncomeExpenseNet": -34
      },
      {
        "costOfGoodsSold": 10664,
        "depreciationAmortization": 63,
        "dilutedAverageSharesOutstanding": 957,
        "dilutedEPS": 0.59,
        "ebit": 921,
        "grossIncome": 2840,
        "interestExpense": 104,
        "interestIncomeExpense": -104,
        "netIncome": 565,
        "netIncomeAfterTaxes": 565,
        "nonRecurringItems": -76,
        "period": "2025-01-31",
        "pretaxIncome": 704,
        "provisionforIncomeTaxes": 139,
        "researchDevelopment": 397,
        "revenue": 13504,
        "sgaExpense": 1459,
        "totalOperatingExpense": 1919,
        "totalOtherIncomeExpenseNet": -37
      },
      {
        "costOfGoodsSold": 11054,
        "depreciationAmortization": 76,
        "dilutedAverageSharesOutstanding": 974,
        "dilutedEPS": 0.93,
        "ebit": 1124,
        "grossIncome": 3001,
        "interestExpense": 109,
        "interestIncomeExpense": -109,
        "netIncome": 906,
        "netIncomeAfterTaxes": 906,
        "nonRecurringItems": -136,
        "period": "2024-10-31",
        "pretaxIncome": 862,
        "provisionforIncomeTaxes": -44,
        "researchDevelopment": 392,
        "revenue": 14055,
        "sgaExpense": 1409,
        "totalOperatingExpense": 1877,
        "totalOtherIncomeExpenseNet": -17
      },
      {
        "costOfGoodsSold": 10613,
        "depreciationAmortization": 81,
        "dilutedAverageSharesOutstanding": 990,
        "dilutedEPS": 0.65,
        "ebit": 1008,
        "grossIncome": 2906,
        "interestExpense": 111,
        "interestIncomeExpense": -111,
        "netIncome": 640,
        "netIncomeAfterTaxes": 640,
        "nonRecurringItems": -68,
        "period": "2024-07-31",
        "pretaxIncome": 827,
        "provisionforIncomeTaxes": 187,
        "researchDevelopment": 413,
        "revenue": 13519,
        "sgaExpense": 1404,
        "totalOperatingExpense": 1898,
        "totalOtherIncomeExpenseNet": -2
      },
      {
        "costOfGoodsSold": 9777,
        "depreciationAmortization": 80,
        "dilutedAverageSharesOutstanding": 990,
        "dilutedEPS": 0.61,
        "ebit": 1045,
        "grossIncome": 3023,
        "interestExpense": 122,
        "interestIncomeExpense": -122,
        "netIncome": 607,
        "netIncomeAfterTaxes": 607,
        "nonRecurringItems": -93,
        "period": "2024-04-30",
        "pretaxIncome": 797,
        "provisionforIncomeTaxes": 190,
        "researchDevelopment": 436,
        "revenue": 12800,
        "sgaExpense": 1462,
        "totalOperatingExpense": 1978,
        "totalOtherIncomeExpenseNet": -33
      },
      {
        "costOfGoodsSold": 10297,
        "depreciationAmortization": 81,
        "dilutedAverageSharesOutstanding": 1002,
        "dilutedEPS": 0.62,
        "ebit": 1025,
        "grossIncome": 2888,
        "interestExpense": 116,
        "interestIncomeExpense": -116,
        "netIncome": 622,
        "netIncomeAfterTaxes": 622,
        "nonRecurringItems": -90,
        "period": "2024-01-31",
        "pretaxIncome": 793,
        "provisionforIncomeTaxes": 171,
        "researchDevelopment": 399,
        "revenue": 13185,
        "sgaExpense": 1383,
        "totalOperatingExpense": 1863,
        "totalOtherIncomeExpenseNet": -26
      },
      {
        "costOfGoodsSold": 10832,
        "depreciationAmortization": 88,
        "dilutedAverageSharesOutstanding": 1003,
        "dilutedEPS": 0.97,
        "ebit": 1160,
        "grossIncome": 2985,
        "interestExpense": 119,
        "interestIncomeExpense": -119,
        "netIncome": 974,
        "netIncomeAfterTaxes": 974,
        "nonRecurringItems": -146,
        "period": "2023-10-31",
        "pretaxIncome": 852,
        "provisionforIncomeTaxes": -122,
        "researchDevelopment": 411,
        "revenue": 13817,
        "sgaExpense": 1326,
        "totalOperatingExpense": 1825,
        "totalOtherIncomeExpenseNet": -43
      },
      {
        "costOfGoodsSold": 10374,
        "depreciationAmortization": 91,
        "dilutedAverageSharesOutstanding": 1002,
        "dilutedEPS": 0.76,
        "ebit": 1075,
        "grossIncome": 2822,
        "interestExpense": 134,
        "interestIncomeExpense": -134,
        "netIncome": 766,
        "netIncomeAfterTaxes": 766,
        "nonRecurringItems": -8,
        "period": "2023-07-31",
        "pretaxIncome": 936,
        "provisionforIncomeTaxes": 170,
        "researchDevelopment": 354,
        "revenue": 13196,
        "sgaExpense": 1302,
        "totalOperatingExpense": 1747,
        "totalOtherIncomeExpenseNet": 3
      },
      {
        "costOfGoodsSold": 9993,
        "depreciationAmortization": 86,
        "dilutedAverageSharesOutstanding": 998,
        "dilutedEPS": 1.06,
        "ebit": 1021,
        "grossIncome": 2914,
        "interestExpense": 153,
        "interestIncomeExpense": -153,
        "netIncome": 1054,
        "netIncomeAfterTaxes": 1054,
        "nonRecurringItems": -274,
        "period": "2023-04-30",
        "pretaxIncome": 587,
        "provisionforIncomeTaxes": -467,
        "researchDevelopment": 410,
        "revenue": 12907,
        "sgaExpense": 1397,
        "totalOperatingExpense": 1893,
        "totalOtherIncomeExpenseNet": -7
      },
      {
        "costOfGoodsSold": 11011,
        "depreciationAmortization": 85,
        "dilutedAverageSharesOutstanding": 996,
        "dilutedEPS": 0.47,
        "ebit": 968,
        "grossIncome": 2787,
        "interestExpense": 143,
        "interestIncomeExpense": -143,
        "netIncome": 469,
        "netIncomeAfterTaxes": 469,
        "nonRecurringItems": -233,
        "period": "2023-01-31",
        "pretaxIncome": 562,
        "provisionforIncomeTaxes": 93,
        "researchDevelopment": 403,
        "revenue": 13798,
        "sgaExpense": 1331,
        "totalOperatingExpense": 1819,
        "totalOtherIncomeExpenseNet": -30
      },
      {
        "costOfGoodsSold": 12083,
        "depreciationAmortization": 74,
        "dilutedAverageSharesOutstanding": 996,
        "dilutedEPS": -0.07,
        "ebit": 940,
        "grossIncome": 2645,
        "interestExpense": 130,
        "interestIncomeExpense": -130,
        "netIncome": -73,
        "netIncomeAfterTaxes": -73,
        "nonRecurringItems": -290,
        "period": "2022-10-31",
        "pretaxIncome": 556,
        "provisionforIncomeTaxes": 629,
        "researchDevelopment": 442,
        "revenue": 14728,
        "sgaExpense": 1189,
        "totalOperatingExpense": 1705,
        "totalOtherIncomeExpenseNet": 36
      },
      {
        "costOfGoodsSold": 11764,
        "depreciationAmortization": 50,
        "dilutedAverageSharesOutstanding": 1035,
        "dilutedEPS": 1.08,
        "ebit": 1323,
        "grossIncome": 2884,
        "interestExpense": 96,
        "interestIncomeExpense": -96,
        "netIncome": 1122,
        "netIncomeAfterTaxes": 1122,
        "nonRecurringItems": -67,
        "period": "2022-07-31",
        "pretaxIncome": 1186,
        "provisionforIncomeTaxes": 64,
        "researchDevelopment": 368,
        "revenue": 14648,
        "sgaExpense": 1143,
        "totalOperatingExpense": 1561,
        "totalOtherIncomeExpenseNet": 26
      },
      {
        "costOfGoodsSold": 13157,
        "depreciationAmortization": 52,
        "dilutedAverageSharesOutstanding": 1016.533,
        "dilutedEPS": 0.94,
        "ebit": 1302,
        "grossIncome": 3303,
        "interestExpense": 72,
        "interestIncomeExpense": -72,
        "netIncome": 947,
        "netIncomeAfterTaxes": 947,
        "nonRecurringItems": -99,
        "period": "2022-04-30",
        "pretaxIncome": 1164,
        "provisionforIncomeTaxes": 217,
        "researchDevelopment": 485,
        "revenue": 16460,
        "sgaExpense": 1464,
        "totalOperatingExpense": 2001,
        "totalOtherIncomeExpenseNet": 33
      },
      {
        "costOfGoodsSold": 13643,
        "depreciationAmortization": 52,
        "dilutedAverageSharesOutstanding": 1094,
        "dilutedEPS": 0.99,
        "ebit": 1447,
        "grossIncome": 3385,
        "interestExpense": 61,
        "interestIncomeExpense": -61,
        "netIncome": 1086,
        "netIncomeAfterTaxes": 1086,
        "nonRecurringItems": -88,
        "period": "2022-01-31",
        "pretaxIncome": 1327,
        "provisionforIncomeTaxes": 241,
        "researchDevelopment": 418,
        "revenue": 17028,
        "sgaExpense": 1468,
        "totalOperatingExpense": 1938,
        "totalOtherIncomeExpenseNet": 29
      },
      {
        "costOfGoodsSold": 13393,
        "depreciationAmortization": 51,
        "dilutedAverageSharesOutstanding": 1139,
        "dilutedEPS": 2.75,
        "ebit": 1358,
        "grossIncome": 3255,
        "interestExpense": 61,
        "interestIncomeExpense": -61,
        "netIncome": 3137,
        "netIncomeAfterTaxes": 3137,
        "nonRecurringItems": 2241,
        "period": "2021-10-31",
        "pretaxIncome": 3610,
        "provisionforIncomeTaxes": 473,
        "researchDevelopment": 386,
        "revenue": 16648,
        "sgaExpense": 1460,
        "totalOperatingExpense": 1897,
        "totalOtherIncomeExpenseNet": 72
      },
      {
        "costOfGoodsSold": 11901,
        "depreciationAmortization": 42,
        "dilutedAverageSharesOutstanding": 1199,
        "dilutedEPS": 0.92,
        "ebit": 1461,
        "grossIncome": 3388,
        "interestExpense": 68,
        "interestIncomeExpense": -68,
        "netIncome": 1108,
        "netIncomeAfterTaxes": 1108,
        "nonRecurringItems": -96,
        "period": "2021-07-31",
        "pretaxIncome": 1326,
        "provisionforIncomeTaxes": 218,
        "researchDevelopment": 477,
        "revenue": 15289,
        "sgaExpense": 1408,
        "totalOperatingExpense": 1927,
        "totalOtherIncomeExpenseNet": 29
      },
      {
        "costOfGoodsSold": 12437,
        "depreciationAmortization": 32,
        "dilutedAverageSharesOutstanding": 1247,
        "dilutedEPS": 0.98,
        "ebit": 1411,
        "grossIncome": 3440,
        "interestExpense": 64,
        "interestIncomeExpense": -64,
        "netIncome": 1228,
        "netIncomeAfterTaxes": 1228,
        "nonRecurringItems": -49,
        "period": "2021-04-30",
        "pretaxIncome": 1336,
        "provisionforIncomeTaxes": 108,
        "researchDevelopment": 514,
        "revenue": 15877,
        "sgaExpense": 1483,
        "totalOperatingExpense": 2029,
        "totalOtherIncomeExpenseNet": 38
      },
      {
        "costOfGoodsSold": 12322,
        "depreciationAmortization": 29,
        "dilutedAverageSharesOutstanding": 1293,
        "dilutedEPS": 0.83,
        "ebit": 1448,
        "grossIncome": 3324,
        "interestExpense": 63,
        "interestIncomeExpense": -63,
        "netIncome": 1068,
        "netIncomeAfterTaxes": 1068,
        "nonRecurringItems": -127,
        "period": "2021-01-31",
        "pretaxIncome": 1296,
        "provisionforIncomeTaxes": 228,
        "researchDevelopment": 471,
        "revenue": 15646,
        "sgaExpense": 1376,
        "totalOperatingExpense": 1876,
        "totalOtherIncomeExpenseNet": 38
      },
      {
        "costOfGoodsSold": 12579,
        "depreciationAmortization": 29,
        "dilutedAverageSharesOutstanding": 1357,
        "dilutedEPS": 0.49,
        "ebit": 1025,
        "grossIncome": 2679,
        "interestExpense": 63,
        "interestIncomeExpense": -63,
        "netIncome": 668,
        "netIncomeAfterTaxes": 668,
        "nonRecurringItems": -33,
        "period": "2020-10-31",
        "pretaxIncome": 776,
        "provisionforIncomeTaxes": 108,
        "researchDevelopment": 381,
        "revenue": 15258,
        "sgaExpense": 1244,
        "totalOperatingExpense": 1654,
        "totalOtherIncomeExpenseNet": -153
      },
      {
        "costOfGoodsSold": 11901,
        "depreciationAmortization": 29,
        "dilutedAverageSharesOutstanding": 1423,
        "dilutedEPS": 0.52,
        "ebit": 849,
        "grossIncome": 2393,
        "interestExpense": 55,
        "interestIncomeExpense": -55,
        "netIncome": 734,
        "netIncomeAfterTaxes": 734,
        "nonRecurringItems": -110,
        "period": "2020-07-31",
        "pretaxIncome": 751,
        "provisionforIncomeTaxes": 17,
        "researchDevelopment": 359,
        "revenue": 14294,
        "sgaExpense": 1156,
        "totalOperatingExpense": 1544,
        "totalOtherIncomeExpenseNet": 67
      },
      {
        "costOfGoodsSold": 9976,
        "depreciationAmortization": 29,
        "dilutedAverageSharesOutstanding": 1440,
        "dilutedEPS": 0.53,
        "ebit": 910,
        "grossIncome": 2493,
        "interestExpense": 64,
        "interestIncomeExpense": -39,
        "netIncome": 764,
        "netIncomeAfterTaxes": 764,
        "nonRecurringItems": -84,
        "period": "2020-04-30",
        "pretaxIncome": 826,
        "provisionforIncomeTaxes": 62,
        "researchDevelopment": 338,
        "revenue": 12469,
        "sgaExpense": 1216,
        "totalOperatingExpense": 1583,
        "totalOtherIncomeExpenseNet": 39
      },
      {
        "costOfGoodsSold": 11746,
        "depreciationAmortization": 26,
        "dilutedAverageSharesOutstanding": 1460,
        "dilutedEPS": 0.46,
        "ebit": 1156,
        "grossIncome": 2872,
        "interestExpense": 58,
        "interestIncomeExpense": -61,
        "netIncome": 678,
        "netIncomeAfterTaxes": 678,
        "nonRecurringItems": -291,
        "period": "2020-01-31",
        "pretaxIncome": 878,
        "provisionforIncomeTaxes": 200,
        "researchDevelopment": 400,
        "revenue": 14618,
        "sgaExpense": 1290,
        "totalOperatingExpense": 1716,
        "totalOtherIncomeExpenseNet": 74
      },
      {
        "costOfGoodsSold": 12483,
        "depreciationAmortization": 29,
        "dilutedAverageSharesOutstanding": 1485,
        "dilutedEPS": 0.26,
        "ebit": 1101,
        "grossIncome": 2924,
        "interestExpense": 60,
        "interestIncomeExpense": -37,
        "netIncome": 388,
        "netIncomeAfterTaxes": 388,
        "nonRecurringItems": -157,
        "period": "2019-10-31",
        "pretaxIncome": 492,
        "provisionforIncomeTaxes": 104,
        "researchDevelopment": 389,
        "revenue": 15407,
        "sgaExpense": 1405,
        "totalOperatingExpense": 1823,
        "totalOtherIncomeExpenseNet": -415
      },
      {
        "costOfGoodsSold": 11698,
        "depreciationAmortization": 29,
        "dilutedAverageSharesOutstanding": 1508,
        "dilutedEPS": 0.78,
        "ebit": 1087,
        "grossIncome": 2905,
        "interestExpense": 57,
        "interestIncomeExpense": -119,
        "netIncome": 1179,
        "netIncomeAfterTaxes": 1122,
        "nonRecurringItems": -8,
        "period": "2019-07-31",
        "pretaxIncome": 248,
        "provisionforIncomeTaxes": -874,
        "researchDevelopment": 413,
        "revenue": 14603,
        "sgaExpense": 1376,
        "totalOperatingExpense": 1818,
        "totalOtherIncomeExpenseNet": -712
      },
      {
        "costOfGoodsSold": 11307,
        "depreciationAmortization": 29,
        "dilutedAverageSharesOutstanding": 1536,
        "dilutedEPS": 0.51,
        "ebit": 1008,
        "grossIncome": 2729,
        "interestExpense": 61,
        "interestIncomeExpense": -74,
        "netIncome": 782,
        "netIncomeAfterTaxes": 782,
        "nonRecurringItems": -80,
        "period": "2019-04-30",
        "pretaxIncome": 883,
        "provisionforIncomeTaxes": 101,
        "researchDevelopment": 353,
        "revenue": 14036,
        "sgaExpense": 1339,
        "totalOperatingExpense": 1721,
        "totalOtherIncomeExpenseNet": 29
      },
      {
        "costOfGoodsSold": 12098,
        "depreciationAmortization": 29,
        "dilutedAverageSharesOutstanding": 1567,
        "dilutedEPS": 0.5,
        "ebit": 991,
        "grossIncome": 2612,
        "interestExpense": 64,
        "interestIncomeExpense": -90,
        "netIncome": 803,
        "netIncomeAfterTaxes": 782,
        "nonRecurringItems": -65,
        "period": "2019-01-31",
        "pretaxIncome": 900,
        "provisionforIncomeTaxes": 118,
        "researchDevelopment": 344,
        "revenue": 14710,
        "sgaExpense": 1248,
        "totalOperatingExpense": 1621,
        "totalOtherIncomeExpenseNet": 64
      },
      {
        "costOfGoodsSold": 12669,
        "depreciationAmortization": 20,
        "dilutedAverageSharesOutstanding": 1601,
        "dilutedEPS": 0.9,
        "ebit": 1060,
        "grossIncome": 2697,
        "interestExpense": 71,
        "interestIncomeExpense": -42,
        "netIncome": 1451,
        "netIncomeAfterTaxes": 1551,
        "nonRecurringItems": -66,
        "period": "2018-10-31",
        "pretaxIncome": 1007,
        "provisionforIncomeTaxes": -544,
        "researchDevelopment": 354,
        "revenue": 15366,
        "sgaExpense": 1263,
        "totalOperatingExpense": 1637,
        "totalOtherIncomeExpenseNet": 55
      },
      {
        "costOfGoodsSold": 11898,
        "depreciationAmortization": 20,
        "dilutedAverageSharesOutstanding": 1618,
        "dilutedEPS": 0.54,
        "ebit": 1032,
        "grossIncome": 2688,
        "interestExpense": 66,
        "interestIncomeExpense": -60,
        "netIncome": 880,
        "netIncomeAfterTaxes": 873,
        "nonRecurringItems": -14,
        "period": "2018-07-31",
        "pretaxIncome": 1018,
        "provisionforIncomeTaxes": 145,
        "researchDevelopment": 347,
        "revenue": 14586,
        "sgaExpense": 1289,
        "totalOperatingExpense": 1656,
        "totalOtherIncomeExpenseNet": 60
      },
      {
        "costOfGoodsSold": 11301,
        "depreciationAmortization": 20,
        "dilutedAverageSharesOutstanding": 1646,
        "dilutedEPS": 0.64,
        "ebit": 1066,
        "grossIncome": 2702,
        "interestExpense": 88,
        "interestIncomeExpense": -109,
        "netIncome": 1058,
        "netIncomeAfterTaxes": 294,
        "nonRecurringItems": -228,
        "period": "2018-04-30",
        "pretaxIncome": 83,
        "provisionforIncomeTaxes": -211,
        "researchDevelopment": 356,
        "revenue": 14003,
        "sgaExpense": 1260,
        "totalOperatingExpense": 1636,
        "totalOtherIncomeExpenseNet": -646
      },
      {
        "costOfGoodsSold": 11935,
        "depreciationAmortization": 20,
        "dilutedAverageSharesOutstanding": 1669,
        "dilutedEPS": 1.16,
        "ebit": 1046,
        "grossIncome": 2582,
        "interestExpense": 87,
        "interestIncomeExpense": -115,
        "netIncome": 1938,
        "netIncomeAfterTaxes": 838,
        "nonRecurringItems": -73,
        "period": "2018-01-31",
        "pretaxIncome": 905,
        "provisionforIncomeTaxes": 67,
        "researchDevelopment": 347,
        "revenue": 14517,
        "sgaExpense": 1169,
        "totalOperatingExpense": 1536,
        "totalOtherIncomeExpenseNet": 47
      },
      {
        "costOfGoodsSold": 11407,
        "depreciationAmortization": 0,
        "dilutedAverageSharesOutstanding": 1693,
        "dilutedEPS": 0.39,
        "ebit": 897,
        "grossIncome": 2520,
        "interestIncomeExpense": -1,
        "netIncome": 660,
        "netIncomeAfterTaxes": 660,
        "nonRecurringItems": -162,
        "period": "2017-10-31",
        "pretaxIncome": 848,
        "provisionforIncomeTaxes": 188,
        "researchDevelopment": 291,
        "revenue": 13927,
        "sgaExpense": 1332,
        "totalOperatingExpense": 1623,
        "totalOtherIncomeExpenseNet": 114
      },
      {
        "costOfGoodsSold": 10633,
        "depreciationAmortization": 0,
        "dilutedAverageSharesOutstanding": 1695,
        "dilutedEPS": 0.41,
        "ebit": 1042,
        "grossIncome": 2427,
        "interestIncomeExpense": 17,
        "netIncome": 696,
        "netIncomeAfterTaxes": 696,
        "nonRecurringItems": -87,
        "period": "2017-07-31",
        "pretaxIncome": 899,
        "provisionforIncomeTaxes": 203,
        "researchDevelopment": 289,
        "revenue": 13060,
        "sgaExpense": 1096,
        "totalOperatingExpense": 1385,
        "totalOtherIncomeExpenseNet": -73
      },
      {
        "costOfGoodsSold": 10002,
        "depreciationAmortization": 1,
        "dilutedAverageSharesOutstanding": 1709,
        "dilutedEPS": 0.33,
        "ebit": 981,
        "grossIncome": 2383,
        "interestIncomeExpense": -46,
        "netIncome": 559,
        "netIncomeAfterTaxes": 559,
        "nonRecurringItems": -163,
        "period": "2017-04-30",
        "pretaxIncome": 754,
        "provisionforIncomeTaxes": 195,
        "researchDevelopment": 314,
        "revenue": 12385,
        "sgaExpense": 1087,
        "totalOperatingExpense": 1402,
        "totalOtherIncomeExpenseNet": -18
      },
      {
        "costOfGoodsSold": 10436,
        "depreciationAmortization": 0,
        "dilutedAverageSharesOutstanding": 1721,
        "dilutedEPS": 0.36,
        "ebit": 935,
        "grossIncome": 2248,
        "interestIncomeExpense": 1,
        "netIncome": 611,
        "netIncomeAfterTaxes": 611,
        "nonRecurringItems": -79,
        "period": "2017-01-31",
        "pretaxIncome": 775,
        "provisionforIncomeTaxes": 164,
        "researchDevelopment": 296,
        "revenue": 12684,
        "sgaExpense": 1017,
        "totalOperatingExpense": 1313,
        "totalOtherIncomeExpenseNet": -82
      },
      {
        "costOfGoodsSold": 10221,
        "depreciationAmortization": 0,
        "dilutedAverageSharesOutstanding": 1731,
        "dilutedEPS": 0.3,
        "ebit": 891,
        "grossIncome": 2291,
        "interestIncomeExpense": -21,
        "netIncome": 492,
        "netIncomeAfterTaxes": 513,
        "nonRecurringItems": -228,
        "period": "2016-10-31",
        "pretaxIncome": 1010,
        "provisionforIncomeTaxes": 497,
        "researchDevelopment": 318,
        "revenue": 12512,
        "sgaExpense": 1082,
        "totalOperatingExpense": 1400,
        "totalOtherIncomeExpenseNet": 368
      },
      {
        "costOfGoodsSold": 9720,
        "depreciationAmortization": 2,
        "dilutedAverageSharesOutstanding": 1725,
        "dilutedEPS": 0.45,
        "ebit": 1153,
        "grossIncome": 2172,
        "interestIncomeExpense": -10,
        "netIncome": 783,
        "netIncomeAfterTaxes": 843,
        "nonRecurringItems": -36,
        "period": "2016-07-31",
        "pretaxIncome": 1081,
        "provisionforIncomeTaxes": 238,
        "researchDevelopment": 298,
        "revenue": 11892,
        "sgaExpense": 719,
        "totalOperatingExpense": 1019,
        "totalOtherIncomeExpenseNet": -26
      },
      {
        "costOfGoodsSold": 9338,
        "depreciationAmortization": 6,
        "dilutedAverageSharesOutstanding": 1731,
        "dilutedEPS": 0.38,
        "ebit": 941,
        "grossIncome": 2250,
        "interestIncomeExpense": -22,
        "netIncome": 629,
        "netIncomeAfterTaxes": 660,
        "nonRecurringItems": -100,
        "period": "2016-04-30",
        "pretaxIncome": 836,
        "provisionforIncomeTaxes": 176,
        "researchDevelopment": 301,
        "revenue": 11588,
        "sgaExpense": 1002,
        "totalOperatingExpense": 1309,
        "totalOtherIncomeExpenseNet": 17
      },
      {
        "costOfGoodsSold": 9961,
        "depreciationAmortization": 8,
        "dilutedAverageSharesOutstanding": 1785,
        "dilutedEPS": 0.33,
        "ebit": 948,
        "grossIncome": 2285,
        "interestIncomeExpense": 13,
        "netIncome": 592,
        "netIncomeAfterTaxes": 650,
        "nonRecurringItems": -20,
        "period": "2016-01-31",
        "pretaxIncome": 834,
        "provisionforIncomeTaxes": 184,
        "researchDevelopment": 292,
        "revenue": 12246,
        "sgaExpense": 1037,
        "totalOperatingExpense": 1337,
        "totalOtherIncomeExpenseNet": -107
      },
      {
        "costOfGoodsSold": 9900,
        "depreciationAmortization": 26,
        "dilutedAverageSharesOutstanding": 1818,
        "dilutedEPS": 0.72,
        "ebit": 846,
        "grossIncome": 2366,
        "interestIncomeExpense": 73,
        "netIncome": 1323,
        "netIncomeAfterTaxes": 1515,
        "nonRecurringItems": -48,
        "period": "2015-10-31",
        "pretaxIncome": 699,
        "provisionforIncomeTaxes": -816,
        "researchDevelopment": 282,
        "revenue": 12266,
        "sgaExpense": 1212,
        "totalOperatingExpense": 1520,
        "totalOtherIncomeExpenseNet": -172
      }
    ],
    "symbol": "HPQ"
  }
}