{
  "symbol": "BKR",
  "statement": "ic",
  "frequency": "quarterly",
  "timestamp": "2025-09-19T13:56:36.064291",
  "data": {
    "financials": [
      {
        "costOfGoodsSold": 5295,
        "dilutedAverageSharesOutstanding": 991,
        "dilutedEPS": 0.7074,
        "ebit": 887,
        "grossIncome": 1615,
        "interestIncomeExpense": 65,
        "minorityInterest": -10,
        "netIncome": 701,
        "netIncomeAfterTaxes": 711,
        "period": "2025-06-30",
        "pretaxIncome": 967,
        "provisionforIncomeTaxes": 256,
        "researchDevelopment": 161,
        "revenue": 6910,
        "sgaExpense": 567,
        "totalOperatingExpense": 728,
        "totalOtherIncomeExpenseNet": 15
      },
      {
        "costOfGoodsSold": 4952,
        "dilutedAverageSharesOutstanding": 999,
        "dilutedEPS": 0.4024,
        "ebit": 752,
        "grossIncome": 1475,
        "interestIncomeExpense": -191,
        "minorityInterest": -7,
        "netIncome": 402,
        "netIncomeAfterTaxes": 409,
        "period": "2025-03-31",
        "pretaxIncome": 561,
        "provisionforIncomeTaxes": 152,
        "researchDevelopment": 146,
        "revenue": 6427,
        "sgaExpense": 577,
        "totalOperatingExpense": 723
      },
      {
        "costOfGoodsSold": 5761,
        "dilutedAverageSharesOutstanding": 1001,
        "dilutedEPS": 1.1778,
        "ebit": 1018,
        "grossIncome": 1603,
        "interestIncomeExpense": 141,
        "minorityInterest": -12,
        "netIncome": 1179,
        "netIncomeAfterTaxes": 1191,
        "nonRecurringItems": -353,
        "period": "2024-12-31",
        "pretaxIncome": 792,
        "provisionforIncomeTaxes": -399,
        "revenue": 7364,
        "sgaExpense": 585,
        "totalOperatingExpense": 585,
        "totalOtherIncomeExpenseNet": -14
      },
      {
        "costOfGoodsSold": 5366,
        "dilutedAverageSharesOutstanding": 999,
        "dilutedEPS": 0.7668,
        "ebit": 930,
        "grossIncome": 1542,
        "interestIncomeExpense": 44,
        "minorityInterest": -8,
        "netIncome": 766,
        "netIncomeAfterTaxes": 774,
        "nonRecurringItems": 0,
        "period": "2024-09-30",
        "pretaxIncome": 1009,
        "provisionforIncomeTaxes": 235,
        "revenue": 6908,
        "sgaExpense": 612,
        "totalOperatingExpense": 612,
        "totalOtherIncomeExpenseNet": 35
      },
      {
        "costOfGoodsSold": 5649,
        "dilutedAverageSharesOutstanding": 1001,
        "dilutedEPS": 0.5784,
        "ebit": 847,
        "grossIncome": 1490,
        "interestIncomeExpense": -28,
        "minorityInterest": -2,
        "netIncome": 579,
        "netIncomeAfterTaxes": 581,
        "nonRecurringItems": -14,
        "period": "2024-06-30",
        "pretaxIncome": 824,
        "provisionforIncomeTaxes": 243,
        "revenue": 7139,
        "sgaExpense": 643,
        "totalOperatingExpense": 643,
        "totalOtherIncomeExpenseNet": 19
      },
      {
        "costOfGoodsSold": 5140,
        "dilutedAverageSharesOutstanding": 1004,
        "dilutedEPS": 0.4532,
        "ebit": 660,
        "grossIncome": 1278,
        "interestIncomeExpense": 11,
        "minorityInterest": -8,
        "netIncome": 455,
        "netIncomeAfterTaxes": 463,
        "nonRecurringItems": -7,
        "period": "2024-03-31",
        "pretaxIncome": 641,
        "provisionforIncomeTaxes": 178,
        "revenue": 6418,
        "sgaExpense": 618,
        "totalOperatingExpense": 618,
        "totalOtherIncomeExpenseNet": -23
      },
      {
        "costOfGoodsSold": 5386,
        "dilutedAverageSharesOutstanding": 1012,
        "dilutedEPS": 0.4348,
        "ebit": 815,
        "grossIncome": 1449,
        "interestIncomeExpense": -129,
        "minorityInterest": -11,
        "netIncome": 440,
        "netIncomeAfterTaxes": 451,
        "nonRecurringItems": -164,
        "otherOperatingExpensesTotal": 1,
        "period": "2023-12-31",
        "pretaxIncome": 522,
        "provisionforIncomeTaxes": 71,
        "revenue": 6835,
        "sgaExpense": 634,
        "totalOperatingExpense": 634,
        "totalOtherIncomeExpenseNet": 0
      },
      {
        "costOfGoodsSold": 5298,
        "dilutedAverageSharesOutstanding": 1017,
        "dilutedEPS": 0.51,
        "ebit": 716,
        "grossIncome": 1343,
        "interestIncomeExpense": 50,
        "minorityInterest": -6,
        "netIncome": 518,
        "netIncomeAfterTaxes": 524,
        "nonRecurringItems": -2,
        "period": "2023-09-30",
        "pretaxIncome": 759,
        "provisionforIncomeTaxes": 235,
        "revenue": 6641,
        "sgaExpense": 627,
        "totalOperatingExpense": 627,
        "totalOtherIncomeExpenseNet": -5
      },
      {
        "costOfGoodsSold": 4989,
        "dilutedAverageSharesOutstanding": 1015,
        "dilutedEPS": 0.4,
        "ebit": 631,
        "grossIncome": 1326,
        "interestIncomeExpense": 90,
        "minorityInterest": -4,
        "netIncome": 410,
        "netIncomeAfterTaxes": 414,
        "nonRecurringItems": -117,
        "period": "2023-06-30",
        "pretaxIncome": 614,
        "provisionforIncomeTaxes": 200,
        "revenue": 6315,
        "sgaExpense": 695,
        "totalOperatingExpense": 695,
        "totalOtherIncomeExpenseNet": 10
      },
      {
        "costOfGoodsSold": 4549,
        "dilutedAverageSharesOutstanding": 1018,
        "dilutedEPS": 0.57,
        "ebit": 512,
        "grossIncome": 1167,
        "interestIncomeExpense": 328,
        "minorityInterest": -5,
        "netIncome": 576,
        "netIncomeAfterTaxes": 581,
        "nonRecurringItems": -74,
        "period": "2023-03-31",
        "pretaxIncome": 760,
        "provisionforIncomeTaxes": 179,
        "revenue": 5716,
        "sgaExpense": 655,
        "totalOperatingExpense": 655,
        "totalOtherIncomeExpenseNet": -6
      },
      {
        "costOfGoodsSold": 4568,
        "dilutedAverageSharesOutstanding": 999,
        "dilutedEPS": 0.18,
        "ebit": 692,
        "grossIncome": 1337,
        "interestIncomeExpense": -165,
        "minorityInterest": -6,
        "netIncome": 182,
        "netIncomeAfterTaxes": 188,
        "nonRecurringItems": -54,
        "period": "2022-12-31",
        "pretaxIncome": 345,
        "provisionforIncomeTaxes": 157,
        "revenue": 5905,
        "sgaExpense": 645,
        "totalOperatingExpense": 645,
        "totalOtherIncomeExpenseNet": -128
      },
      {
        "costOfGoodsSold": 4245,
        "dilutedAverageSharesOutstanding": 1008,
        "dilutedEPS": -0.02,
        "ebit": 504,
        "grossIncome": 1124,
        "interestIncomeExpense": -117,
        "minorityInterest": -8,
        "netIncome": -17,
        "netIncomeAfterTaxes": -9,
        "nonRecurringItems": -235,
        "period": "2022-09-30",
        "pretaxIncome": 144,
        "provisionforIncomeTaxes": 153,
        "revenue": 5369,
        "sgaExpense": 620,
        "totalOperatingExpense": 620,
        "totalOtherIncomeExpenseNet": -8
      },
      {
        "costOfGoodsSold": 4046,
        "dilutedAverageSharesOutstanding": 1001,
        "dilutedEPS": -0.84,
        "ebit": 377,
        "grossIncome": 1001,
        "interestIncomeExpense": -183,
        "minorityInterest": -2,
        "netIncome": -839,
        "netIncomeAfterTaxes": -837,
        "nonRecurringItems": -828,
        "period": "2022-06-30",
        "pretaxIncome": -655,
        "provisionforIncomeTaxes": 182,
        "revenue": 5047,
        "sgaExpense": 624,
        "totalOperatingExpense": 624,
        "totalOtherIncomeExpenseNet": -21
      },
      {
        "costOfGoodsSold": 3865,
        "dilutedAverageSharesOutstanding": 948,
        "dilutedEPS": 0.08,
        "ebit": 349,
        "grossIncome": 970,
        "interestIncomeExpense": -53,
        "minorityInterest": -8,
        "netIncome": 72,
        "netIncomeAfterTaxes": 80,
        "nonRecurringItems": -70,
        "period": "2022-03-31",
        "pretaxIncome": 187,
        "provisionforIncomeTaxes": 107,
        "revenue": 4835,
        "sgaExpense": 621,
        "totalOperatingExpense": 621,
        "totalOtherIncomeExpenseNet": -39
      },
      {
        "costOfGoodsSold": 4280,
        "dilutedAverageSharesOutstanding": 899,
        "dilutedEPS": 0.33,
        "ebit": 571,
        "grossIncome": 1205,
        "interestIncomeExpense": -224,
        "minorityInterest": -43,
        "netIncome": 293,
        "netIncomeAfterTaxes": 336,
        "nonRecurringItems": 3,
        "period": "2021-12-31",
        "pretaxIncome": 688,
        "provisionforIncomeTaxes": 352,
        "revenue": 5485,
        "sgaExpense": 634,
        "totalOperatingExpense": 634,
        "totalOtherIncomeExpenseNet": 338
      },
      {
        "costOfGoodsSold": 4083,
        "dilutedAverageSharesOutstanding": 857,
        "dilutedEPS": 0.01,
        "ebit": 403,
        "grossIncome": 1010,
        "interestIncomeExpense": -207,
        "minorityInterest": -8,
        "netIncome": 8,
        "netIncomeAfterTaxes": 16,
        "nonRecurringItems": -25,
        "period": "2021-09-30",
        "pretaxIncome": 209,
        "provisionforIncomeTaxes": 193,
        "revenue": 5093,
        "sgaExpense": 607,
        "totalOperatingExpense": 607,
        "totalOtherIncomeExpenseNet": 38
      },
      {
        "costOfGoodsSold": 4166,
        "dilutedAverageSharesOutstanding": 806,
        "dilutedEPS": -0.08,
        "ebit": 334,
        "grossIncome": 976,
        "interestIncomeExpense": -92,
        "minorityInterest": 9,
        "netIncome": -68,
        "netIncomeAfterTaxes": -77,
        "nonRecurringItems": -140,
        "period": "2021-06-30",
        "pretaxIncome": 66,
        "provisionforIncomeTaxes": 143,
        "revenue": 5142,
        "sgaExpense": 642,
        "totalOperatingExpense": 642,
        "totalOtherIncomeExpenseNet": -36
      },
      {
        "costOfGoodsSold": 3924,
        "dilutedAverageSharesOutstanding": 740,
        "dilutedEPS": -0.61,
        "ebit": 271,
        "grossIncome": 858,
        "interestIncomeExpense": -862,
        "minorityInterest": 153,
        "netIncome": -452,
        "netIncomeAfterTaxes": -605,
        "nonRecurringItems": 14,
        "period": "2021-03-31",
        "pretaxIncome": -536,
        "provisionforIncomeTaxes": 69,
        "revenue": 4782,
        "sgaExpense": 587,
        "totalOperatingExpense": 587,
        "totalOtherIncomeExpenseNet": 41
      },
      {
        "costOfGoodsSold": 4486,
        "dilutedAverageSharesOutstanding": 714,
        "dilutedEPS": 0.91,
        "ebit": 435,
        "grossIncome": 1009,
        "interestIncomeExpense": -69,
        "minorityInterest": -299,
        "netIncome": 652,
        "netIncomeAfterTaxes": 834,
        "nonRecurringItems": -253,
        "period": "2020-12-31",
        "pretaxIncome": 1520,
        "provisionforIncomeTaxes": 686,
        "revenue": 5495,
        "sgaExpense": 574,
        "totalOperatingExpense": 574,
        "totalOtherIncomeExpenseNet": 1407
      },
      {
        "costOfGoodsSold": 4292,
        "dilutedAverageSharesOutstanding": 676,
        "dilutedEPS": -0.25,
        "ebit": 192,
        "grossIncome": 757,
        "interestIncomeExpense": -66,
        "minorityInterest": 100,
        "netIncome": -170,
        "netIncomeAfterTaxes": -270,
        "nonRecurringItems": -241,
        "period": "2020-09-30",
        "pretaxIncome": -264,
        "provisionforIncomeTaxes": 6,
        "revenue": 5049,
        "sgaExpense": 565,
        "totalOperatingExpense": 565,
        "totalOtherIncomeExpenseNet": -149
      },
      {
        "costOfGoodsSold": 4042,
        "dilutedAverageSharesOutstanding": 655,
        "dilutedEPS": -0.3,
        "ebit": 104,
        "grossIncome": 694,
        "interestIncomeExpense": -69,
        "minorityInterest": 149,
        "netIncome": -195,
        "netIncomeAfterTaxes": -344,
        "nonRecurringItems": -156,
        "period": "2020-06-30",
        "pretaxIncome": -365,
        "provisionforIncomeTaxes": -21,
        "revenue": 4736,
        "sgaExpense": 590,
        "totalOperatingExpense": 590,
        "totalOtherIncomeExpenseNet": -244
      },
      {
        "costOfGoodsSold": 4510,
        "dilutedAverageSharesOutstanding": 653,
        "dilutedEPS": -15.66,
        "ebit": 240,
        "grossIncome": 915,
        "interestIncomeExpense": -59,
        "minorityInterest": 5871,
        "netIncome": -10227,
        "netIncomeAfterTaxes": -16098,
        "nonRecurringItems": -16299,
        "period": "2020-03-31",
        "pretaxIncome": -16093,
        "provisionforIncomeTaxes": 5,
        "revenue": 5425,
        "sgaExpense": 675,
        "totalOperatingExpense": 675,
        "totalOtherIncomeExpenseNet": 25
      },
      {
        "costOfGoodsSold": 5061,
        "dilutedAverageSharesOutstanding": 653,
        "dilutedEPS": 0.07,
        "ebit": 505,
        "grossIncome": 1287,
        "interestIncomeExpense": -22,
        "minorityInterest": -46,
        "netIncome": 48,
        "netIncomeAfterTaxes": 94,
        "nonRecurringItems": -215,
        "period": "2019-12-31",
        "pretaxIncome": 307,
        "provisionforIncomeTaxes": 213,
        "revenue": 6348,
        "sgaExpense": 782,
        "totalOperatingExpense": 782,
        "totalOtherIncomeExpenseNet": 39
      },
      {
        "costOfGoodsSold": 4775,
        "dilutedAverageSharesOutstanding": 541,
        "dilutedEPS": 0.11,
        "ebit": 435,
        "grossIncome": 1107,
        "interestIncomeExpense": -73,
        "minorityInterest": -60,
        "netIncome": 57,
        "netIncomeAfterTaxes": 117,
        "nonRecurringItems": -125,
        "period": "2019-09-30",
        "pretaxIncome": 224,
        "provisionforIncomeTaxes": 107,
        "revenue": 5882,
        "sgaExpense": 672,
        "totalOperatingExpense": 672,
        "totalOtherIncomeExpenseNet": -13
      },
      {
        "costOfGoodsSold": 4922,
        "dilutedAverageSharesOutstanding": 515,
        "dilutedEPS": -0.02,
        "ebit": 374,
        "grossIncome": 1072,
        "interestIncomeExpense": -66,
        "minorityInterest": 2,
        "netIncome": -9,
        "netIncomeAfterTaxes": -11,
        "nonRecurringItems": -90,
        "period": "2019-06-30",
        "pretaxIncome": 84,
        "provisionforIncomeTaxes": 95,
        "revenue": 5994,
        "sgaExpense": 698,
        "totalOperatingExpense": 698,
        "totalOtherIncomeExpenseNet": -134
      },
      {
        "costOfGoodsSold": 4644,
        "dilutedAverageSharesOutstanding": 516,
        "dilutedEPS": 0.06,
        "ebit": 268,
        "grossIncome": 971,
        "interestIncomeExpense": -56,
        "minorityInterest": -39,
        "netIncome": 32,
        "netIncomeAfterTaxes": 71,
        "nonRecurringItems": -96,
        "period": "2019-03-31",
        "pretaxIncome": 138,
        "provisionforIncomeTaxes": 67,
        "revenue": 5615,
        "sgaExpense": 703,
        "totalOperatingExpense": 703,
        "totalOtherIncomeExpenseNet": 22
      },
      {
        "costOfGoodsSold": 5029,
        "dilutedAverageSharesOutstanding": 465,
        "dilutedEPS": 0.28,
        "ebit": 481,
        "grossIncome": 1236,
        "interestIncomeExpense": -59,
        "minorityInterest": -171,
        "netIncome": 131,
        "netIncomeAfterTaxes": 195,
        "nonRecurringItems": -99,
        "period": "2018-12-31",
        "pretaxIncome": 474,
        "provisionforIncomeTaxes": 279,
        "revenue": 6265,
        "sgaExpense": 755,
        "totalOperatingExpense": 755,
        "totalOtherIncomeExpenseNet": 151
      },
      {
        "costOfGoodsSold": 4692,
        "dilutedAverageSharesOutstanding": 414,
        "dilutedEPS": 0.03,
        "ebit": 365,
        "grossIncome": 973,
        "interestIncomeExpense": -140,
        "minorityInterest": -25,
        "netIncome": 13,
        "netIncomeAfterTaxes": 38,
        "nonRecurringItems": -83,
        "period": "2018-09-30",
        "pretaxIncome": 148,
        "provisionforIncomeTaxes": 110,
        "revenue": 5665,
        "sgaExpense": 608,
        "totalOperatingExpense": 608,
        "totalOtherIncomeExpenseNet": 6
      },
      {
        "costOfGoodsSold": 4612,
        "dilutedAverageSharesOutstanding": 414,
        "dilutedEPS": -0.05,
        "ebit": 274,
        "grossIncome": 936,
        "interestIncomeExpense": -97,
        "minorityInterest": 19,
        "netIncome": -19,
        "netIncomeAfterTaxes": -38,
        "nonRecurringItems": -196,
        "period": "2018-06-30",
        "pretaxIncome": 24,
        "provisionforIncomeTaxes": 62,
        "revenue": 5548,
        "sgaExpense": 662,
        "totalOperatingExpense": 662,
        "totalOtherIncomeExpenseNet": 43
      },
      {
        "costOfGoodsSold": 4558,
        "dilutedAverageSharesOutstanding": 422,
        "dilutedEPS": 0.17,
        "ebit": 167,
        "grossIncome": 841,
        "interestIncomeExpense": -66,
        "minorityInterest": 89,
        "netIncome": 70,
        "netIncomeAfterTaxes": -19,
        "nonRecurringItems": -208,
        "period": "2018-03-31",
        "pretaxIncome": -105,
        "provisionforIncomeTaxes": -86,
        "revenue": 5399,
        "sgaExpense": 674,
        "totalOperatingExpense": 674,
        "totalOtherIncomeExpenseNet": 2
      },
      {
        "costOfGoodsSold": 4887,
        "dilutedAverageSharesOutstanding": 424,
        "dilutedEPS": 0.07,
        "ebit": 91,
        "grossIncome": 876,
        "interestIncomeExpense": -54,
        "minorityInterest": 113,
        "netIncome": 31,
        "netIncomeAfterTaxes": -214,
        "nonRecurringItems": -183,
        "period": "2017-12-31",
        "pretaxIncome": -133,
        "provisionforIncomeTaxes": 81,
        "revenue": 5763,
        "sgaExpense": 785,
        "totalOperatingExpense": 785,
        "totalOtherIncomeExpenseNet": 13
      },
      {
        "costOfGoodsSold": 4355,
        "dilutedAverageSharesOutstanding": 428,
        "dilutedEPS": -0.24,
        "ebit": 228,
        "grossIncome": 1020,
        "interestIncomeExpense": -55,
        "minorityInterest": 169,
        "netIncome": -104,
        "netIncomeAfterTaxes": -273,
        "nonRecurringItems": -350,
        "period": "2017-09-30",
        "pretaxIncome": -180,
        "provisionforIncomeTaxes": 93,
        "revenue": 5375,
        "sgaExpense": 792,
        "totalOperatingExpense": 792,
        "totalOtherIncomeExpenseNet": -3
      },
      {
        "costOfGoodsSold": 2916,
        "dilutedAverageSharesOutstanding": 431.7,
        "dilutedEPS": 0.3,
        "ebit": 268,
        "grossIncome": 943,
        "interestIncomeExpense": 20,
        "minorityInterest": -114,
        "netIncome": 129,
        "netIncomeAfterTaxes": 243,
        "nonRecurringItems": -131,
        "otherOperatingExpensesTotal": -99,
        "period": "2017-06-30",
        "pretaxIncome": 225,
        "provisionforIncomeTaxes": -18,
        "revenue": 3859,
        "sgaExpense": 774,
        "totalOperatingExpense": 675,
        "totalOtherIncomeExpenseNet": 68
      },
      {
        "costOfGoodsSold": 1888,
        "dilutedAverageSharesOutstanding": 429,
        "dilutedEPS": -0.3,
        "ebit": 91,
        "grossIncome": 374,
        "interestIncomeExpense": -53,
        "minorityInterest": 1,
        "netIncome": -129,
        "netIncomeAfterTaxes": -130,
        "nonRecurringItems": -121,
        "period": "2017-03-31",
        "pretaxIncome": -83,
        "provisionforIncomeTaxes": 47,
        "researchDevelopment": 99,
        "revenue": 2262,
        "sgaExpense": 184,
        "totalOperatingExpense": 283
      },
      {
        "costOfGoodsSold": 2144,
        "dilutedAverageSharesOutstanding": 425,
        "dilutedEPS": -0.98,
        "ebit": -9,
        "grossIncome": 266,
        "interestIncomeExpense": -36,
        "minorityInterest": -4,
        "netIncome": -417,
        "netIncomeAfterTaxes": -413,
        "nonRecurringItems": -261,
        "period": "2016-12-31",
        "pretaxIncome": -306,
        "provisionforIncomeTaxes": 107,
        "researchDevelopment": 92,
        "revenue": 2410,
        "sgaExpense": 183,
        "totalOperatingExpense": 275
      },
      {
        "costOfGoodsSold": 2059,
        "dilutedAverageSharesOutstanding": 430,
        "dilutedEPS": -1,
        "ebit": 0,
        "grossIncome": 294,
        "interestIncomeExpense": -39,
        "minorityInterest": 1,
        "netIncome": -429,
        "netIncomeAfterTaxes": -430,
        "nonRecurringItems": -321,
        "period": "2016-09-30",
        "pretaxIncome": -360,
        "provisionforIncomeTaxes": 70,
        "researchDevelopment": 91,
        "revenue": 2353,
        "sgaExpense": 203,
        "totalOperatingExpense": 294
      },
      {
        "costOfGoodsSold": 3112,
        "dilutedAverageSharesOutstanding": 438,
        "dilutedEPS": -2.08,
        "ebit": -1025,
        "grossIncome": -704,
        "interestIncomeExpense": -48,
        "minorityInterest": 1,
        "netIncome": -911,
        "netIncomeAfterTaxes": -912,
        "nonRecurringItems": 313,
        "period": "2016-06-30",
        "pretaxIncome": -760,
        "provisionforIncomeTaxes": 152,
        "researchDevelopment": 99,
        "revenue": 2408,
        "sgaExpense": 222,
        "totalOperatingExpense": 321
      },
      {
        "costOfGoodsSold": 2658,
        "dilutedAverageSharesOutstanding": 442,
        "dilutedEPS": -2.22,
        "ebit": -297,
        "grossIncome": 12,
        "interestIncomeExpense": -55,
        "minorityInterest": 0,
        "netIncome": -981,
        "netIncomeAfterTaxes": -981,
        "nonRecurringItems": -262,
        "period": "2016-03-31",
        "pretaxIncome": -614,
        "provisionforIncomeTaxes": 367,
        "researchDevelopment": 102,
        "revenue": 2670,
        "sgaExpense": 207,
        "totalOperatingExpense": 309
      },
      {
        "costOfGoodsSold": 3142,
        "dilutedAverageSharesOutstanding": 438,
        "dilutedEPS": -2.35,
        "ebit": -131,
        "grossIncome": 252,
        "interestIncomeExpense": -55,
        "minorityInterest": 4,
        "netIncome": -1031,
        "netIncomeAfterTaxes": -1035,
        "nonRecurringItems": -1246,
        "period": "2015-12-31",
        "pretaxIncome": -1432,
        "provisionforIncomeTaxes": -397,
        "researchDevelopment": 106,
        "revenue": 3394,
        "sgaExpense": 277,
        "totalOperatingExpense": 383
      },
      {
        "costOfGoodsSold": 3403,
        "dilutedAverageSharesOutstanding": 439,
        "dilutedEPS": -0.36,
        "ebit": -3,
        "grossIncome": 383,
        "interestIncomeExpense": -55,
        "minorityInterest": -3,
        "netIncome": -159,
        "netIncomeAfterTaxes": -156,
        "nonRecurringItems": -98,
        "period": "2015-09-30",
        "pretaxIncome": -156,
        "provisionforIncomeTaxes": 0,
        "researchDevelopment": 115,
        "revenue": 3786,
        "sgaExpense": 271,
        "totalOperatingExpense": 386
      }
    ],
    "symbol": "BKR"
  }
}