{
  "symbol": "SW",
  "statement": "ic",
  "frequency": "quarterly",
  "timestamp": "2025-09-19T14:06:44.770200",
  "data": {
    "financials": [
      {
        "costOfGoodsSold": 6425,
        "dilutedAverageSharesOutstanding": 522,
        "dilutedEPS": -0.0536,
        "ebit": 552,
        "grossIncome": 1515,
        "interestExpense": 208,
        "interestIncomeExpense": -182,
        "minorityInterest": -2,
        "netIncome": -28,
        "netIncomeAfterTaxes": -26,
        "nonRecurringItems": -301,
        "period": "2025-06-30",
        "pretaxIncome": 58,
        "provisionforIncomeTaxes": 84,
        "revenue": 7940,
        "sgaExpense": 963,
        "totalOperatingExpense": 963,
        "totalOtherIncomeExpenseNet": -11
      },
      {
        "costOfGoodsSold": 6079,
        "dilutedAverageSharesOutstanding": 526,
        "dilutedEPS": 0.73,
        "ebit": 589,
        "grossIncome": 1577,
        "interestExpense": 195,
        "interestIncomeExpense": -167,
        "minorityInterest": 2,
        "netIncome": 384,
        "netIncomeAfterTaxes": 382,
        "nonRecurringItems": -36,
        "period": "2025-03-31",
        "pretaxIncome": 390,
        "provisionforIncomeTaxes": 8,
        "revenue": 7656,
        "sgaExpense": 988,
        "totalOperatingExpense": 988,
        "totalOtherIncomeExpenseNet": 4
      },
      {
        "costOfGoodsSold": 16914,
        "dilutedAverageSharesOutstanding": 389,
        "dilutedEPS": 0.82,
        "ebit": 1402,
        "grossIncome": 4195,
        "interestExpense": 204,
        "interestIncomeExpense": -398,
        "minorityInterest": 0,
        "netIncome": 319,
        "netIncomeAfterTaxes": 319,
        "nonRecurringItems": -395,
        "period": "2024-12-31",
        "pretaxIncome": 560,
        "provisionforIncomeTaxes": 241,
        "revenue": 21109,
        "sgaExpense": 2793,
        "totalOperatingExpense": 2793,
        "totalOtherIncomeExpenseNet": -49
      },
      {
        "costOfGoodsSold": 6321,
        "dilutedAverageSharesOutstanding": 508,
        "dilutedEPS": -0.2953,
        "ebit": 322,
        "grossIncome": 1350,
        "interestExpense": 209,
        "interestIncomeExpense": -167,
        "minorityInterest": 0,
        "netIncome": -150,
        "netIncomeAfterTaxes": -150,
        "nonRecurringItems": -267,
        "period": "2024-09-30",
        "pretaxIncome": -117,
        "provisionforIncomeTaxes": 33,
        "revenue": 7671,
        "sgaExpense": 1028,
        "totalOperatingExpense": 1028,
        "totalOtherIncomeExpenseNet": -5
      },
      {
        "costOfGoodsSold": 2276,
        "dilutedAverageSharesOutstanding": 519.9596,
        "dilutedEPS": 0.2539,
        "ebit": 304,
        "grossIncome": 693,
        "interestExpense": 75,
        "interestIncomeExpense": -33,
        "minorityInterest": 0,
        "netIncome": 132,
        "netIncomeAfterTaxes": 132,
        "nonRecurringItems": -60,
        "period": "2024-06-30",
        "pretaxIncome": 187,
        "provisionforIncomeTaxes": 55,
        "revenue": 2969,
        "sgaExpense": 389,
        "totalOperatingExpense": 389,
        "totalOtherIncomeExpenseNet": -24
      },
      {
        "costOfGoodsSold": 8092.191,
        "dilutedAverageSharesOutstanding": 260,
        "dilutedEPS": 3.15,
        "ebit": 1524.381,
        "grossIncome": 4094.205,
        "interestIncomeExpense": -149.195,
        "minorityInterest": -1.081,
        "netIncome": 819.49,
        "netIncomeAfterTaxes": 820.571,
        "nonRecurringItems": -185.953,
        "period": "2023-12-31",
        "pretaxIncome": 1140.583,
        "provisionforIncomeTaxes": 320.012,
        "researchDevelopment": 10.811,
        "revenue": 12186.396,
        "sgaExpense": 2559.013,
        "totalOperatingExpense": 2569.824,
        "totalOtherIncomeExpenseNet": -48.65
      },
      {
        "costOfGoodsSold": 9199.595,
        "dilutedAverageSharesOutstanding": 261,
        "dilutedEPS": 3.8,
        "ebit": 1755.407,
        "grossIncome": 4270.79,
        "interestIncomeExpense": -154.518,
        "minorityInterest": -1.051,
        "netIncome": 992.278,
        "netIncomeAfterTaxes": 993.329,
        "nonRecurringItems": -242.814,
        "period": "2022-12-31",
        "pretaxIncome": 1359.127,
        "provisionforIncomeTaxes": 365.797,
        "researchDevelopment": 8.409,
        "revenue": 13470.385,
        "sgaExpense": 2506.974,
        "totalOperatingExpense": 2515.382,
        "totalOtherIncomeExpenseNet": 1.051
      },
      {
        "costOfGoodsSold": 8292.852,
        "dilutedAverageSharesOutstanding": 260,
        "dilutedEPS": 3.09,
        "ebit": 1268.458,
        "grossIncome": 3655.239,
        "interestIncomeExpense": -140.677,
        "minorityInterest": 0,
        "netIncome": 802.687,
        "netIncomeAfterTaxes": 802.687,
        "nonRecurringItems": -36.647,
        "otherOperatingExpensesTotal": 0,
        "period": "2021-12-31",
        "pretaxIncome": 1079.312,
        "provisionforIncomeTaxes": 276.625,
        "researchDevelopment": 8.275,
        "revenue": 11948.091,
        "sgaExpense": 2378.506,
        "totalOperatingExpense": 2386.781,
        "totalOtherIncomeExpenseNet": -11.822
      },
      {
        "costOfGoodsSold": 6446.392,
        "dilutedAverageSharesOutstanding": 241,
        "dilutedEPS": 2.58,
        "ebit": 1050.844,
        "grossIncome": 3275.624,
        "interestIncomeExpense": -150.446,
        "minorityInterest": -2.279,
        "netIncome": 621.16,
        "netIncomeAfterTaxes": 623.44,
        "nonRecurringItems": -35.332,
        "period": "2020-12-31",
        "pretaxIncome": 852.529,
        "provisionforIncomeTaxes": 229.089,
        "researchDevelopment": 9.118,
        "revenue": 9722.016,
        "sgaExpense": 2215.662,
        "totalOperatingExpense": 2224.78,
        "totalOtherIncomeExpenseNet": -12.537
      },
      {
        "costOfGoodsSold": 6762.963,
        "dilutedAverageSharesOutstanding": 238,
        "dilutedEPS": 2.24,
        "ebit": 1188.526,
        "grossIncome": 3363.016,
        "interestIncomeExpense": -195.85,
        "minorityInterest": -8.953,
        "netIncome": 532.711,
        "netIncomeAfterTaxes": 541.664,
        "nonRecurringItems": -218.232,
        "period": "2019-12-31",
        "pretaxIncome": 757.658,
        "provisionforIncomeTaxes": 215.994,
        "researchDevelopment": 8.953,
        "revenue": 10125.979,
        "sgaExpense": 2165.536,
        "totalOperatingExpense": 2174.489,
        "totalOtherIncomeExpenseNet": -16.787
      },
      {
        "costOfGoodsSold": 7063.834,
        "dilutedAverageSharesOutstanding": 236,
        "dilutedEPS": -3.23,
        "ebit": 1303.312,
        "grossIncome": 3487.687,
        "interestIncomeExpense": -162.767,
        "minorityInterest": -8.256,
        "netIncome": -761.936,
        "netIncomeAfterTaxes": -753.68,
        "nonRecurringItems": -1580.487,
        "period": "2018-12-31",
        "pretaxIncome": -476.505,
        "provisionforIncomeTaxes": 277.175,
        "researchDevelopment": 8.256,
        "revenue": 10551.521,
        "sgaExpense": 2176.118,
        "totalOperatingExpense": 2184.375,
        "totalOtherIncomeExpenseNet": -36.564
      },
      {
        "costOfGoodsSold": 6762.937,
        "dilutedAverageSharesOutstanding": 237,
        "dilutedEPS": 1.98,
        "ebit": 924.73,
        "grossIncome": 2892.602,
        "interestExpense": 51.8235,
        "interestIncomeExpense": -191.712,
        "minorityInterest": -6.766,
        "netIncome": 470.259,
        "netIncomeAfterTaxes": 477.026,
        "nonRecurringItems": -28.193,
        "otherOperatingExpensesTotal": 0,
        "period": "2017-12-31",
        "pretaxIncome": 649.567,
        "provisionforIncomeTaxes": 172.541,
        "researchDevelopment": 7.894,
        "revenue": 9655.539,
        "sgaExpense": 1959.977,
        "totalOperatingExpense": 1967.871,
        "totalOtherIncomeExpenseNet": -55.258
      },
      {
        "costOfGoodsSold": 6293.481,
        "dilutedAverageSharesOutstanding": 237,
        "dilutedEPS": 2.07,
        "ebit": 918.03,
        "grossIncome": 2730.862,
        "interestExpense": 45.2673,
        "interestIncomeExpense": -155.954,
        "minorityInterest": -15.485,
        "netIncome": 491.091,
        "netIncomeAfterTaxes": 506.575,
        "nonRecurringItems": -16.591,
        "otherOperatingExpensesTotal": 0,
        "period": "2016-12-31",
        "pretaxIncome": 723.363,
        "provisionforIncomeTaxes": 216.788,
        "researchDevelopment": 7.742,
        "revenue": 9024.344,
        "sgaExpense": 1805.09,
        "totalOperatingExpense": 1812.833,
        "totalOtherIncomeExpenseNet": -22.121
      },
      {
        "costOfGoodsSold": 6292.307,
        "dilutedAverageSharesOutstanding": 236,
        "dilutedEPS": 1.88,
        "ebit": 865.303,
        "grossIncome": 2703.518,
        "interestExpense": 39.4054,
        "interestIncomeExpense": -132.014,
        "minorityInterest": -14.422,
        "netIncome": 443.745,
        "netIncomeAfterTaxes": 458.167,
        "nonRecurringItems": -61.015,
        "otherOperatingExpensesTotal": -2.219,
        "period": "2015-12-31",
        "pretaxIncome": 664.508,
        "provisionforIncomeTaxes": 206.342,
        "researchDevelopment": 11.094,
        "revenue": 8995.825,
        "sgaExpense": 1829.34,
        "totalOperatingExpense": 1838.214,
        "totalOtherIncomeExpenseNet": -7.766
      },
      {
        "costOfGoodsSold": 7481.975,
        "dilutedAverageSharesOutstanding": 235,
        "dilutedEPS": 1.36,
        "ebit": 1022.439,
        "grossIncome": 3237.061,
        "interestExpense": 49.9143,
        "interestIncomeExpense": -193.614,
        "minorityInterest": -14.587,
        "netIncome": 319.595,
        "netIncomeAfterTaxes": 334.182,
        "nonRecurringItems": -186.983,
        "otherOperatingExpensesTotal": -2.652,
        "period": "2014-12-31",
        "pretaxIncome": 501.274,
        "provisionforIncomeTaxes": 167.091,
        "revenue": 10719.036,
        "sgaExpense": 2217.274,
        "totalOperatingExpense": 2214.622,
        "totalOtherIncomeExpenseNet": -140.569
      },
      {
        "costOfGoodsSold": 7500.686,
        "dilutedAverageSharesOutstanding": 233,
        "dilutedEPS": 1.07,
        "ebit": 901.569,
        "grossIncome": 3064.539,
        "interestExpense": 61.2548,
        "interestIncomeExpense": -273.525,
        "minorityInterest": -10.622,
        "netIncome": 249.625,
        "netIncomeAfterTaxes": 260.247,
        "nonRecurringItems": -111.534,
        "otherOperatingExpensesTotal": -2.656,
        "period": "2013-12-31",
        "pretaxIncome": 390.37,
        "provisionforIncomeTaxes": 130.123,
        "revenue": 10565.225,
        "sgaExpense": 2165.625,
        "totalOperatingExpense": 2162.97,
        "totalOtherIncomeExpenseNet": -126.14
      },
      {
        "costOfGoodsSold": 6734.165,
        "dilutedAverageSharesOutstanding": 230,
        "dilutedEPS": 1.34,
        "ebit": 786.509,
        "grossIncome": 2692.381,
        "interestExpense": 76.5401,
        "interestIncomeExpense": -322.572,
        "minorityInterest": -14.137,
        "netIncome": 308.435,
        "netIncomeAfterTaxes": 322.572,
        "nonRecurringItems": 7.711,
        "otherOperatingExpensesTotal": -46.265,
        "period": "2012-12-31",
        "pretaxIncome": 409.962,
        "provisionforIncomeTaxes": 87.39,
        "revenue": 9426.546,
        "sgaExpense": 1952.137,
        "totalOperatingExpense": 1905.872,
        "totalOtherIncomeExpenseNet": -61.687
      },
      {
        "costOfGoodsSold": 7357.189,
        "dilutedAverageSharesOutstanding": 226,
        "dilutedEPS": 1.27,
        "ebit": 863.67,
        "grossIncome": 2874.728,
        "interestExpense": 92.9538,
        "interestIncomeExpense": -250.339,
        "minorityInterest": -16.689,
        "netIncome": 286.499,
        "netIncomeAfterTaxes": 303.189,
        "nonRecurringItems": -34.769,
        "otherOperatingExpensesTotal": -4.172,
        "period": "2011-12-31",
        "pretaxIncome": 415.841,
        "provisionforIncomeTaxes": 112.653,
        "revenue": 10231.917,
        "sgaExpense": 2015.23,
        "totalOperatingExpense": 2011.058,
        "totalOtherIncomeExpenseNet": -162.72
      },
      {
        "costOfGoodsSold": 6389.685,
        "dilutedAverageSharesOutstanding": 223,
        "dilutedEPS": 0.3,
        "ebit": 648.9,
        "grossIncome": 2452.58,
        "interestExpense": 95.0884,
        "interestIncomeExpense": -260.885,
        "minorityInterest": -10.594,
        "netIncome": 66.214,
        "netIncomeAfterTaxes": 76.809,
        "nonRecurringItems": -107.267,
        "otherOperatingExpensesTotal": -29.134,
        "period": "2010-12-31",
        "pretaxIncome": 136.402,
        "provisionforIncomeTaxes": 59.593,
        "revenue": 8842.264,
        "sgaExpense": 1832.813,
        "totalOperatingExpense": 1803.679,
        "totalOtherIncomeExpenseNet": -144.347
      },
      {
        "costOfGoodsSold": 6077.446,
        "dilutedAverageSharesOutstanding": 218.024,
        "dilutedEPS": -0.78,
        "ebit": 451.984,
        "gainLossOnDispositionOfAssets": 0,
        "grossIncome": 2346.145,
        "interestExpense": 107.0201,
        "interestIncomeExpense": -310.131,
        "minorityInterest": -20.861,
        "netIncome": -169.668,
        "netIncomeAfterTaxes": -148.807,
        "nonRecurringItems": -69.536,
        "otherOperatingExpensesTotal": -4.172,
        "period": "2009-12-31",
        "pretaxIncome": -72.317,
        "provisionforIncomeTaxes": 76.49,
        "revenue": 8423.591,
        "sgaExpense": 1898.333,
        "totalOperatingExpense": 1894.161,
        "totalOtherIncomeExpenseNet": -144.635
      },
      {
        "costOfGoodsSold": 7401.664,
        "dilutedAverageSharesOutstanding": 218.015,
        "dilutedEPS": -0.33,
        "ebit": 789.858,
        "gainLossOnDispositionOfAssets": -10.104,
        "grossIncome": 2931.399,
        "interestIncomeExpense": -250.915,
        "minorityInterest": -25.756,
        "netIncome": -72.658,
        "netIncomeAfterTaxes": -46.902,
        "nonRecurringItems": -395.019,
        "otherOperatingExpensesTotal": -5.846,
        "period": "2008-12-31",
        "pretaxIncome": -16.807,
        "provisionforIncomeTaxes": 30.095,
        "revenue": 10333.063,
        "sgaExpense": 2147.387,
        "totalOperatingExpense": 2141.541,
        "totalOtherIncomeExpenseNet": -150.626
      },
      {
        "costOfGoodsSold": 7169.209,
        "dilutedAverageSharesOutstanding": 205.329,
        "dilutedEPS": 0.98,
        "ebit": 845.68,
        "gainLossOnDispositionOfAssets": 0,
        "grossIncome": 2785.755,
        "interestExpense": 166.1656,
        "interestIncomeExpense": -245.009,
        "minorityInterest": -26.327,
        "netIncome": 201.476,
        "netIncomeAfterTaxes": 227.803,
        "nonRecurringItems": -234.91,
        "otherOperatingExpensesTotal": -66.382,
        "period": "2007-12-31",
        "pretaxIncome": 232.599,
        "provisionforIncomeTaxes": 4.796,
        "revenue": 9954.964,
        "sgaExpense": 2006.458,
        "totalOperatingExpense": 1940.075,
        "totalOtherIncomeExpenseNet": -133.162
      },
      {
        "costOfGoodsSold": 6289.049,
        "dilutedAverageSharesOutstanding": 205.626,
        "dilutedEPS": -1.04,
        "ebit": 602.372,
        "grossIncome": 2460.667,
        "interestExpense": 133.0762,
        "interestIncomeExpense": -317.951,
        "minorityInterest": -20.738,
        "netIncome": -213.587,
        "netIncomeAfterTaxes": -192.849,
        "nonRecurringItems": -350.872,
        "otherOperatingExpensesTotal": -2.476,
        "period": "2006-12-31",
        "pretaxIncome": -179.661,
        "provisionforIncomeTaxes": 13.188,
        "revenue": 8749.716,
        "sgaExpense": 1860.771,
        "totalOperatingExpense": 1858.295,
        "totalOtherIncomeExpenseNet": -113.21
      },
      {
        "costOfGoodsSold": 3991.734,
        "dilutedAverageSharesOutstanding": 205.626,
        "dilutedEPS": -1.63,
        "ebit": 320.533,
        "grossIncome": 1504.884,
        "interestIncomeExpense": -567.28,
        "minorityInterest": -27.323,
        "netIncome": -337.093,
        "netIncomeAfterTaxes": -357.814,
        "nonRecurringItems": -111.869,
        "otherOperatingExpensesTotal": -3.743,
        "period": "2005-12-31",
        "pretaxIncome": -358.616,
        "provisionforIncomeTaxes": -0.803,
        "revenue": 5496.618,
        "sgaExpense": 1188.094,
        "totalOperatingExpense": 1184.352
      },
      {
        "costOfGoodsSold": 3898.9,
        "dilutedAverageSharesOutstanding": 205.626,
        "dilutedEPS": -0.01,
        "ebit": 367.13,
        "grossIncome": 1508.143,
        "interestIncomeExpense": -373.739,
        "minorityInterest": -18.221,
        "netIncome": -3.398,
        "netIncomeAfterTaxes": -37.16,
        "nonRecurringItems": -28.122,
        "otherOperatingExpensesTotal": -7.259,
        "period": "2004-12-31",
        "pretaxIncome": -34.732,
        "provisionforIncomeTaxes": 2.429,
        "revenue": 5407.043,
        "sgaExpense": 1148.272,
        "totalOperatingExpense": 1141.013
      }
    ],
    "symbol": "SW"
  }
}