{
  "symbol": "TECH",
  "statement": "ic",
  "frequency": "quarterly",
  "timestamp": "2025-09-19T13:56:47.152527",
  "data": {
    "financials": [
      {
        "costOfGoodsSold": 114.407,
        "dilutedAverageSharesOutstanding": 155.733,
        "dilutedEPS": -0.1208,
        "ebit": 77.317,
        "grossIncome": 202.557,
        "interestExpense": 2.178,
        "interestIncomeExpense": -0.486,
        "netIncome": -18.808,
        "netIncomeAfterTaxes": -18.785,
        "nonRecurringItems": -101.177,
        "period": "2025-06-30",
        "pretaxIncome": -23.966,
        "provisionforIncomeTaxes": -5.181,
        "researchDevelopment": 26.032,
        "revenue": 316.964,
        "sgaExpense": 99.208,
        "totalOperatingExpense": 125.24,
        "totalOtherIncomeExpenseNet": 0.38
      },
      {
        "costOfGoodsSold": 101.488,
        "dilutedAverageSharesOutstanding": 158.944,
        "dilutedEPS": 0.1421,
        "ebit": 40.878,
        "grossIncome": 214.693,
        "interestExpense": 2.007,
        "interestIncomeExpense": -1.57,
        "netIncome": 22.585,
        "netIncomeAfterTaxes": 22.588,
        "nonRecurringItems": -2.17,
        "period": "2025-03-31",
        "pretaxIncome": 38.274,
        "provisionforIncomeTaxes": 15.686,
        "researchDevelopment": 24.579,
        "revenue": 316.181,
        "sgaExpense": 149.236,
        "totalOperatingExpense": 173.815,
        "totalOtherIncomeExpenseNet": 1.136
      },
      {
        "costOfGoodsSold": 100.454,
        "dilutedAverageSharesOutstanding": 160.626,
        "dilutedEPS": 0.2172,
        "ebit": 52.845,
        "grossIncome": 196.577,
        "interestExpense": 2.148,
        "interestIncomeExpense": -0.754,
        "netIncome": 34.887,
        "netIncomeAfterTaxes": 34.89,
        "nonRecurringItems": -5.426,
        "period": "2024-12-31",
        "pretaxIncome": 42.876,
        "provisionforIncomeTaxes": 7.986,
        "researchDevelopment": 25.016,
        "revenue": 297.031,
        "sgaExpense": 118.716,
        "totalOperatingExpense": 143.732,
        "totalOtherIncomeExpenseNet": -3.789
      },
      {
        "costOfGoodsSold": 101.543,
        "dilutedAverageSharesOutstanding": 161.115,
        "dilutedEPS": 0.2085,
        "ebit": 52.683,
        "grossIncome": 187.915,
        "interestExpense": 2.176,
        "interestIncomeExpense": -0.876,
        "netIncome": 33.594,
        "netIncomeAfterTaxes": 33.6,
        "nonRecurringItems": -12.696,
        "period": "2024-09-30",
        "pretaxIncome": 40.171,
        "provisionforIncomeTaxes": 6.571,
        "researchDevelopment": 23.869,
        "revenue": 289.458,
        "sgaExpense": 111.363,
        "totalOperatingExpense": 135.232,
        "totalOtherIncomeExpenseNet": 1.06
      },
      {
        "costOfGoodsSold": 102.751,
        "dilutedAverageSharesOutstanding": 160.645,
        "dilutedEPS": 0.2526,
        "ebit": 71.791,
        "grossIncome": 203.348,
        "interestExpense": 2.509,
        "interestIncomeExpense": -2.495,
        "minorityInterest": 0,
        "netIncome": 40.579,
        "netIncomeAfterTaxes": 40.588,
        "nonRecurringItems": -25.968,
        "period": "2024-06-30",
        "pretaxIncome": 41.661,
        "provisionforIncomeTaxes": 1.073,
        "researchDevelopment": 23.989,
        "revenue": 306.099,
        "sgaExpense": 107.568,
        "totalOperatingExpense": 131.557,
        "totalOtherIncomeExpenseNet": -1.667
      },
      {
        "costOfGoodsSold": 98.829,
        "dilutedAverageSharesOutstanding": 160.496,
        "dilutedEPS": 0.3056,
        "ebit": 71.98,
        "grossIncome": 204.599,
        "interestExpense": 4.005,
        "interestIncomeExpense": -5.04,
        "minorityInterest": 0,
        "netIncome": 49.054,
        "netIncomeAfterTaxes": 49.059,
        "nonRecurringItems": -4.982,
        "period": "2024-03-31",
        "pretaxIncome": 61.084,
        "provisionforIncomeTaxes": 12.025,
        "researchDevelopment": 25.761,
        "revenue": 303.428,
        "sgaExpense": 106.858,
        "totalOperatingExpense": 132.619,
        "totalOtherIncomeExpenseNet": -0.874
      },
      {
        "costOfGoodsSold": 187.755,
        "dilutedAverageSharesOutstanding": 160.6565,
        "dilutedEPS": 0.4882,
        "ebit": 104.687,
        "grossIncome": 361.778,
        "interestExpense": 4.329,
        "interestIncomeExpense": -11.436,
        "minorityInterest": 0,
        "netIncome": 78.439,
        "netIncomeAfterTaxes": 78.458,
        "nonRecurringItems": -10.822,
        "period": "2023-12-31",
        "pretaxIncome": 82.944,
        "provisionforIncomeTaxes": 4.486,
        "researchDevelopment": 46.914,
        "revenue": 549.533,
        "sgaExpense": 210.177,
        "totalOperatingExpense": 257.091,
        "totalOtherIncomeExpenseNet": 0.515
      },
      {
        "costOfGoodsSold": 91.7,
        "dilutedAverageSharesOutstanding": 161.9,
        "dilutedEPS": 0.31,
        "ebit": 55.5,
        "grossIncome": 185.2,
        "interestExpense": 4.893,
        "interestIncomeExpense": -6,
        "minorityInterest": 0,
        "netIncome": 51,
        "netIncomeAfterTaxes": 51,
        "nonRecurringItems": 0.4,
        "period": "2023-09-30",
        "pretaxIncome": 49.6,
        "provisionforIncomeTaxes": -1.4,
        "researchDevelopment": 24,
        "revenue": 276.9,
        "sgaExpense": 105.7,
        "totalOperatingExpense": 129.8,
        "totalOtherIncomeExpenseNet": -0.3
      },
      {
        "costOfGoodsSold": 96.6,
        "dilutedAverageSharesOutstanding": 162.1,
        "dilutedEPS": 0.47,
        "ebit": 94.9,
        "grossIncome": 204.7,
        "interestExpense": 3.702,
        "interestIncomeExpense": -2.7,
        "minorityInterest": 0,
        "netIncome": 75.5,
        "netIncomeAfterTaxes": 75.5,
        "nonRecurringItems": -0.4,
        "period": "2023-06-30",
        "pretaxIncome": 88.3,
        "provisionforIncomeTaxes": 12.8,
        "researchDevelopment": 23.4,
        "revenue": 301.3,
        "sgaExpense": 86.4,
        "totalOperatingExpense": 109.8,
        "totalOtherIncomeExpenseNet": -3.5
      },
      {
        "costOfGoodsSold": 92,
        "dilutedAverageSharesOutstanding": 161.6,
        "dilutedEPS": 0.43,
        "ebit": 79,
        "grossIncome": 202.2,
        "interestExpense": 1.367,
        "interestIncomeExpense": -0.7,
        "minorityInterest": 0,
        "netIncome": 70.2,
        "netIncomeAfterTaxes": 70.2,
        "nonRecurringItems": 1.2,
        "period": "2023-03-31",
        "pretaxIncome": 80.2,
        "provisionforIncomeTaxes": 10,
        "researchDevelopment": 22.7,
        "revenue": 294.1,
        "sgaExpense": 100.4,
        "totalOperatingExpense": 123.1,
        "totalOtherIncomeExpenseNet": 0.7
      },
      {
        "costOfGoodsSold": 88.2,
        "dilutedAverageSharesOutstanding": 161.8,
        "dilutedEPS": 0.31,
        "ebit": 60.5,
        "grossIncome": 183.4,
        "interestExpense": 2.356,
        "interestIncomeExpense": -1.5,
        "minorityInterest": 0,
        "netIncome": 50,
        "netIncomeAfterTaxes": 50,
        "nonRecurringItems": 7.4,
        "period": "2022-12-31",
        "pretaxIncome": 66.4,
        "provisionforIncomeTaxes": 16.4,
        "researchDevelopment": 22.5,
        "revenue": 271.6,
        "sgaExpense": 100.4,
        "totalOperatingExpense": 122.9,
        "totalOtherIncomeExpenseNet": 0
      },
      {
        "costOfGoodsSold": 90.1,
        "dilutedAverageSharesOutstanding": 162.2,
        "dilutedEPS": 0.55,
        "ebit": 59.1,
        "grossIncome": 179.6,
        "interestExpense": 3.79,
        "interestIncomeExpense": -3.4,
        "minorityInterest": -0.2,
        "netIncome": 89.5,
        "netIncomeAfterTaxes": 89.7,
        "nonRecurringItems": 46.1,
        "period": "2022-09-30",
        "pretaxIncome": 103.7,
        "provisionforIncomeTaxes": 14,
        "researchDevelopment": 23.9,
        "revenue": 269.7,
        "sgaExpense": 96.5,
        "totalOperatingExpense": 120.4,
        "totalOtherIncomeExpenseNet": 1.9
      },
      {
        "costOfGoodsSold": 87.9,
        "dilutedAverageSharesOutstanding": 163.6,
        "dilutedEPS": 0.38,
        "ebit": 81,
        "grossIncome": 200.4,
        "interestExpense": 2.505,
        "interestIncomeExpense": -2.7,
        "minorityInterest": -0.4,
        "netIncome": 61.5,
        "netIncomeAfterTaxes": 61.9,
        "nonRecurringItems": -0.4,
        "period": "2022-06-30",
        "pretaxIncome": 79.1,
        "provisionforIncomeTaxes": 17.1,
        "researchDevelopment": 23.1,
        "revenue": 288.2,
        "sgaExpense": 96.3,
        "totalOperatingExpense": 119.4,
        "totalOtherIncomeExpenseNet": 1.2
      },
      {
        "costOfGoodsSold": 88.9,
        "dilutedAverageSharesOutstanding": 163.9,
        "dilutedEPS": 0.37,
        "ebit": 86.5,
        "grossIncome": 201.5,
        "interestExpense": 2.493,
        "interestIncomeExpense": -19.5,
        "minorityInterest": 0.6,
        "netIncome": 60.7,
        "netIncomeAfterTaxes": 60.1,
        "nonRecurringItems": 3.9,
        "period": "2022-03-31",
        "pretaxIncome": 68.8,
        "provisionforIncomeTaxes": 8.6,
        "researchDevelopment": 21.7,
        "revenue": 290.4,
        "sgaExpense": 93.2,
        "totalOperatingExpense": 114.9,
        "totalOtherIncomeExpenseNet": -2.2
      },
      {
        "costOfGoodsSold": 85.6,
        "dilutedAverageSharesOutstanding": 164.8,
        "dilutedEPS": 0.49,
        "ebit": 68.6,
        "grossIncome": 183.7,
        "interestExpense": 2.902,
        "interestIncomeExpense": 25.7,
        "minorityInterest": 8.1,
        "netIncome": 80.1,
        "netIncomeAfterTaxes": 72.1,
        "nonRecurringItems": -6.3,
        "period": "2021-12-31",
        "pretaxIncome": 86.2,
        "provisionforIncomeTaxes": 14.1,
        "researchDevelopment": 20.7,
        "revenue": 269.3,
        "sgaExpense": 94.4,
        "totalOperatingExpense": 115,
        "totalOtherIncomeExpenseNet": -1.9
      },
      {
        "costOfGoodsSold": 86.7,
        "dilutedAverageSharesOutstanding": 164.6,
        "dilutedEPS": 0.42,
        "ebit": 62.1,
        "grossIncome": 171,
        "interestExpense": 3.409,
        "interestIncomeExpense": 2.1,
        "minorityInterest": 0.6,
        "netIncome": 69.6,
        "netIncomeAfterTaxes": 69,
        "nonRecurringItems": 1.1,
        "period": "2021-09-30",
        "pretaxIncome": 67.4,
        "provisionforIncomeTaxes": -1.6,
        "researchDevelopment": 21.6,
        "revenue": 257.7,
        "sgaExpense": 87.3,
        "totalOperatingExpense": 108.9,
        "totalOtherIncomeExpenseNet": 2.1
      },
      {
        "costOfGoodsSold": 83.1,
        "dilutedAverageSharesOutstanding": 164.1,
        "dilutedEPS": 0.09,
        "ebit": 69.8,
        "grossIncome": 175.9,
        "interestExpense": 3.291,
        "interestIncomeExpense": -3.1,
        "minorityInterest": 0.3,
        "netIncome": 15,
        "netIncomeAfterTaxes": 14.6,
        "nonRecurringItems": -1.2,
        "period": "2021-06-30",
        "pretaxIncome": 7.1,
        "provisionforIncomeTaxes": -7.5,
        "researchDevelopment": 20.7,
        "revenue": 259,
        "sgaExpense": 85.4,
        "totalOperatingExpense": 106.1,
        "totalOtherIncomeExpenseNet": -58.3
      },
      {
        "costOfGoodsSold": 75.3,
        "dilutedAverageSharesOutstanding": 162.7,
        "dilutedEPS": 0.28,
        "ebit": 70.3,
        "grossIncome": 168.3,
        "interestExpense": 2.66,
        "interestIncomeExpense": -2.5,
        "minorityInterest": 0.4,
        "netIncome": 45.8,
        "netIncomeAfterTaxes": 45.4,
        "nonRecurringItems": -1.7,
        "period": "2021-03-31",
        "pretaxIncome": 45.4,
        "provisionforIncomeTaxes": 0,
        "researchDevelopment": 17.1,
        "revenue": 243.6,
        "sgaExpense": 80.9,
        "totalOperatingExpense": 97.9,
        "totalOtherIncomeExpenseNet": -20.7
      },
      {
        "costOfGoodsSold": 73.4,
        "dilutedAverageSharesOutstanding": 161,
        "dilutedEPS": 0.29,
        "ebit": 55.6,
        "grossIncome": 150.9,
        "interestExpense": 3.585,
        "interestIncomeExpense": -3.5,
        "minorityInterest": 0.1,
        "netIncome": 46.2,
        "netIncomeAfterTaxes": 46.1,
        "nonRecurringItems": -4.6,
        "period": "2020-12-31",
        "pretaxIncome": 56.4,
        "provisionforIncomeTaxes": 10.2,
        "researchDevelopment": 16.8,
        "revenue": 224.3,
        "sgaExpense": 78.6,
        "totalOperatingExpense": 95.3,
        "totalOtherIncomeExpenseNet": 8.9
      },
      {
        "costOfGoodsSold": 66.5,
        "dilutedAverageSharesOutstanding": 160.8,
        "dilutedEPS": 0.21,
        "ebit": 49.2,
        "grossIncome": 137.7,
        "interestExpense": 4.417,
        "interestIncomeExpense": -4.3,
        "minorityInterest": 0,
        "netIncome": 33.4,
        "netIncomeAfterTaxes": 33.4,
        "nonRecurringItems": -0.1,
        "period": "2020-09-30",
        "pretaxIncome": 39.3,
        "provisionforIncomeTaxes": 5.9,
        "researchDevelopment": 16,
        "revenue": 204.2,
        "sgaExpense": 72.5,
        "totalOperatingExpense": 88.5,
        "totalOtherIncomeExpenseNet": -5.5
      },
      {
        "costOfGoodsSold": 62.5,
        "dilutedAverageSharesOutstanding": 158.2,
        "dilutedEPS": 0.37,
        "ebit": 39.4,
        "grossIncome": 113.3,
        "interestExpense": 4.617,
        "interestIncomeExpense": -4.5,
        "netIncome": 58.7,
        "netIncomeAfterTaxes": 58.8,
        "nonRecurringItems": -0.1,
        "period": "2020-06-30",
        "pretaxIncome": 61.5,
        "provisionforIncomeTaxes": 2.7,
        "researchDevelopment": 16.8,
        "revenue": 175.8,
        "sgaExpense": 57.1,
        "totalOperatingExpense": 73.9,
        "totalOtherIncomeExpenseNet": 26.7
      },
      {
        "costOfGoodsSold": 64.6,
        "dilutedAverageSharesOutstanding": 157.7,
        "dilutedEPS": 0.23,
        "ebit": 47.6,
        "grossIncome": 130.1,
        "interestExpense": 4.486,
        "interestIncomeExpense": -4.3,
        "netIncome": 36.4,
        "netIncomeAfterTaxes": 36.4,
        "nonRecurringItems": 0.2,
        "period": "2020-03-31",
        "pretaxIncome": 46.8,
        "provisionforIncomeTaxes": 10.4,
        "researchDevelopment": 16,
        "revenue": 194.7,
        "sgaExpense": 66.5,
        "totalOperatingExpense": 82.5,
        "totalOtherIncomeExpenseNet": 3.4
      },
      {
        "costOfGoodsSold": 63.5,
        "dilutedAverageSharesOutstanding": 159,
        "dilutedEPS": 0.76,
        "ebit": 36.2,
        "grossIncome": 121.4,
        "interestExpense": 4.872,
        "interestIncomeExpense": -4.6,
        "netIncome": 119.6,
        "netIncomeAfterTaxes": 119.6,
        "nonRecurringItems": 0.8,
        "period": "2019-12-31",
        "pretaxIncome": 150.3,
        "provisionforIncomeTaxes": 30.7,
        "researchDevelopment": 16.4,
        "revenue": 184.9,
        "sgaExpense": 68.8,
        "totalOperatingExpense": 85.2,
        "totalOtherIncomeExpenseNet": 118
      },
      {
        "costOfGoodsSold": 64.8,
        "dilutedAverageSharesOutstanding": 157.8,
        "dilutedEPS": 0.09,
        "ebit": 34.7,
        "grossIncome": 118.4,
        "interestExpense": 5.222,
        "interestIncomeExpense": -5.1,
        "netIncome": 14.3,
        "netIncomeAfterTaxes": 14.4,
        "nonRecurringItems": -1.4,
        "period": "2019-09-30",
        "pretaxIncome": 17.8,
        "provisionforIncomeTaxes": 3.4,
        "researchDevelopment": 16.1,
        "revenue": 183.2,
        "sgaExpense": 67.6,
        "totalOperatingExpense": 83.7,
        "totalOtherIncomeExpenseNet": -10.4
      },
      {
        "costOfGoodsSold": 63.4,
        "dilutedAverageSharesOutstanding": 156.5,
        "dilutedEPS": 0.1,
        "ebit": 42.3,
        "grossIncome": 128.3,
        "interestExpense": 5.595,
        "interestIncomeExpense": -5.3,
        "netIncome": 16.4,
        "netIncomeAfterTaxes": 16.5,
        "nonRecurringItems": 1,
        "period": "2019-06-30",
        "pretaxIncome": 22.8,
        "provisionforIncomeTaxes": 6.3,
        "researchDevelopment": 16.3,
        "revenue": 191.7,
        "sgaExpense": 69.7,
        "totalOperatingExpense": 86,
        "totalOtherIncomeExpenseNet": -15.2
      },
      {
        "costOfGoodsSold": 60.3,
        "dilutedAverageSharesOutstanding": 155.4,
        "dilutedEPS": 0.29,
        "ebit": 44.2,
        "grossIncome": 124.6,
        "interestExpense": 5.113,
        "interestIncomeExpense": -5,
        "netIncome": 44.6,
        "netIncomeAfterTaxes": 44.7,
        "nonRecurringItems": -0.1,
        "period": "2019-03-31",
        "pretaxIncome": 49.9,
        "provisionforIncomeTaxes": 5.2,
        "researchDevelopment": 15.6,
        "revenue": 184.9,
        "sgaExpense": 64.9,
        "totalOperatingExpense": 80.4,
        "totalOtherIncomeExpenseNet": 10.8
      },
      {
        "costOfGoodsSold": 61.5,
        "dilutedAverageSharesOutstanding": 155,
        "dilutedEPS": 0.11,
        "ebit": 34,
        "grossIncome": 113,
        "interestExpense": 5.759,
        "interestIncomeExpense": -5.6,
        "netIncome": 17.5,
        "netIncomeAfterTaxes": 17.6,
        "nonRecurringItems": -0.4,
        "period": "2018-12-31",
        "pretaxIncome": 21.8,
        "provisionforIncomeTaxes": 4.2,
        "researchDevelopment": 15.8,
        "revenue": 174.5,
        "sgaExpense": 63.2,
        "totalOperatingExpense": 79,
        "totalOtherIncomeExpenseNet": -6.2
      },
      {
        "costOfGoodsSold": 55.4,
        "dilutedAverageSharesOutstanding": 155.3,
        "dilutedEPS": 0.11,
        "ebit": 28.5,
        "grossIncome": 107.6,
        "interestExpense": 5.239,
        "interestIncomeExpense": -5.1,
        "netIncome": 17.4,
        "netIncomeAfterTaxes": 17.4,
        "nonRecurringItems": -2.7,
        "period": "2018-09-30",
        "pretaxIncome": 17.6,
        "provisionforIncomeTaxes": 0.2,
        "researchDevelopment": 14.8,
        "revenue": 163,
        "sgaExpense": 64.3,
        "totalOperatingExpense": 79.1,
        "totalOtherIncomeExpenseNet": -3
      },
      {
        "costOfGoodsSold": 58.1,
        "dilutedAverageSharesOutstanding": 153.7,
        "dilutedEPS": 0.26,
        "ebit": 43.5,
        "gainLossOnDispositionOfAssets": 0.5,
        "grossIncome": 122.2,
        "interestExpense": 3.053,
        "interestIncomeExpense": 13.1,
        "netIncome": 41.7,
        "netIncomeAfterTaxes": 40.2,
        "nonRecurringItems": -0.5,
        "period": "2018-06-30",
        "pretaxIncome": 56.3,
        "provisionforIncomeTaxes": 16.1,
        "researchDevelopment": 14,
        "revenue": 180.3,
        "sgaExpense": 64.7,
        "totalOperatingExpense": 78.7,
        "totalOtherIncomeExpenseNet": -0.3
      },
      {
        "costOfGoodsSold": 53.7,
        "dilutedAverageSharesOutstanding": 152.6,
        "dilutedEPS": 0.14,
        "ebit": 44.4,
        "grossIncome": 110.3,
        "interestExpense": 2.56,
        "interestIncomeExpense": -2.4,
        "netIncome": 19.7,
        "netIncomeAfterTaxes": 21.5,
        "nonRecurringItems": -17.6,
        "period": "2018-03-31",
        "pretaxIncome": 25,
        "provisionforIncomeTaxes": 3.4,
        "researchDevelopment": 13.9,
        "revenue": 164,
        "sgaExpense": 51.9,
        "totalOperatingExpense": 65.8,
        "totalOtherIncomeExpenseNet": 0.5
      },
      {
        "costOfGoodsSold": 52.3,
        "dilutedAverageSharesOutstanding": 151.7,
        "dilutedEPS": 0.32,
        "ebit": 37.3,
        "grossIncome": 101.8,
        "interestExpense": 2.331,
        "interestIncomeExpense": -2.3,
        "netIncome": 48.8,
        "netIncomeAfterTaxes": 15.3,
        "nonRecurringItems": -13.2,
        "period": "2017-12-31",
        "pretaxIncome": 21.7,
        "provisionforIncomeTaxes": 6.4,
        "researchDevelopment": 13.9,
        "revenue": 154.2,
        "sgaExpense": 50.5,
        "totalOperatingExpense": 64.5,
        "totalOtherIncomeExpenseNet": -0.2
      },
      {
        "costOfGoodsSold": 46.7,
        "dilutedAverageSharesOutstanding": 150.8,
        "dilutedEPS": 0.11,
        "ebit": 35.6,
        "grossIncome": 97.9,
        "interestExpense": 2.243,
        "interestIncomeExpense": -2.2,
        "netIncome": 15.9,
        "netIncomeAfterTaxes": 15.9,
        "nonRecurringItems": -9.6,
        "period": "2017-09-30",
        "pretaxIncome": 23,
        "provisionforIncomeTaxes": 7.1,
        "researchDevelopment": 13.5,
        "revenue": 144.6,
        "sgaExpense": 48.7,
        "totalOperatingExpense": 62.3,
        "totalOtherIncomeExpenseNet": -0.9
      },
      {
        "costOfGoodsSold": 45.8,
        "dilutedAverageSharesOutstanding": 150.2,
        "dilutedEPS": 0.21,
        "ebit": 54.7,
        "grossIncome": 110.8,
        "interestExpense": 2.16,
        "interestIncomeExpense": -2.1,
        "netIncome": 32.1,
        "netIncomeAfterTaxes": 32.1,
        "nonRecurringItems": -8,
        "period": "2017-06-30",
        "pretaxIncome": 44.3,
        "provisionforIncomeTaxes": 12.2,
        "researchDevelopment": 13.7,
        "revenue": 156.6,
        "sgaExpense": 42.4,
        "totalOperatingExpense": 56.1,
        "totalOtherIncomeExpenseNet": -0.4
      },
      {
        "costOfGoodsSold": 47.4,
        "dilutedAverageSharesOutstanding": 150,
        "dilutedEPS": 0.15,
        "ebit": 37.6,
        "grossIncome": 96.7,
        "interestExpense": 2.108,
        "interestIncomeExpense": -2,
        "netIncome": 22.2,
        "netIncomeAfterTaxes": 22.2,
        "nonRecurringItems": -4.1,
        "period": "2017-03-31",
        "pretaxIncome": 31.1,
        "provisionforIncomeTaxes": 9,
        "researchDevelopment": 13.8,
        "revenue": 144,
        "sgaExpense": 45.3,
        "totalOperatingExpense": 59,
        "totalOtherIncomeExpenseNet": -0.3
      },
      {
        "costOfGoodsSold": 43.7,
        "dilutedAverageSharesOutstanding": 149.9,
        "dilutedEPS": 0.05,
        "ebit": 30,
        "grossIncome": 88.1,
        "interestExpense": 1.921,
        "interestIncomeExpense": -1.8,
        "netIncome": 7.5,
        "netIncomeAfterTaxes": 7.5,
        "nonRecurringItems": -12.1,
        "period": "2016-12-31",
        "pretaxIncome": 15.2,
        "provisionforIncomeTaxes": 7.7,
        "researchDevelopment": 13.3,
        "revenue": 131.8,
        "sgaExpense": 44.8,
        "totalOperatingExpense": 58.1,
        "totalOtherIncomeExpenseNet": -0.9
      },
      {
        "costOfGoodsSold": 43.2,
        "dilutedAverageSharesOutstanding": 149.9,
        "dilutedEPS": 0.13,
        "ebit": 32.8,
        "grossIncome": 87.3,
        "interestExpense": 1.4,
        "interestIncomeExpense": -1.4,
        "netIncome": 18.8,
        "netIncomeAfterTaxes": 18.8,
        "nonRecurringItems": -3.6,
        "period": "2016-09-30",
        "pretaxIncome": 27.8,
        "provisionforIncomeTaxes": 8.9,
        "researchDevelopment": 12.8,
        "revenue": 130.6,
        "sgaExpense": 41.8,
        "totalOperatingExpense": 54.6,
        "totalOtherIncomeExpenseNet": 0
      },
      {
        "costOfGoodsSold": 45.1,
        "dilutedAverageSharesOutstanding": 149.5,
        "dilutedEPS": 0.17,
        "ebit": 40.5,
        "grossIncome": 89.7,
        "interestExpense": 0.433,
        "interestIncomeExpense": -0.4,
        "netIncome": 25.6,
        "netIncomeAfterTaxes": 25.6,
        "nonRecurringItems": -0.5,
        "period": "2016-06-30",
        "pretaxIncome": 37.8,
        "provisionforIncomeTaxes": 12.1,
        "researchDevelopment": 11.6,
        "revenue": 134.8,
        "sgaExpense": 37.6,
        "totalOperatingExpense": 49.2,
        "totalOtherIncomeExpenseNet": -1.9
      },
      {
        "costOfGoodsSold": 41,
        "dilutedAverageSharesOutstanding": 149.2,
        "dilutedEPS": 0.2,
        "ebit": 44.8,
        "grossIncome": 90,
        "interestExpense": 0.448,
        "interestIncomeExpense": -0.4,
        "netIncome": 30.3,
        "netIncomeAfterTaxes": 30.3,
        "nonRecurringItems": -1.3,
        "period": "2016-03-31",
        "pretaxIncome": 42.5,
        "provisionforIncomeTaxes": 12.2,
        "researchDevelopment": 11.2,
        "revenue": 131,
        "sgaExpense": 33.9,
        "totalOperatingExpense": 45.1,
        "totalOtherIncomeExpenseNet": -0.7
      },
      {
        "costOfGoodsSold": 39.3,
        "dilutedAverageSharesOutstanding": 149.2,
        "dilutedEPS": 0.17,
        "ebit": 36.7,
        "grossIncome": 81.6,
        "interestExpense": 0.4,
        "interestIncomeExpense": -0.3,
        "netIncome": 25.9,
        "netIncomeAfterTaxes": 25.9,
        "nonRecurringItems": -0.7,
        "period": "2015-12-31",
        "pretaxIncome": 35.4,
        "provisionforIncomeTaxes": 9.5,
        "researchDevelopment": 11,
        "revenue": 120.9,
        "sgaExpense": 33.9,
        "totalOperatingExpense": 44.9,
        "totalOtherIncomeExpenseNet": -0.3
      },
      {
        "costOfGoodsSold": 37,
        "dilutedAverageSharesOutstanding": 149.3,
        "dilutedEPS": 0.15,
        "ebit": 31.3,
        "grossIncome": 75.4,
        "interestExpense": 0.451,
        "interestIncomeExpense": -0.4,
        "netIncome": 22.7,
        "netIncomeAfterTaxes": 22.7,
        "nonRecurringItems": -0.3,
        "period": "2015-09-30",
        "pretaxIncome": 31.8,
        "provisionforIncomeTaxes": 9.1,
        "researchDevelopment": 11.3,
        "revenue": 112.4,
        "sgaExpense": 32.7,
        "totalOperatingExpense": 44.1,
        "totalOtherIncomeExpenseNet": 1.2
      }
    ],
    "symbol": "TECH"
  }
}