{
  "symbol": "CHRW",
  "statement": "ic",
  "frequency": "quarterly",
  "timestamp": "2025-09-19T13:57:14.389347",
  "data": {
    "financials": [
      {
        "costOfGoodsSold": 3443.312,
        "dilutedAverageSharesOutstanding": 121.025,
        "dilutedEPS": 1.2598,
        "ebit": 219.8,
        "grossIncome": 693.231,
        "interestExpense": 22.026,
        "interestIncomeExpense": -22.026,
        "netIncome": 152.471,
        "netIncomeAfterTaxes": 152.471,
        "nonRecurringItems": -3.881,
        "period": "2025-06-30",
        "pretaxIncome": 193.893,
        "provisionforIncomeTaxes": 41.422,
        "revenue": 4136.543,
        "sgaExpense": 473.431,
        "totalOperatingExpense": 473.431
      },
      {
        "costOfGoodsSold": 3373.652,
        "dilutedAverageSharesOutstanding": 121.932,
        "dilutedEPS": 1.1097,
        "ebit": 184.353,
        "grossIncome": 673.088,
        "interestExpense": 20.051,
        "interestIncomeExpense": -20.051,
        "netIncome": 135.302,
        "netIncomeAfterTaxes": 135.302,
        "nonRecurringItems": -7.5,
        "period": "2025-03-31",
        "pretaxIncome": 156.802,
        "provisionforIncomeTaxes": 21.5,
        "revenue": 4046.74,
        "sgaExpense": 488.735,
        "totalOperatingExpense": 488.735
      },
      {
        "costOfGoodsSold": 3500.033,
        "dilutedAverageSharesOutstanding": 122.251,
        "dilutedEPS": 1.2213,
        "ebit": 184.409,
        "grossIncome": 684.623,
        "interestExpense": 15.35,
        "interestIncomeExpense": -15.35,
        "netIncome": 149.306,
        "netIncomeAfterTaxes": 149.306,
        "nonRecurringItems": -0.61,
        "period": "2024-12-31",
        "pretaxIncome": 168.449,
        "provisionforIncomeTaxes": 19.143,
        "revenue": 4184.656,
        "sgaExpense": 500.214,
        "totalOperatingExpense": 500.214
      },
      {
        "costOfGoodsSold": 3909.388,
        "dilutedAverageSharesOutstanding": 121.179,
        "dilutedEPS": 0.8024,
        "ebit": 241.584,
        "grossIncome": 735.253,
        "interestExpense": 36.282,
        "interestIncomeExpense": -36.282,
        "netIncome": 97.229,
        "netIncomeAfterTaxes": 97.229,
        "nonRecurringItems": -61.465,
        "period": "2024-09-30",
        "pretaxIncome": 143.837,
        "provisionforIncomeTaxes": 46.608,
        "revenue": 4644.641,
        "sgaExpense": 493.669,
        "totalOperatingExpense": 493.669
      },
      {
        "costOfGoodsSold": 3795.939,
        "dilutedAverageSharesOutstanding": 119.92,
        "dilutedEPS": 1.0528,
        "ebit": 193.299,
        "grossIncome": 687.409,
        "interestExpense": 21.525,
        "interestIncomeExpense": -21.525,
        "netIncome": 126.251,
        "netIncomeAfterTaxes": 126.251,
        "nonRecurringItems": -15.209,
        "period": "2024-06-30",
        "pretaxIncome": 156.565,
        "provisionforIncomeTaxes": 30.314,
        "revenue": 4483.348,
        "sgaExpense": 494.11,
        "totalOperatingExpense": 494.11
      },
      {
        "costOfGoodsSold": 3754.582,
        "dilutedAverageSharesOutstanding": 119.604,
        "dilutedEPS": 0.7768,
        "ebit": 140.044,
        "grossIncome": 657.729,
        "interestExpense": 16.78,
        "interestIncomeExpense": -16.78,
        "netIncome": 92.904,
        "netIncomeAfterTaxes": 92.904,
        "nonRecurringItems": -12.911,
        "period": "2024-03-31",
        "pretaxIncome": 110.353,
        "provisionforIncomeTaxes": 17.449,
        "revenue": 4412.311,
        "sgaExpense": 517.685,
        "totalOperatingExpense": 517.685
      },
      {
        "costOfGoodsSold": 3603.264,
        "dilutedAverageSharesOutstanding": 119.422,
        "dilutedEPS": 0.2594,
        "ebit": 107.19,
        "grossIncome": 618.623,
        "interestExpense": 38.149,
        "interestIncomeExpense": -38.149,
        "netIncome": 30.973,
        "netIncomeAfterTaxes": 30.973,
        "nonRecurringItems": 0.239,
        "period": "2023-12-31",
        "pretaxIncome": 69.28,
        "provisionforIncomeTaxes": 38.307,
        "revenue": 4221.887,
        "sgaExpense": 511.433,
        "totalOperatingExpense": 511.433
      },
      {
        "costOfGoodsSold": 3706.2,
        "dilutedAverageSharesOutstanding": 119.8,
        "dilutedEPS": 0.68,
        "ebit": 113.4,
        "grossIncome": 634.8,
        "interestExpense": 20.748,
        "interestIncomeExpense": -20.7,
        "netIncome": 81.9,
        "netIncomeAfterTaxes": 81.9,
        "nonRecurringItems": 0.1,
        "period": "2023-09-30",
        "pretaxIncome": 92.8,
        "provisionforIncomeTaxes": 10.8,
        "revenue": 4341,
        "sgaExpense": 521.5,
        "totalOperatingExpense": 521.4
      },
      {
        "costOfGoodsSold": 3756.4,
        "dilutedAverageSharesOutstanding": 119.8,
        "dilutedEPS": 0.81,
        "ebit": 146.7,
        "grossIncome": 665.5,
        "interestExpense": 18.259,
        "interestIncomeExpense": -18.3,
        "netIncome": 97.3,
        "netIncomeAfterTaxes": 97.3,
        "nonRecurringItems": -14.1,
        "period": "2023-06-30",
        "pretaxIncome": 114.4,
        "provisionforIncomeTaxes": 17,
        "revenue": 4421.9,
        "sgaExpense": 518.7,
        "totalOperatingExpense": 518.7
      },
      {
        "costOfGoodsSold": 3926,
        "dilutedAverageSharesOutstanding": 119.9,
        "dilutedEPS": 0.96,
        "ebit": 164.7,
        "grossIncome": 685.6,
        "interestExpense": 28.265,
        "interestIncomeExpense": -28.3,
        "netIncome": 114.9,
        "netIncomeAfterTaxes": 114.9,
        "nonRecurringItems": -3.7,
        "period": "2023-03-31",
        "pretaxIncome": 132.8,
        "provisionforIncomeTaxes": 17.9,
        "revenue": 4611.7,
        "sgaExpense": 520.9,
        "totalOperatingExpense": 520.9
      },
      {
        "costOfGoodsSold": 4298.6,
        "dilutedAverageSharesOutstanding": 120.2,
        "dilutedEPS": 0.8,
        "ebit": 164,
        "grossIncome": 768.2,
        "interestExpense": 42.476,
        "interestIncomeExpense": -42.5,
        "netIncome": 96.2,
        "netIncomeAfterTaxes": 96.2,
        "period": "2022-12-31",
        "pretaxIncome": 121.6,
        "provisionforIncomeTaxes": 25.4,
        "revenue": 5066.8,
        "sgaExpense": 604.1,
        "totalOperatingExpense": 604.2
      },
      {
        "costOfGoodsSold": 5128.2,
        "dilutedAverageSharesOutstanding": 127.2,
        "dilutedEPS": 1.78,
        "ebit": 287.6,
        "grossIncome": 887.2,
        "interestExpense": 15.972,
        "interestIncomeExpense": -16,
        "netIncome": 225.8,
        "netIncomeAfterTaxes": 225.8,
        "period": "2022-09-30",
        "pretaxIncome": 271.6,
        "provisionforIncomeTaxes": 45.8,
        "revenue": 6015.4,
        "sgaExpense": 599.6,
        "totalOperatingExpense": 599.6
      },
      {
        "costOfGoodsSold": 5766.9,
        "dilutedAverageSharesOutstanding": 130.3,
        "dilutedEPS": 2.67,
        "ebit": 469.7,
        "grossIncome": 1031.6,
        "interestExpense": 27.395,
        "interestIncomeExpense": -27.4,
        "netIncome": 348.2,
        "netIncomeAfterTaxes": 348.2,
        "period": "2022-06-30",
        "pretaxIncome": 442.3,
        "provisionforIncomeTaxes": 94.1,
        "revenue": 6798.5,
        "sgaExpense": 561.9,
        "totalOperatingExpense": 561.9
      },
      {
        "costOfGoodsSold": 5909.8,
        "dilutedAverageSharesOutstanding": 132.2,
        "dilutedEPS": 2.05,
        "ebit": 345.5,
        "grossIncome": 906.2,
        "interestExpense": 14.174,
        "interestIncomeExpense": -14.2,
        "netIncome": 270.3,
        "netIncomeAfterTaxes": 270.3,
        "period": "2022-03-31",
        "pretaxIncome": 331.3,
        "provisionforIncomeTaxes": 61,
        "revenue": 6816,
        "sgaExpense": 560.7,
        "totalOperatingExpense": 560.7
      },
      {
        "costOfGoodsSold": 5645.5,
        "dilutedAverageSharesOutstanding": 131.4,
        "dilutedEPS": 1.75,
        "ebit": 287.4,
        "grossIncome": 856.3,
        "interestExpense": 18.398,
        "interestIncomeExpense": -18.4,
        "netIncome": 230.1,
        "netIncomeAfterTaxes": 230.1,
        "period": "2021-12-31",
        "pretaxIncome": 269,
        "provisionforIncomeTaxes": 38.9,
        "revenue": 6501.8,
        "sgaExpense": 568.9,
        "totalOperatingExpense": 568.9
      },
      {
        "costOfGoodsSold": 5419.5,
        "dilutedAverageSharesOutstanding": 133.4,
        "dilutedEPS": 1.85,
        "ebit": 310.8,
        "grossIncome": 844.2,
        "interestExpense": 16.662,
        "interestIncomeExpense": -16.7,
        "netIncome": 247.1,
        "netIncomeAfterTaxes": 247.1,
        "period": "2021-09-30",
        "pretaxIncome": 294.1,
        "provisionforIncomeTaxes": 47.1,
        "revenue": 6263.7,
        "sgaExpense": 533.4,
        "totalOperatingExpense": 533.4
      },
      {
        "costOfGoodsSold": 4783.6,
        "dilutedAverageSharesOutstanding": 134.9,
        "dilutedEPS": 1.44,
        "ebit": 260.6,
        "grossIncome": 749.2,
        "interestExpense": 13.497,
        "interestIncomeExpense": -13.5,
        "netIncome": 193.8,
        "netIncomeAfterTaxes": 193.8,
        "period": "2021-06-30",
        "pretaxIncome": 247.1,
        "provisionforIncomeTaxes": 53.3,
        "revenue": 5532.7,
        "sgaExpense": 488.6,
        "totalOperatingExpense": 488.5
      },
      {
        "costOfGoodsSold": 4101.5,
        "dilutedAverageSharesOutstanding": 135.7,
        "dilutedEPS": 1.28,
        "ebit": 223.3,
        "grossIncome": 702.4,
        "interestExpense": 11.26,
        "interestIncomeExpense": -11.3,
        "netIncome": 173.3,
        "netIncomeAfterTaxes": 173.3,
        "period": "2021-03-31",
        "pretaxIncome": 212.1,
        "provisionforIncomeTaxes": 38.8,
        "revenue": 4803.9,
        "sgaExpense": 479.1,
        "totalOperatingExpense": 479
      },
      {
        "costOfGoodsSold": 3908.9,
        "dilutedAverageSharesOutstanding": 136.3,
        "dilutedEPS": 1.08,
        "ebit": 206.8,
        "grossIncome": 640.6,
        "interestExpense": 12.033,
        "interestIncomeExpense": -12,
        "netIncome": 147.8,
        "netIncomeAfterTaxes": 147.8,
        "period": "2020-12-31",
        "pretaxIncome": 194.8,
        "provisionforIncomeTaxes": 47,
        "revenue": 4549.5,
        "sgaExpense": 433.8,
        "totalOperatingExpense": 433.8
      },
      {
        "costOfGoodsSold": 3635.5,
        "dilutedAverageSharesOutstanding": 137.1,
        "dilutedEPS": 1,
        "ebit": 168.2,
        "grossIncome": 589.3,
        "interestExpense": 7.465,
        "interestIncomeExpense": -7.5,
        "netIncome": 136.5,
        "netIncomeAfterTaxes": 136.5,
        "period": "2020-09-30",
        "pretaxIncome": 160.8,
        "provisionforIncomeTaxes": 24.2,
        "revenue": 4224.8,
        "sgaExpense": 421,
        "totalOperatingExpense": 421.1
      },
      {
        "costOfGoodsSold": 3013.4,
        "dilutedAverageSharesOutstanding": 135.6,
        "dilutedEPS": 1.06,
        "ebit": 188.8,
        "grossIncome": 614.5,
        "interestExpense": 10.211,
        "interestIncomeExpense": -10.2,
        "netIncome": 143.9,
        "netIncomeAfterTaxes": 143.9,
        "period": "2020-06-30",
        "pretaxIncome": 178.6,
        "provisionforIncomeTaxes": 34.6,
        "revenue": 3627.8,
        "sgaExpense": 425.7,
        "totalOperatingExpense": 425.7
      },
      {
        "costOfGoodsSold": 3237.1,
        "dilutedAverageSharesOutstanding": 136,
        "dilutedEPS": 0.57,
        "ebit": 109.4,
        "grossIncome": 568,
        "interestExpense": 15.228,
        "interestIncomeExpense": -15.2,
        "netIncome": 78.1,
        "netIncomeAfterTaxes": 78.1,
        "period": "2020-03-31",
        "pretaxIncome": 94.2,
        "provisionforIncomeTaxes": 16.1,
        "revenue": 3805,
        "sgaExpense": 458.5,
        "totalOperatingExpense": 458.5
      },
      {
        "costOfGoodsSold": 3214.5,
        "dilutedAverageSharesOutstanding": 136,
        "dilutedEPS": 0.73,
        "ebit": 136.8,
        "grossIncome": 578.9,
        "interestExpense": 10.784,
        "interestIncomeExpense": -10.8,
        "netIncome": 99.1,
        "netIncomeAfterTaxes": 99.1,
        "period": "2019-12-31",
        "pretaxIncome": 126,
        "provisionforIncomeTaxes": 26.9,
        "revenue": 3793.3,
        "sgaExpense": 442.1,
        "totalOperatingExpense": 442
      },
      {
        "costOfGoodsSold": 3222.7,
        "dilutedAverageSharesOutstanding": 137.5,
        "dilutedEPS": 1.07,
        "ebit": 201.1,
        "grossIncome": 633.4,
        "interestExpense": 13.18,
        "interestIncomeExpense": -13.2,
        "netIncome": 146.9,
        "netIncomeAfterTaxes": 146.9,
        "period": "2019-09-30",
        "pretaxIncome": 187.9,
        "provisionforIncomeTaxes": 41,
        "revenue": 3856.1,
        "sgaExpense": 432.3,
        "totalOperatingExpense": 432.3
      },
      {
        "costOfGoodsSold": 3213.6,
        "dilutedAverageSharesOutstanding": 138.3,
        "dilutedEPS": 1.22,
        "ebit": 227.5,
        "grossIncome": 695.2,
        "interestExpense": 6.615,
        "interestIncomeExpense": -6.6,
        "netIncome": 169.2,
        "netIncomeAfterTaxes": 169.2,
        "period": "2019-06-30",
        "pretaxIncome": 220.9,
        "provisionforIncomeTaxes": 51.7,
        "revenue": 3908.8,
        "sgaExpense": 467.7,
        "totalOperatingExpense": 467.7
      },
      {
        "costOfGoodsSold": 3072.4,
        "dilutedAverageSharesOutstanding": 139,
        "dilutedEPS": 1.16,
        "ebit": 224.6,
        "grossIncome": 678.8,
        "interestExpense": 17.14,
        "interestIncomeExpense": -17.1,
        "netIncome": 161.8,
        "netIncomeAfterTaxes": 161.8,
        "period": "2019-03-31",
        "pretaxIncome": 207.4,
        "provisionforIncomeTaxes": 45.6,
        "revenue": 3751.2,
        "sgaExpense": 454.3,
        "totalOperatingExpense": 454.3
      },
      {
        "costOfGoodsSold": 3424.1,
        "dilutedAverageSharesOutstanding": 139.5,
        "dilutedEPS": 1.34,
        "ebit": 255.5,
        "grossIncome": 713.8,
        "interestExpense": 9.456,
        "interestIncomeExpense": -9.5,
        "netIncome": 187.2,
        "netIncomeAfterTaxes": 187,
        "period": "2018-12-31",
        "pretaxIncome": 246.1,
        "provisionforIncomeTaxes": 59.1,
        "revenue": 4137.9,
        "sgaExpense": 458.3,
        "totalOperatingExpense": 458.3
      },
      {
        "costOfGoodsSold": 3597.9,
        "dilutedAverageSharesOutstanding": 140.2,
        "dilutedEPS": 1.27,
        "ebit": 246,
        "grossIncome": 694,
        "interestExpense": 6.526,
        "interestIncomeExpense": -6.5,
        "netIncome": 175.9,
        "netIncomeAfterTaxes": 178.5,
        "period": "2018-09-30",
        "pretaxIncome": 239.4,
        "provisionforIncomeTaxes": 61,
        "revenue": 4291.9,
        "sgaExpense": 448.1,
        "totalOperatingExpense": 448
      },
      {
        "costOfGoodsSold": 3604.6,
        "dilutedAverageSharesOutstanding": 140.6,
        "dilutedEPS": 1.13,
        "ebit": 219,
        "grossIncome": 671.5,
        "interestExpense": 5.128,
        "interestIncomeExpense": -5.1,
        "netIncome": 159.2,
        "netIncomeAfterTaxes": 159.4,
        "period": "2018-06-30",
        "pretaxIncome": 213.9,
        "provisionforIncomeTaxes": 54.5,
        "revenue": 4276,
        "sgaExpense": 452.5,
        "totalOperatingExpense": 452.4
      },
      {
        "costOfGoodsSold": 3299.4,
        "dilutedAverageSharesOutstanding": 141.3,
        "dilutedEPS": 1.01,
        "ebit": 191.6,
        "grossIncome": 625.9,
        "interestExpense": 10.7,
        "interestIncomeExpense": -10.7,
        "netIncome": 142.3,
        "netIncomeAfterTaxes": 143.1,
        "period": "2018-03-31",
        "pretaxIncome": 180.9,
        "provisionforIncomeTaxes": 37.8,
        "revenue": 3925.3,
        "sgaExpense": 434.3,
        "totalOperatingExpense": 434.3
      },
      {
        "costOfGoodsSold": 3327.9,
        "dilutedAverageSharesOutstanding": 141.3,
        "dilutedEPS": 1.07,
        "ebit": 210.9,
        "grossIncome": 631.8,
        "interestExpense": 17.502,
        "interestIncomeExpense": -17.5,
        "netIncome": 152.6,
        "netIncomeAfterTaxes": 140.5,
        "period": "2017-12-31",
        "pretaxIncome": 193.4,
        "provisionforIncomeTaxes": 52.9,
        "revenue": 3959.8,
        "sgaExpense": 421,
        "totalOperatingExpense": 421
      },
      {
        "costOfGoodsSold": 3190.6,
        "dilutedAverageSharesOutstanding": 141,
        "dilutedEPS": 0.85,
        "ebit": 194.5,
        "grossIncome": 593.8,
        "interestExpense": 10.484,
        "interestIncomeExpense": -10.5,
        "netIncome": 119.2,
        "netIncomeAfterTaxes": 119.2,
        "period": "2017-09-30",
        "pretaxIncome": 184,
        "provisionforIncomeTaxes": 64.8,
        "revenue": 3784.5,
        "sgaExpense": 399.4,
        "totalOperatingExpense": 399.4
      },
      {
        "costOfGoodsSold": 3136.2,
        "dilutedAverageSharesOutstanding": 141.6,
        "dilutedEPS": 0.78,
        "ebit": 181.8,
        "grossIncome": 573.8,
        "interestExpense": 9.368,
        "interestIncomeExpense": -9.4,
        "netIncome": 111.1,
        "netIncomeAfterTaxes": 111.1,
        "period": "2017-06-30",
        "pretaxIncome": 172.5,
        "provisionforIncomeTaxes": 61.4,
        "revenue": 3710,
        "sgaExpense": 392,
        "totalOperatingExpense": 392
      },
      {
        "costOfGoodsSold": 2846.6,
        "dilutedAverageSharesOutstanding": 141.9,
        "dilutedEPS": 0.86,
        "ebit": 188,
        "grossIncome": 568.6,
        "interestExpense": 9.302,
        "interestIncomeExpense": -9.3,
        "netIncome": 122.1,
        "netIncomeAfterTaxes": 122.1,
        "period": "2017-03-31",
        "pretaxIncome": 178.7,
        "provisionforIncomeTaxes": 56.6,
        "revenue": 3415.1,
        "sgaExpense": 380.6,
        "totalOperatingExpense": 380.6
      },
      {
        "costOfGoodsSold": 2853.5,
        "dilutedAverageSharesOutstanding": 142.2,
        "dilutedEPS": 0.86,
        "ebit": 193.6,
        "grossIncome": 561.5,
        "interestExpense": 3.118,
        "interestIncomeExpense": -3.1,
        "netIncome": 122.3,
        "netIncomeAfterTaxes": 122.3,
        "period": "2016-12-31",
        "pretaxIncome": 190.4,
        "provisionforIncomeTaxes": 68.1,
        "revenue": 3415,
        "sgaExpense": 368,
        "totalOperatingExpense": 367.9
      },
      {
        "costOfGoodsSold": 2797.3,
        "dilutedAverageSharesOutstanding": 142.9,
        "dilutedEPS": 0.9,
        "ebit": 211.3,
        "grossIncome": 558.5,
        "interestExpense": 7.426,
        "interestIncomeExpense": -7.4,
        "netIncome": 129,
        "netIncomeAfterTaxes": 129,
        "period": "2016-09-30",
        "pretaxIncome": 203.8,
        "provisionforIncomeTaxes": 74.8,
        "revenue": 3355.8,
        "sgaExpense": 347.2,
        "totalOperatingExpense": 347.2
      },
      {
        "costOfGoodsSold": 2705.5,
        "dilutedAverageSharesOutstanding": 143.2,
        "dilutedEPS": 1,
        "ebit": 233.7,
        "grossIncome": 594.2,
        "interestExpense": 6.265,
        "interestIncomeExpense": -6.3,
        "netIncome": 143.1,
        "netIncomeAfterTaxes": 143.1,
        "period": "2016-06-30",
        "pretaxIncome": 227.5,
        "provisionforIncomeTaxes": 84.4,
        "revenue": 3299.7,
        "sgaExpense": 360.5,
        "totalOperatingExpense": 360.5
      },
      {
        "costOfGoodsSold": 2510.6,
        "dilutedAverageSharesOutstanding": 143.7,
        "dilutedEPS": 0.83,
        "ebit": 199,
        "grossIncome": 563.3,
        "interestExpense": 8.772,
        "interestIncomeExpense": -8.8,
        "netIncome": 119,
        "netIncomeAfterTaxes": 119,
        "period": "2016-03-31",
        "pretaxIncome": 190.2,
        "provisionforIncomeTaxes": 71.2,
        "revenue": 3073.9,
        "sgaExpense": 364.4,
        "totalOperatingExpense": 364.4
      },
      {
        "costOfGoodsSold": 2640.1,
        "dilutedAverageSharesOutstanding": 144.6,
        "dilutedEPS": 0.88,
        "ebit": 214.6,
        "grossIncome": 570.8,
        "interestExpense": 13.471,
        "interestIncomeExpense": -13.5,
        "netIncome": 126.6,
        "netIncomeAfterTaxes": 126.6,
        "period": "2015-12-31",
        "pretaxIncome": 201.1,
        "provisionforIncomeTaxes": 74.5,
        "revenue": 3210.9,
        "sgaExpense": 356.2,
        "totalOperatingExpense": 356.2
      },
      {
        "costOfGoodsSold": 2830.7,
        "dilutedAverageSharesOutstanding": 144.8,
        "dilutedEPS": 0.96,
        "ebit": 232.7,
        "grossIncome": 588.6,
        "interestExpense": 6.559,
        "interestIncomeExpense": -6.6,
        "netIncome": 139.4,
        "netIncomeAfterTaxes": 139.4,
        "period": "2015-09-30",
        "pretaxIncome": 226.2,
        "provisionforIncomeTaxes": 86.7,
        "revenue": 3419.3,
        "sgaExpense": 355.9,
        "totalOperatingExpense": 355.8
      }
    ],
    "symbol": "CHRW"
  }
}