{
  "symbol": "EOG",
  "statement": "ic",
  "frequency": "annual",
  "timestamp": "2025-09-19T13:59:49.153031",
  "data": {
    "financials": [
      {
        "costOfGoodsSold": 9038,
        "depreciationAmortization": 4108,
        "dilutedAverageSharesOutstanding": 569,
        "dilutedEPS": 11.2531,
        "ebit": 8457,
        "grossIncome": 14644,
        "interestExpense": 138,
        "interestIncomeExpense": 139,
        "netIncome": 6403,
        "netIncomeAfterTaxes": 6403,
        "nonRecurringItems": -375,
        "period": "2024-12-31",
        "pretaxIncome": 8218,
        "provisionforIncomeTaxes": 1815,
        "researchDevelopment": 161,
        "revenue": 23682,
        "sgaExpense": 1918,
        "totalOperatingExpense": 6187,
        "totalOtherIncomeExpenseNet": -3,
        "year": 2024
      },
      {
        "costOfGoodsSold": 8807,
        "depreciationAmortization": 3492,
        "dilutedAverageSharesOutstanding": 584,
        "dilutedEPS": 13.0034,
        "ebit": 9710,
        "grossIncome": 15284,
        "interestExpense": 148,
        "interestIncomeExpense": 92,
        "netIncome": 7594,
        "netIncomeAfterTaxes": 7594,
        "nonRecurringItems": -107,
        "period": "2023-12-31",
        "pretaxIncome": 9689,
        "provisionforIncomeTaxes": 2095,
        "researchDevelopment": 158,
        "revenue": 24091,
        "sgaExpense": 1924,
        "totalOperatingExpense": 5574,
        "totalOtherIncomeExpenseNet": -6,
        "year": 2023
      },
      {
        "costOfGoodsSold": 9468,
        "depreciationAmortization": 3542,
        "dilutedAverageSharesOutstanding": 587,
        "dilutedEPS": 13.2181,
        "ebit": 10274,
        "grossIncome": 16160,
        "interestExpense": 179,
        "interestIncomeExpense": -94,
        "netIncome": 7759,
        "netIncomeAfterTaxes": 7759,
        "nonRecurringItems": -308,
        "period": "2022-12-31",
        "pretaxIncome": 9901,
        "provisionforIncomeTaxes": 2142,
        "researchDevelopment": 189,
        "revenue": 25628,
        "sgaExpense": 2155,
        "totalOperatingExpense": 5886,
        "totalOtherIncomeExpenseNet": 29,
        "year": 2022
      },
      {
        "costOfGoodsSold": 6750,
        "depreciationAmortization": 3651,
        "dilutedAverageSharesOutstanding": 584,
        "dilutedEPS": 7.9863,
        "ebit": 6461,
        "grossIncome": 11875,
        "interestExpense": 178,
        "interestIncomeExpense": -178,
        "netIncome": 4664,
        "netIncomeAfterTaxes": 4664,
        "nonRecurringItems": -359,
        "period": "2021-12-31",
        "pretaxIncome": 5933,
        "provisionforIncomeTaxes": 1269,
        "researchDevelopment": 205,
        "revenue": 18625,
        "sgaExpense": 1558,
        "totalOperatingExpense": 5414,
        "totalOtherIncomeExpenseNet": 9,
        "year": 2021
      },
      {
        "costOfGoodsSold": 4976,
        "depreciationAmortization": 3400,
        "dilutedAverageSharesOutstanding": 579,
        "dilutedEPS": -1.04,
        "ebit": 1603,
        "grossIncome": 6103,
        "interestExpense": 205.266,
        "interestIncomeExpense": -205,
        "netIncome": -605,
        "netIncomeAfterTaxes": -605,
        "nonRecurringItems": -2147,
        "period": "2020-12-31",
        "pretaxIncome": -739,
        "provisionforIncomeTaxes": -134,
        "researchDevelopment": 138,
        "revenue": 11079,
        "sgaExpense": 962,
        "totalOperatingExpense": 4500,
        "totalOtherIncomeExpenseNet": 10,
        "year": 2020
      },
      {
        "costOfGoodsSold": 7982,
        "depreciationAmortization": 3750,
        "dilutedAverageSharesOutstanding": 581,
        "dilutedEPS": 4.71,
        "ebit": 4093,
        "grossIncome": 9274,
        "interestExpense": 185.129,
        "interestIncomeExpense": -185,
        "netIncome": 2735,
        "netIncomeAfterTaxes": 2735,
        "nonRecurringItems": -394,
        "period": "2019-12-31",
        "pretaxIncome": 3545,
        "provisionforIncomeTaxes": 810,
        "researchDevelopment": 142,
        "revenue": 17256,
        "sgaExpense": 1290,
        "totalOperatingExpense": 5181,
        "totalOtherIncomeExpenseNet": 31,
        "year": 2019
      },
      {
        "costOfGoodsSold": 7695,
        "depreciationAmortization": 3435,
        "dilutedAverageSharesOutstanding": 580,
        "dilutedEPS": 5.89,
        "ebit": 4641,
        "grossIncome": 9406,
        "interestExpense": 245.052,
        "interestIncomeExpense": -245,
        "netIncome": 3419,
        "netIncomeAfterTaxes": 3367,
        "nonRecurringItems": -172,
        "period": "2018-12-31",
        "pretaxIncome": 4241,
        "provisionforIncomeTaxes": 874,
        "researchDevelopment": 129,
        "revenue": 17101,
        "sgaExpense": 1199,
        "totalOperatingExpense": 4764,
        "totalOtherIncomeExpenseNet": 17,
        "year": 2018
      },
      {
        "costOfGoodsSold": 5287,
        "depreciationAmortization": 3409,
        "dilutedAverageSharesOutstanding": 579,
        "dilutedEPS": 4.46,
        "ebit": 1504,
        "grossIncome": 6020,
        "interestExpense": 274.372,
        "interestIncomeExpense": -274,
        "netIncome": 2583,
        "netIncomeAfterTaxes": 383,
        "nonRecurringItems": -578,
        "period": "2017-12-31",
        "pretaxIncome": 661,
        "provisionforIncomeTaxes": 279,
        "researchDevelopment": 127,
        "revenue": 11307,
        "sgaExpense": 979,
        "totalOperatingExpense": 4516,
        "totalOtherIncomeExpenseNet": 9,
        "year": 2017
      },
      {
        "costOfGoodsSold": 3843,
        "depreciationAmortization": 3553,
        "dilutedAverageSharesOutstanding": 553,
        "dilutedEPS": -1.98,
        "ebit": -811,
        "grossIncome": 3602,
        "interestExpense": 281.681,
        "interestIncomeExpense": -282,
        "netIncome": -1097,
        "netIncomeAfterTaxes": -1097,
        "nonRecurringItems": -414,
        "period": "2016-12-31",
        "pretaxIncome": -1558,
        "provisionforIncomeTaxes": -461,
        "researchDevelopment": 115,
        "revenue": 7445,
        "sgaExpense": 745,
        "totalOperatingExpense": 4413,
        "totalOtherIncomeExpenseNet": -51,
        "year": 2016
      },
      {
        "costOfGoodsSold": 4590,
        "depreciationAmortization": 3314,
        "dilutedAverageSharesOutstanding": 546,
        "dilutedEPS": -8.29,
        "ebit": -64,
        "grossIncome": 4176,
        "interestExpense": 237.393,
        "interestIncomeExpense": -237,
        "netIncome": -4525,
        "netIncomeAfterTaxes": -4525,
        "nonRecurringItems": -6622,
        "period": "2015-12-31",
        "pretaxIncome": -6922,
        "provisionforIncomeTaxes": -2397,
        "researchDevelopment": 138,
        "revenue": 8766,
        "sgaExpense": 788,
        "totalOperatingExpense": 4240,
        "totalOtherIncomeExpenseNet": 2,
        "year": 2015
      }
    ],
    "symbol": "EOG"
  }
}