{
  "symbol": "CB",
  "statement": "ic",
  "frequency": "quarterly",
  "timestamp": "2025-09-19T13:57:51.837059",
  "data": {
    "financials": [
      {
        "benefitsClaimsLossAdjustment": 10393,
        "depreciationAmortization": 74,
        "dilutedAverageSharesOutstanding": 403.8,
        "dilutedEPS": 7.35,
        "ebit": 3911,
        "grossPremiumsEarned": 13125,
        "interestExpense": 181,
        "interestIncomeExpense": -193,
        "minorityInterest": -31,
        "netIncome": 2968,
        "netIncomeAfterTaxes": 2999,
        "nonRecurringItems": -2,
        "otherOperatingExpensesTotal": -667,
        "period": "2025-06-30",
        "pretaxIncome": 3716,
        "provisionforIncomeTaxes": 717,
        "revenue": 14836,
        "sgaExpense": 1125,
        "totalOperatingExpense": 10925
      },
      {
        "benefitsClaimsLossAdjustment": 10436,
        "depreciationAmortization": 75,
        "dilutedAverageSharesOutstanding": 404.674,
        "dilutedEPS": 3.29,
        "ebit": 1780,
        "grossPremiumsEarned": 12000,
        "interestExpense": 181,
        "interestIncomeExpense": -109,
        "minorityInterest": -12,
        "netIncome": 1331,
        "netIncomeAfterTaxes": 1343,
        "nonRecurringItems": 0,
        "otherOperatingExpensesTotal": -56,
        "period": "2025-03-31",
        "pretaxIncome": 1664,
        "provisionforIncomeTaxes": 321,
        "revenue": 13353,
        "sgaExpense": 1118,
        "totalOperatingExpense": 11573,
        "totalOtherIncomeExpenseNet": -7
      },
      {
        "benefitsClaimsLossAdjustment": 10042,
        "depreciationAmortization": 82,
        "dilutedAverageSharesOutstanding": 407.27,
        "dilutedEPS": 6.32,
        "ebit": 2982,
        "grossPremiumsEarned": 12598,
        "interestExpense": 189,
        "interestIncomeExpense": 158,
        "minorityInterest": -65,
        "netIncome": 2575,
        "netIncomeAfterTaxes": 2640,
        "nonRecurringItems": -18,
        "otherOperatingExpensesTotal": -102,
        "period": "2024-12-31",
        "pretaxIncome": 3119,
        "provisionforIncomeTaxes": 479,
        "revenue": 14175,
        "sgaExpense": 1171,
        "totalOperatingExpense": 11193,
        "totalOtherIncomeExpenseNet": -3
      },
      {
        "benefitsClaimsLossAdjustment": 10806,
        "depreciationAmortization": 81,
        "dilutedAverageSharesOutstanding": 407.879,
        "dilutedEPS": 5.7,
        "ebit": 2880,
        "grossPremiumsEarned": 13373,
        "interestExpense": 192,
        "interestIncomeExpense": 121,
        "minorityInterest": -166,
        "netIncome": 2324,
        "netIncomeAfterTaxes": 2490,
        "nonRecurringItems": -7,
        "otherOperatingExpensesTotal": -53,
        "period": "2024-09-30",
        "pretaxIncome": 2994,
        "provisionforIncomeTaxes": 504,
        "revenue": 14849,
        "sgaExpense": 1135,
        "totalOperatingExpense": 11969,
        "totalOtherIncomeExpenseNet": 0
      },
      {
        "benefitsClaimsLossAdjustment": 9876,
        "depreciationAmortization": 80,
        "dilutedAverageSharesOutstanding": 408.425,
        "dilutedEPS": 5.46,
        "ebit": 2802,
        "grossPremiumsEarned": 12292,
        "interestExpense": 182,
        "interestIncomeExpense": -77,
        "minorityInterest": 14,
        "netIncome": 2230,
        "netIncomeAfterTaxes": 2216,
        "nonRecurringItems": -7,
        "otherOperatingExpensesTotal": -57,
        "period": "2024-06-30",
        "pretaxIncome": 2706,
        "provisionforIncomeTaxes": 490,
        "revenue": 13835,
        "sgaExpense": 1134,
        "totalOperatingExpense": 11033,
        "totalOtherIncomeExpenseNet": -12
      },
      {
        "benefitsClaimsLossAdjustment": 9114,
        "depreciationAmortization": 80,
        "dilutedAverageSharesOutstanding": 409.74,
        "dilutedEPS": 5.23,
        "ebit": 2646,
        "grossPremiumsEarned": 11583,
        "interestExpense": 178,
        "interestIncomeExpense": 16,
        "minorityInterest": -151,
        "netIncome": 2143,
        "netIncomeAfterTaxes": 2294,
        "nonRecurringItems": -7,
        "otherOperatingExpensesTotal": -53,
        "period": "2024-03-31",
        "pretaxIncome": 2636,
        "provisionforIncomeTaxes": 342,
        "revenue": 12894,
        "sgaExpense": 1107,
        "totalOperatingExpense": 10248,
        "totalOtherIncomeExpenseNet": -19
      },
      {
        "benefitsClaimsLossAdjustment": 9343,
        "depreciationAmortization": 84,
        "dilutedAverageSharesOutstanding": 410.714,
        "dilutedEPS": 8.03,
        "ebit": 2549,
        "grossPremiumsEarned": 11897,
        "interestExpense": 173,
        "interestIncomeExpense": 95,
        "minorityInterest": 10,
        "netIncome": 3300,
        "netIncomeAfterTaxes": 3290,
        "nonRecurringItems": -18,
        "otherOperatingExpensesTotal": -81,
        "period": "2023-12-31",
        "pretaxIncome": 2612,
        "provisionforIncomeTaxes": -678,
        "revenue": 12992,
        "sgaExpense": 1097,
        "totalOperatingExpense": 10443,
        "totalOtherIncomeExpenseNet": -14
      },
      {
        "benefitsClaimsLossAdjustment": 10222,
        "depreciationAmortization": 84,
        "dilutedAverageSharesOutstanding": 412.606,
        "dilutedEPS": 4.95,
        "ebit": 2503,
        "grossPremiumsEarned": 12674,
        "interestExpense": 174,
        "interestIncomeExpense": -43,
        "minorityInterest": 3,
        "netIncome": 2043,
        "netIncomeAfterTaxes": 2040,
        "nonRecurringItems": -14,
        "otherOperatingExpensesTotal": -55,
        "period": "2023-09-30",
        "pretaxIncome": 2453,
        "provisionforIncomeTaxes": 413,
        "revenue": 13853,
        "sgaExpense": 1099,
        "totalOperatingExpense": 11350,
        "totalOtherIncomeExpenseNet": 7
      },
      {
        "benefitsClaimsLossAdjustment": 8529,
        "depreciationAmortization": 70,
        "dilutedAverageSharesOutstanding": 415.572,
        "dilutedEPS": 4.31,
        "ebit": 2259,
        "grossPremiumsEarned": 10999,
        "interestExpense": 165,
        "interestIncomeExpense": -57,
        "netIncome": 1793,
        "netIncomeAfterTaxes": 1793,
        "nonRecurringItems": -15,
        "period": "2023-06-30",
        "pretaxIncome": 2185,
        "provisionforIncomeTaxes": 392,
        "revenue": 11833,
        "sgaExpense": 975,
        "totalOperatingExpense": 9574,
        "totalOtherIncomeExpenseNet": -2
      },
      {
        "benefitsClaimsLossAdjustment": 7893,
        "depreciationAmortization": 72,
        "dilutedAverageSharesOutstanding": 417.928,
        "dilutedEPS": 4.53,
        "ebit": 2157,
        "grossPremiumsEarned": 10142,
        "interestExpense": 160,
        "interestIncomeExpense": 155,
        "netIncome": 1892,
        "netIncomeAfterTaxes": 1892,
        "nonRecurringItems": -22,
        "period": "2023-03-31",
        "pretaxIncome": 2276,
        "provisionforIncomeTaxes": 384,
        "revenue": 11057,
        "sgaExpense": 935,
        "totalOperatingExpense": 8900,
        "totalOtherIncomeExpenseNet": -14
      },
      {
        "benefitsClaimsLossAdjustment": 8536,
        "depreciationAmortization": 74,
        "dilutedAverageSharesOutstanding": 419.039,
        "dilutedEPS": 3.13,
        "ebit": 1911,
        "grossPremiumsEarned": 10544,
        "interestExpense": 154,
        "interestIncomeExpense": -259,
        "minorityInterest": 0,
        "netIncome": 1311,
        "netIncomeAfterTaxes": 1311,
        "nonRecurringItems": -22,
        "period": "2022-12-31",
        "pretaxIncome": 1643,
        "provisionforIncomeTaxes": 332,
        "revenue": 11443,
        "sgaExpense": 922,
        "totalOperatingExpense": 9532,
        "totalOtherIncomeExpenseNet": 13
      },
      {
        "benefitsClaimsLossAdjustment": 9740,
        "depreciationAmortization": 69,
        "dilutedAverageSharesOutstanding": 419.619,
        "dilutedEPS": 1.89,
        "ebit": 1424,
        "grossPremiumsEarned": 11530,
        "interestExpense": 150,
        "interestIncomeExpense": -328,
        "netIncome": 792,
        "netIncomeAfterTaxes": 792,
        "nonRecurringItems": -23,
        "otherOperatingExpensesTotal": 0,
        "period": "2022-09-30",
        "pretaxIncome": 1055,
        "provisionforIncomeTaxes": 263,
        "revenue": 12122,
        "sgaExpense": 889,
        "totalOperatingExpense": 10698,
        "totalOtherIncomeExpenseNet": -18
      },
      {
        "benefitsClaimsLossAdjustment": 7293,
        "depreciationAmortization": 71,
        "dilutedAverageSharesOutstanding": 425.418,
        "dilutedEPS": 2.8,
        "ebit": 1714,
        "grossPremiumsEarned": 9549,
        "interestExpense": 134,
        "interestIncomeExpense": -224,
        "netIncome": 1190,
        "netIncomeAfterTaxes": 1190,
        "nonRecurringItems": -3,
        "period": "2022-06-30",
        "pretaxIncome": 1481,
        "provisionforIncomeTaxes": 291,
        "revenue": 9901,
        "sgaExpense": 823,
        "totalOperatingExpense": 8187,
        "totalOtherIncomeExpenseNet": -6
      },
      {
        "benefitsClaimsLossAdjustment": 6656,
        "depreciationAmortization": 71,
        "dilutedAverageSharesOutstanding": 429.791,
        "dilutedEPS": 4.54,
        "ebit": 2122,
        "grossPremiumsEarned": 8737,
        "interestExpense": 132,
        "interestIncomeExpense": 200,
        "netIncome": 1953,
        "netIncomeAfterTaxes": 1953,
        "nonRecurringItems": 0,
        "period": "2022-03-31",
        "pretaxIncome": 2306,
        "provisionforIncomeTaxes": 353,
        "revenue": 9631,
        "sgaExpense": 782,
        "totalOperatingExpense": 7509,
        "totalOtherIncomeExpenseNet": -16
      },
      {
        "benefitsClaimsLossAdjustment": 7196,
        "depreciationAmortization": 71,
        "dilutedAverageSharesOutstanding": 432.905,
        "dilutedEPS": 4.91,
        "ebit": 2308,
        "grossPremiumsEarned": 9258,
        "interestExpense": 126,
        "interestIncomeExpense": 233,
        "netIncome": 2127,
        "netIncomeAfterTaxes": 2127,
        "period": "2021-12-31",
        "pretaxIncome": 2523,
        "provisionforIncomeTaxes": 396,
        "revenue": 10389,
        "sgaExpense": 814,
        "totalOperatingExpense": 8081,
        "totalOtherIncomeExpenseNet": -18
      },
      {
        "benefitsClaimsLossAdjustment": 8558,
        "depreciationAmortization": 71,
        "dilutedAverageSharesOutstanding": 438.442,
        "dilutedEPS": 4.18,
        "ebit": 1405,
        "grossPremiumsEarned": 10000,
        "interestExpense": 122,
        "interestIncomeExpense": 656,
        "netIncome": 1833,
        "netIncomeAfterTaxes": 1833,
        "period": "2021-09-30",
        "pretaxIncome": 2051,
        "provisionforIncomeTaxes": 218,
        "revenue": 10845,
        "sgaExpense": 811,
        "totalOperatingExpense": 9440,
        "totalOtherIncomeExpenseNet": -10
      },
      {
        "benefitsClaimsLossAdjustment": 6889,
        "depreciationAmortization": 73,
        "dilutedAverageSharesOutstanding": 447.952,
        "dilutedEPS": 5.06,
        "ebit": 1922,
        "grossPremiumsEarned": 8813,
        "interestExpense": 122,
        "interestIncomeExpense": 667,
        "netIncome": 2265,
        "netIncomeAfterTaxes": 2265,
        "period": "2021-06-30",
        "pretaxIncome": 2582,
        "provisionforIncomeTaxes": 317,
        "revenue": 9664,
        "sgaExpense": 780,
        "totalOperatingExpense": 7742,
        "totalOtherIncomeExpenseNet": -7
      },
      {
        "benefitsClaimsLossAdjustment": 6885,
        "depreciationAmortization": 72,
        "dilutedAverageSharesOutstanding": 453.336,
        "dilutedEPS": 5.07,
        "ebit": 2265,
        "grossPremiumsEarned": 8221,
        "interestExpense": 122,
        "interestIncomeExpense": 379,
        "netIncome": 2300,
        "netIncomeAfterTaxes": 2300,
        "period": "2021-03-31",
        "pretaxIncome": 2638,
        "provisionforIncomeTaxes": 338,
        "revenue": 9971,
        "sgaExpense": 749,
        "totalOperatingExpense": 7706,
        "totalOtherIncomeExpenseNet": -6
      },
      {
        "benefitsClaimsLossAdjustment": 6741,
        "depreciationAmortization": 73,
        "dilutedAverageSharesOutstanding": 453.033,
        "dilutedEPS": 5.34,
        "ebit": 2250,
        "grossPremiumsEarned": 8430,
        "interestExpense": 126,
        "interestIncomeExpense": 508,
        "netIncome": 2418,
        "netIncomeAfterTaxes": 2418,
        "nonRecurringItems": 0,
        "period": "2020-12-31",
        "pretaxIncome": 2752,
        "provisionforIncomeTaxes": 334,
        "revenue": 9848,
        "sgaExpense": 784,
        "totalOperatingExpense": 7598,
        "totalOtherIncomeExpenseNet": -6
      },
      {
        "benefitsClaimsLossAdjustment": 7678,
        "depreciationAmortization": 72,
        "dilutedAverageSharesOutstanding": 453.265,
        "dilutedEPS": 2.63,
        "ebit": 977,
        "grossPremiumsEarned": 8765,
        "interestExpense": 130,
        "interestIncomeExpense": 373,
        "netIncome": 1194,
        "netIncomeAfterTaxes": 1194,
        "nonRecurringItems": 0,
        "period": "2020-09-30",
        "pretaxIncome": 1336,
        "provisionforIncomeTaxes": 142,
        "revenue": 9464,
        "sgaExpense": 737,
        "totalOperatingExpense": 8487,
        "totalOtherIncomeExpenseNet": -14
      },
      {
        "benefitsClaimsLossAdjustment": 8393,
        "depreciationAmortization": 72,
        "dilutedAverageSharesOutstanding": 451.403,
        "dilutedEPS": -0.73,
        "ebit": -213,
        "grossPremiumsEarned": 8128,
        "interestExpense": 128,
        "interestIncomeExpense": -161,
        "netIncome": -331,
        "netIncomeAfterTaxes": -331,
        "nonRecurringItems": 0,
        "period": "2020-06-30",
        "pretaxIncome": -393,
        "provisionforIncomeTaxes": -62,
        "revenue": 8985,
        "sgaExpense": 733,
        "totalOperatingExpense": 9198,
        "totalOtherIncomeExpenseNet": -19
      },
      {
        "benefitsClaimsLossAdjustment": 6229,
        "depreciationAmortization": 73,
        "dilutedAverageSharesOutstanding": 454.52,
        "dilutedEPS": 0.55,
        "ebit": 648,
        "grossPremiumsEarned": 7794,
        "interestExpense": 132,
        "interestIncomeExpense": -159,
        "netIncome": 252,
        "netIncomeAfterTaxes": 252,
        "nonRecurringItems": 0,
        "period": "2020-03-31",
        "pretaxIncome": 467,
        "provisionforIncomeTaxes": 215,
        "revenue": 7697,
        "sgaExpense": 747,
        "totalOperatingExpense": 7049,
        "totalOtherIncomeExpenseNet": -22
      },
      {
        "benefitsClaimsLossAdjustment": 6632,
        "depreciationAmortization": 76,
        "dilutedAverageSharesOutstanding": 455.885,
        "dilutedEPS": 2.57,
        "ebit": 1222,
        "grossPremiumsEarned": 7935,
        "interestExpense": 134,
        "interestIncomeExpense": 154,
        "netIncome": 1173,
        "netIncomeAfterTaxes": 1173,
        "nonRecurringItems": -22,
        "period": "2019-12-31",
        "pretaxIncome": 1342,
        "provisionforIncomeTaxes": 169,
        "revenue": 8746,
        "sgaExpense": 816,
        "totalOperatingExpense": 7524,
        "totalOtherIncomeExpenseNet": -12
      },
      {
        "benefitsClaimsLossAdjustment": 6813,
        "depreciationAmortization": 76,
        "dilutedAverageSharesOutstanding": 458.15,
        "dilutedEPS": 2.38,
        "ebit": 1423,
        "grossPremiumsEarned": 8327,
        "interestExpense": 138,
        "interestIncomeExpense": -64,
        "netIncome": 1091,
        "netIncomeAfterTaxes": 1091,
        "nonRecurringItems": -26,
        "period": "2019-09-30",
        "pretaxIncome": 1321,
        "provisionforIncomeTaxes": 230,
        "revenue": 9069,
        "sgaExpense": 757,
        "totalOperatingExpense": 7646,
        "totalOtherIncomeExpenseNet": -12
      },
      {
        "benefitsClaimsLossAdjustment": 6420,
        "depreciationAmortization": 77,
        "dilutedAverageSharesOutstanding": 460.17,
        "dilutedEPS": 2.5,
        "ebit": 1279,
        "grossPremiumsEarned": 7891,
        "interestExpense": 140,
        "interestIncomeExpense": 107,
        "netIncome": 1150,
        "netIncomeAfterTaxes": 1150,
        "nonRecurringItems": -17,
        "period": "2019-06-30",
        "pretaxIncome": 1358,
        "provisionforIncomeTaxes": 208,
        "revenue": 8540,
        "sgaExpense": 764,
        "totalOperatingExpense": 7261,
        "totalOtherIncomeExpenseNet": -11
      },
      {
        "benefitsClaimsLossAdjustment": 5758,
        "depreciationAmortization": 76,
        "dilutedAverageSharesOutstanding": 461.537,
        "dilutedEPS": 2.25,
        "ebit": 1339,
        "grossPremiumsEarned": 7137,
        "interestExpense": 140,
        "interestIncomeExpense": -88,
        "netIncome": 1040,
        "netIncomeAfterTaxes": 1040,
        "nonRecurringItems": -16,
        "period": "2019-03-31",
        "pretaxIncome": 1228,
        "provisionforIncomeTaxes": 188,
        "revenue": 7889,
        "sgaExpense": 716,
        "totalOperatingExpense": 6550,
        "totalOtherIncomeExpenseNet": -7
      },
      {
        "benefitsClaimsLossAdjustment": 6252,
        "depreciationAmortization": 86,
        "dilutedAverageSharesOutstanding": 463.196,
        "dilutedEPS": 0.76,
        "ebit": 595,
        "grossPremiumsEarned": 7465,
        "interestExpense": 153,
        "interestIncomeExpense": -13,
        "netIncome": 355,
        "netIncomeAfterTaxes": 330,
        "nonRecurringItems": -53,
        "period": "2018-12-31",
        "pretaxIncome": 514,
        "provisionforIncomeTaxes": 184,
        "revenue": 7659,
        "sgaExpense": 726,
        "totalOperatingExpense": 7064,
        "totalOtherIncomeExpenseNet": -15
      },
      {
        "benefitsClaimsLossAdjustment": 6499,
        "depreciationAmortization": 83,
        "dilutedAverageSharesOutstanding": 466.017,
        "dilutedEPS": 2.64,
        "ebit": 1453,
        "grossPremiumsEarned": 7908,
        "interestExpense": 164,
        "interestIncomeExpense": 0,
        "netIncome": 1231,
        "netIncomeAfterTaxes": 1231,
        "nonRecurringItems": -27,
        "period": "2018-09-30",
        "pretaxIncome": 1414,
        "provisionforIncomeTaxes": 183,
        "revenue": 8761,
        "sgaExpense": 726,
        "totalOperatingExpense": 7308,
        "totalOtherIncomeExpenseNet": -12
      },
      {
        "benefitsClaimsLossAdjustment": 6101,
        "depreciationAmortization": 85,
        "dilutedAverageSharesOutstanding": 468.38,
        "dilutedEPS": 2.76,
        "ebit": 1577,
        "grossPremiumsEarned": 7664,
        "interestExpense": 167,
        "interestIncomeExpense": -60,
        "netIncome": 1294,
        "netIncomeAfterTaxes": 1294,
        "nonRecurringItems": -17,
        "period": "2018-06-30",
        "pretaxIncome": 1512,
        "provisionforIncomeTaxes": 218,
        "revenue": 8514,
        "sgaExpense": 751,
        "totalOperatingExpense": 6937,
        "totalOtherIncomeExpenseNet": 12
      },
      {
        "benefitsClaimsLossAdjustment": 5717,
        "depreciationAmortization": 85,
        "dilutedAverageSharesOutstanding": 469.474,
        "dilutedEPS": 2.3,
        "ebit": 1335,
        "grossPremiumsEarned": 7027,
        "interestExpense": 157,
        "interestIncomeExpense": -92,
        "netIncome": 1082,
        "netIncomeAfterTaxes": 1082,
        "nonRecurringItems": -11,
        "period": "2018-03-31",
        "pretaxIncome": 1217,
        "provisionforIncomeTaxes": 135,
        "revenue": 7832,
        "sgaExpense": 695,
        "totalOperatingExpense": 6497,
        "totalOtherIncomeExpenseNet": -15
      },
      {
        "benefitsClaimsLossAdjustment": 5895,
        "depreciationAmortization": 66,
        "dilutedAverageSharesOutstanding": 469.928,
        "dilutedEPS": 3.26,
        "ebit": 1266,
        "grossPremiumsEarned": 7218,
        "interestExpense": 156,
        "interestIncomeExpense": -13,
        "netIncome": 1533,
        "netIncomeAfterTaxes": 1083,
        "nonRecurringItems": -87,
        "otherOperatingExpensesTotal": 50,
        "period": "2017-12-31",
        "pretaxIncome": 1151,
        "provisionforIncomeTaxes": 68,
        "revenue": 8025,
        "sgaExpense": 748,
        "totalOperatingExpense": 6759,
        "totalOtherIncomeExpenseNet": -15
      },
      {
        "benefitsClaimsLossAdjustment": 7904,
        "depreciationAmortization": 65,
        "dilutedAverageSharesOutstanding": 466.371,
        "dilutedEPS": -0.15,
        "ebit": -71,
        "grossPremiumsEarned": 7807,
        "interestExpense": 150,
        "interestIncomeExpense": -23,
        "netIncome": -70,
        "netIncomeAfterTaxes": -70,
        "nonRecurringItems": -58,
        "period": "2017-09-30",
        "pretaxIncome": -155,
        "provisionforIncomeTaxes": -85,
        "revenue": 8618,
        "sgaExpense": 720,
        "totalOperatingExpense": 8689,
        "totalOtherIncomeExpenseNet": -3
      },
      {
        "benefitsClaimsLossAdjustment": 5758,
        "depreciationAmortization": 65,
        "dilutedAverageSharesOutstanding": 471.854,
        "dilutedEPS": 2.77,
        "ebit": 1572,
        "grossPremiumsEarned": 7237,
        "interestExpense": 147,
        "interestIncomeExpense": 15,
        "netIncome": 1305,
        "netIncomeAfterTaxes": 1305,
        "nonRecurringItems": -80,
        "period": "2017-06-30",
        "pretaxIncome": 1505,
        "provisionforIncomeTaxes": 200,
        "revenue": 8116,
        "sgaExpense": 721,
        "totalOperatingExpense": 6544,
        "totalOtherIncomeExpenseNet": -2
      },
      {
        "benefitsClaimsLossAdjustment": 5354,
        "depreciationAmortization": 64,
        "dilutedAverageSharesOutstanding": 472.732,
        "dilutedEPS": 2.31,
        "ebit": 1432,
        "grossPremiumsEarned": 6772,
        "interestExpense": 154,
        "interestIncomeExpense": -71,
        "netIncome": 1093,
        "netIncomeAfterTaxes": 1093,
        "nonRecurringItems": -130,
        "period": "2017-03-31",
        "pretaxIncome": 1221,
        "provisionforIncomeTaxes": 128,
        "revenue": 7529,
        "sgaExpense": 679,
        "totalOperatingExpense": 6097,
        "totalOtherIncomeExpenseNet": -10
      },
      {
        "benefitsClaimsLossAdjustment": 5433,
        "depreciationAmortization": 3,
        "dilutedAverageSharesOutstanding": 471.585,
        "dilutedEPS": 3.41,
        "ebit": 2025,
        "grossPremiumsEarned": 7059,
        "interestExpense": 154,
        "interestIncomeExpense": 4,
        "netIncome": 1610,
        "netIncomeAfterTaxes": 1610,
        "nonRecurringItems": -143,
        "period": "2016-12-31",
        "pretaxIncome": 1869,
        "provisionforIncomeTaxes": 259,
        "revenue": 8180,
        "sgaExpense": 719,
        "totalOperatingExpense": 6155,
        "totalOtherIncomeExpenseNet": -17
      },
      {
        "benefitsClaimsLossAdjustment": 5938,
        "depreciationAmortization": 4,
        "dilutedAverageSharesOutstanding": 471.396,
        "dilutedEPS": 2.89,
        "ebit": 1823,
        "grossPremiumsEarned": 7688,
        "interestExpense": 152,
        "interestIncomeExpense": -51,
        "netIncome": 1360,
        "netIncomeAfterTaxes": 1360,
        "nonRecurringItems": -127,
        "period": "2016-09-30",
        "pretaxIncome": 1637,
        "provisionforIncomeTaxes": 277,
        "revenue": 8539,
        "sgaExpense": 774,
        "totalOperatingExpense": 6716,
        "totalOtherIncomeExpenseNet": -8
      },
      {
        "benefitsClaimsLossAdjustment": 5961,
        "depreciationAmortization": 5,
        "dilutedAverageSharesOutstanding": 471.157,
        "dilutedEPS": 1.54,
        "ebit": 1113,
        "grossPremiumsEarned": 7405,
        "interestExpense": 153,
        "interestIncomeExpense": -119,
        "netIncome": 726,
        "netIncomeAfterTaxes": 726,
        "nonRecurringItems": -114,
        "period": "2016-06-30",
        "pretaxIncome": 881,
        "provisionforIncomeTaxes": 155,
        "revenue": 7913,
        "sgaExpense": 834,
        "totalOperatingExpense": 6800,
        "totalOtherIncomeExpenseNet": 1
      },
      {
        "benefitsClaimsLossAdjustment": 5214,
        "depreciationAmortization": 7,
        "dilutedAverageSharesOutstanding": 450.01,
        "dilutedEPS": 0.98,
        "ebit": 946,
        "grossPremiumsEarned": 6597,
        "interestExpense": 146,
        "interestIncomeExpense": -164,
        "netIncome": 439,
        "netIncomeAfterTaxes": 439,
        "nonRecurringItems": -211,
        "period": "2016-03-31",
        "pretaxIncome": 563,
        "provisionforIncomeTaxes": 124,
        "revenue": 6940,
        "sgaExpense": 773,
        "totalOperatingExpense": 5994,
        "totalOtherIncomeExpenseNet": -8
      },
      {
        "benefitsClaimsLossAdjustment": 3198,
        "depreciationAmortization": 35,
        "dilutedAverageSharesOutstanding": 327.819,
        "dilutedEPS": 2.08,
        "ebit": 932,
        "grossPremiumsEarned": 4207,
        "interestExpense": 93,
        "interestIncomeExpense": -86,
        "netIncome": 683,
        "netIncomeAfterTaxes": 683,
        "nonRecurringItems": -85,
        "period": "2015-12-31",
        "pretaxIncome": 750,
        "provisionforIncomeTaxes": 67,
        "revenue": 4740,
        "sgaExpense": 575,
        "totalOperatingExpense": 3808,
        "totalOtherIncomeExpenseNet": -11
      },
      {
        "benefitsClaimsLossAdjustment": 3508,
        "depreciationAmortization": 51,
        "dilutedAverageSharesOutstanding": 327.173,
        "dilutedEPS": 1.61,
        "ebit": 768,
        "grossPremiumsEarned": 4719,
        "interestExpense": 68,
        "interestIncomeExpense": -71,
        "netIncome": 528,
        "netIncomeAfterTaxes": 528,
        "nonRecurringItems": -39,
        "period": "2015-09-30",
        "pretaxIncome": 660,
        "provisionforIncomeTaxes": 132,
        "revenue": 4901,
        "sgaExpense": 574,
        "totalOperatingExpense": 4133,
        "totalOtherIncomeExpenseNet": 2
      }
    ],
    "symbol": "CB"
  }
}