{
  "symbol": "SBAC",
  "statement": "ic",
  "frequency": "quarterly",
  "timestamp": "2025-09-19T14:06:29.914323",
  "data": {
    "financials": [
      {
        "costOfGoodsSold": 172.096,
        "depreciationAmortization": 69.964,
        "dilutedAverageSharesOutstanding": 107.797,
        "dilutedEPS": 2.0946,
        "ebit": 385.899,
        "grossIncome": 526.885,
        "interestExpense": 126.306,
        "interestIncomeExpense": -118.151,
        "minorityInterest": 0.1,
        "netIncome": 225.794,
        "netIncomeAfterTaxes": 225.694,
        "nonRecurringItems": -51.118,
        "period": "2025-06-30",
        "pretaxIncome": 260.753,
        "provisionforIncomeTaxes": 35.059,
        "revenue": 698.981,
        "sgaExpense": 71.022,
        "totalOperatingExpense": 140.986,
        "totalOtherIncomeExpenseNet": 44.123
      },
      {
        "costOfGoodsSold": 153.666,
        "depreciationAmortization": 65.048,
        "dilutedAverageSharesOutstanding": 108.14,
        "dilutedEPS": 2.0412,
        "ebit": 379.315,
        "grossIncome": 510.582,
        "interestExpense": 117.93,
        "interestIncomeExpense": -107.15,
        "minorityInterest": 2.826,
        "netIncome": 220.732,
        "netIncomeAfterTaxes": 217.906,
        "nonRecurringItems": -44.405,
        "period": "2025-03-31",
        "pretaxIncome": 259.925,
        "provisionforIncomeTaxes": 42.019,
        "revenue": 664.248,
        "sgaExpense": 66.219,
        "totalOperatingExpense": 131.267,
        "totalOtherIncomeExpenseNet": 32.165
      },
      {
        "costOfGoodsSold": 152.129,
        "depreciationAmortization": 65.073,
        "dilutedAverageSharesOutstanding": 108.104,
        "dilutedEPS": 1.6061,
        "ebit": 408.903,
        "grossIncome": 541.571,
        "interestExpense": 120.952,
        "interestIncomeExpense": -100.349,
        "minorityInterest": -5.161,
        "netIncome": 173.63,
        "netIncomeAfterTaxes": 178.791,
        "nonRecurringItems": -28.076,
        "period": "2024-12-31",
        "pretaxIncome": 155.874,
        "provisionforIncomeTaxes": -22.917,
        "revenue": 693.7,
        "sgaExpense": 67.595,
        "totalOperatingExpense": 132.668,
        "totalOtherIncomeExpenseNet": -124.604
      },
      {
        "costOfGoodsSold": 150.339,
        "depreciationAmortization": 63.515,
        "dilutedAverageSharesOutstanding": 107.922,
        "dilutedEPS": 2.3956,
        "ebit": 393.654,
        "grossIncome": 517.256,
        "interestExpense": 108.088,
        "interestIncomeExpense": -101.089,
        "minorityInterest": 2.643,
        "netIncome": 258.534,
        "netIncomeAfterTaxes": 255.891,
        "nonRecurringItems": -18.058,
        "period": "2024-09-30",
        "pretaxIncome": 298.207,
        "provisionforIncomeTaxes": 42.316,
        "revenue": 667.595,
        "sgaExpense": 60.087,
        "totalOperatingExpense": 123.602,
        "totalOtherIncomeExpenseNet": 23.7
      },
      {
        "costOfGoodsSold": 141.268,
        "depreciationAmortization": 64.179,
        "dilutedAverageSharesOutstanding": 107.679,
        "dilutedEPS": 1.5122,
        "ebit": 392.654,
        "grossIncome": 519.209,
        "interestExpense": 109.542,
        "interestIncomeExpense": -102.496,
        "minorityInterest": 3.378,
        "netIncome": 162.83,
        "netIncomeAfterTaxes": 159.452,
        "nonRecurringItems": -38.184,
        "period": "2024-06-30",
        "pretaxIncome": 147.115,
        "provisionforIncomeTaxes": -12.337,
        "revenue": 660.477,
        "sgaExpense": 62.376,
        "totalOperatingExpense": 126.555,
        "totalOtherIncomeExpenseNet": -104.859
      },
      {
        "costOfGoodsSold": 137.991,
        "depreciationAmortization": 76.75,
        "dilutedAverageSharesOutstanding": 108.616,
        "dilutedEPS": 1.4228,
        "ebit": 374.423,
        "grossIncome": 519.871,
        "interestExpense": 110.122,
        "interestIncomeExpense": -102.808,
        "minorityInterest": 0,
        "netIncome": 154.543,
        "netIncomeAfterTaxes": 154.543,
        "nonRecurringItems": -55.493,
        "period": "2024-03-31",
        "pretaxIncome": 171.47,
        "provisionforIncomeTaxes": 16.927,
        "revenue": 657.862,
        "sgaExpense": 68.698,
        "totalOperatingExpense": 145.448,
        "totalOtherIncomeExpenseNet": -44.652
      },
      {
        "costOfGoodsSold": 144.297,
        "depreciationAmortization": 171.4,
        "dilutedAverageSharesOutstanding": 108.577,
        "dilutedEPS": 1.0088,
        "ebit": 291.803,
        "grossIncome": 530.727,
        "interestExpense": 109.895,
        "interestIncomeExpense": -104.355,
        "minorityInterest": 0,
        "netIncome": 109.528,
        "netIncomeAfterTaxes": 109.528,
        "nonRecurringItems": -82.116,
        "period": "2023-12-31",
        "pretaxIncome": 138.424,
        "provisionforIncomeTaxes": 28.896,
        "revenue": 675.024,
        "sgaExpense": 67.524,
        "totalOperatingExpense": 238.924,
        "totalOtherIncomeExpenseNet": 33.092
      },
      {
        "costOfGoodsSold": 149.8,
        "depreciationAmortization": 180.7,
        "dilutedAverageSharesOutstanding": 108.9,
        "dilutedEPS": 0.8,
        "ebit": 287.3,
        "grossIncome": 532.8,
        "interestExpense": 112.317,
        "interestIncomeExpense": -107.1,
        "minorityInterest": 2.1,
        "netIncome": 87.4,
        "netIncomeAfterTaxes": 85.4,
        "nonRecurringItems": -38.7,
        "period": "2023-09-30",
        "pretaxIncome": 93.2,
        "provisionforIncomeTaxes": 7.9,
        "revenue": 682.5,
        "sgaExpense": 64.8,
        "totalOperatingExpense": 245.4,
        "totalOtherIncomeExpenseNet": -48.3
      },
      {
        "costOfGoodsSold": 154.3,
        "depreciationAmortization": 181.8,
        "dilutedAverageSharesOutstanding": 108.9,
        "dilutedEPS": 1.87,
        "ebit": 279,
        "grossIncome": 524.3,
        "interestExpense": 113.85,
        "interestIncomeExpense": -109.2,
        "minorityInterest": 1.7,
        "netIncome": 203.6,
        "netIncomeAfterTaxes": 202,
        "nonRecurringItems": -37.8,
        "period": "2023-06-30",
        "pretaxIncome": 172.8,
        "provisionforIncomeTaxes": -29.2,
        "revenue": 678.5,
        "sgaExpense": 63.4,
        "totalOperatingExpense": 245.2,
        "totalOtherIncomeExpenseNet": 40.7
      },
      {
        "costOfGoodsSold": 164.3,
        "depreciationAmortization": 182.4,
        "dilutedAverageSharesOutstanding": 109.3,
        "dilutedEPS": 0.93,
        "ebit": 256.5,
        "grossIncome": 511.2,
        "interestExpense": 120.453,
        "interestIncomeExpense": -117.6,
        "minorityInterest": 0.7,
        "netIncome": 101.2,
        "netIncomeAfterTaxes": 100.6,
        "nonRecurringItems": -32.4,
        "period": "2023-03-31",
        "pretaxIncome": 144.1,
        "provisionforIncomeTaxes": 43.5,
        "revenue": 675.5,
        "sgaExpense": 72.2,
        "totalOperatingExpense": 254.7,
        "totalOtherIncomeExpenseNet": 37.6
      },
      {
        "costOfGoodsSold": 172.2,
        "depreciationAmortization": 183,
        "dilutedAverageSharesOutstanding": 109.3,
        "dilutedEPS": 0.94,
        "ebit": 260.3,
        "grossIncome": 513.9,
        "interestExpense": 116.86,
        "interestIncomeExpense": -113.6,
        "minorityInterest": 0.7,
        "netIncome": 103.3,
        "netIncomeAfterTaxes": 102.6,
        "nonRecurringItems": -26.1,
        "period": "2022-12-31",
        "pretaxIncome": 128.8,
        "provisionforIncomeTaxes": 26.2,
        "revenue": 686.1,
        "sgaExpense": 70.6,
        "totalOperatingExpense": 253.6,
        "totalOtherIncomeExpenseNet": 8.2
      },
      {
        "costOfGoodsSold": 177.6,
        "depreciationAmortization": 173.8,
        "dilutedAverageSharesOutstanding": 109.4,
        "dilutedEPS": 0.91,
        "ebit": 258.4,
        "grossIncome": 498,
        "interestExpense": 103.444,
        "interestIncomeExpense": -100.6,
        "minorityInterest": 0.2,
        "netIncome": 100,
        "netIncomeAfterTaxes": 99.8,
        "nonRecurringItems": -15.4,
        "period": "2022-09-30",
        "pretaxIncome": 102.6,
        "provisionforIncomeTaxes": 2.9,
        "revenue": 675.6,
        "sgaExpense": 65.8,
        "totalOperatingExpense": 239.6,
        "totalOtherIncomeExpenseNet": -39.8
      },
      {
        "costOfGoodsSold": 166,
        "depreciationAmortization": 176.4,
        "dilutedAverageSharesOutstanding": 109.3,
        "dilutedEPS": 0.64,
        "ebit": 246.4,
        "grossIncome": 486,
        "interestExpense": 100.766,
        "interestIncomeExpense": -99.2,
        "minorityInterest": 0.4,
        "netIncome": 69.5,
        "netIncomeAfterTaxes": 69.2,
        "nonRecurringItems": -15.4,
        "period": "2022-06-30",
        "pretaxIncome": 65.6,
        "provisionforIncomeTaxes": -3.6,
        "revenue": 652,
        "sgaExpense": 63.3,
        "totalOperatingExpense": 239.6,
        "totalOtherIncomeExpenseNet": -66.1
      },
      {
        "costOfGoodsSold": 152.9,
        "depreciationAmortization": 174.3,
        "dilutedAverageSharesOutstanding": 109.5,
        "dilutedEPS": 1.72,
        "ebit": 230.4,
        "grossIncome": 466.8,
        "interestExpense": 98.659,
        "interestIncomeExpense": -96.2,
        "minorityInterest": 0.3,
        "netIncome": 188.6,
        "netIncomeAfterTaxes": 188.3,
        "nonRecurringItems": -13.6,
        "period": "2022-03-31",
        "pretaxIncome": 228.8,
        "provisionforIncomeTaxes": 40.5,
        "revenue": 619.8,
        "sgaExpense": 62.1,
        "totalOperatingExpense": 236.5,
        "totalOtherIncomeExpenseNet": 108.2
      },
      {
        "costOfGoodsSold": 139.8,
        "depreciationAmortization": 169.9,
        "dilutedAverageSharesOutstanding": 110.7,
        "dilutedEPS": 0.44,
        "ebit": 221.9,
        "grossIncome": 455.3,
        "interestExpense": 99.628,
        "interestIncomeExpense": -98.3,
        "minorityInterest": 0,
        "netIncome": 48.9,
        "netIncomeAfterTaxes": 48.9,
        "nonRecurringItems": -50.4,
        "period": "2021-12-31",
        "pretaxIncome": 48.4,
        "provisionforIncomeTaxes": -0.6,
        "revenue": 595.1,
        "sgaExpense": 63.5,
        "totalOperatingExpense": 233.4,
        "totalOtherIncomeExpenseNet": -24.9
      },
      {
        "costOfGoodsSold": 140,
        "depreciationAmortization": 170.9,
        "dilutedAverageSharesOutstanding": 111.6,
        "dilutedEPS": 0.43,
        "ebit": 227.4,
        "grossIncome": 449.3,
        "interestExpense": 105.953,
        "interestIncomeExpense": -105,
        "minorityInterest": 0,
        "netIncome": 47.8,
        "netIncomeAfterTaxes": 47.8,
        "nonRecurringItems": -15.6,
        "period": "2021-09-30",
        "pretaxIncome": 37,
        "provisionforIncomeTaxes": -10.8,
        "revenue": 589.3,
        "sgaExpense": 51,
        "totalOperatingExpense": 221.9,
        "totalOtherIncomeExpenseNet": -69.8
      },
      {
        "costOfGoodsSold": 135.9,
        "depreciationAmortization": 175.5,
        "dilutedAverageSharesOutstanding": 114.6,
        "dilutedEPS": 1.33,
        "ebit": 210.3,
        "grossIncome": 439.8,
        "interestExpense": 107.222,
        "interestIncomeExpense": -106.7,
        "minorityInterest": 0,
        "netIncome": 152.7,
        "netIncomeAfterTaxes": 152.7,
        "nonRecurringItems": -12.6,
        "period": "2021-06-30",
        "pretaxIncome": 199.9,
        "provisionforIncomeTaxes": 47.3,
        "revenue": 575.7,
        "sgaExpense": 53.9,
        "totalOperatingExpense": 229.4,
        "totalOtherIncomeExpenseNet": 108.9
      },
      {
        "costOfGoodsSold": 129.8,
        "depreciationAmortization": 183.9,
        "dilutedAverageSharesOutstanding": 109.5,
        "dilutedEPS": -0.11,
        "ebit": 183.5,
        "grossIncome": 419,
        "interestExpense": 106.79,
        "interestIncomeExpense": -106.2,
        "minorityInterest": 0,
        "netIncome": -11.7,
        "netIncomeAfterTaxes": -11.7,
        "nonRecurringItems": -21.6,
        "period": "2021-03-31",
        "pretaxIncome": -32.7,
        "provisionforIncomeTaxes": -20.9,
        "revenue": 548.7,
        "sgaExpense": 51.6,
        "totalOperatingExpense": 235.4,
        "totalOtherIncomeExpenseNet": -88.4
      },
      {
        "costOfGoodsSold": 128,
        "depreciationAmortization": 180.4,
        "dilutedAverageSharesOutstanding": 118.4,
        "dilutedEPS": 0.89,
        "ebit": 180.1,
        "grossIncome": 407.9,
        "interestExpense": 103.196,
        "interestIncomeExpense": -102.6,
        "minorityInterest": -0.4,
        "netIncome": 105.8,
        "netIncomeAfterTaxes": 106.2,
        "nonRecurringItems": -15,
        "period": "2020-12-31",
        "pretaxIncome": 140.5,
        "provisionforIncomeTaxes": 34.3,
        "revenue": 535.9,
        "sgaExpense": 47.4,
        "totalOperatingExpense": 227.8,
        "totalOtherIncomeExpenseNet": 78
      },
      {
        "costOfGoodsSold": 121.5,
        "depreciationAmortization": 180.3,
        "dilutedAverageSharesOutstanding": 113.7,
        "dilutedEPS": 0.2,
        "ebit": 172.9,
        "grossIncome": 401.4,
        "interestExpense": 102.997,
        "interestIncomeExpense": -102.2,
        "minorityInterest": -0.1,
        "netIncome": 22.6,
        "netIncomeAfterTaxes": 22.7,
        "nonRecurringItems": -15.2,
        "period": "2020-09-30",
        "pretaxIncome": 13.2,
        "provisionforIncomeTaxes": -9.4,
        "revenue": 522.9,
        "sgaExpense": 48.2,
        "totalOperatingExpense": 228.5,
        "totalOtherIncomeExpenseNet": -42.3
      },
      {
        "costOfGoodsSold": 111.5,
        "depreciationAmortization": 178.7,
        "dilutedAverageSharesOutstanding": 113.6,
        "dilutedEPS": 0.2,
        "ebit": 168,
        "grossIncome": 395.7,
        "interestExpense": 103.212,
        "interestIncomeExpense": -102.5,
        "minorityInterest": -0.3,
        "netIncome": 22.8,
        "netIncomeAfterTaxes": 23.1,
        "nonRecurringItems": -10.9,
        "period": "2020-06-30",
        "pretaxIncome": 23,
        "provisionforIncomeTaxes": -0.2,
        "revenue": 507.2,
        "sgaExpense": 49.1,
        "totalOperatingExpense": 227.8,
        "totalOtherIncomeExpenseNet": -31.6
      },
      {
        "costOfGoodsSold": 115.5,
        "depreciationAmortization": 182.6,
        "dilutedAverageSharesOutstanding": 111.9,
        "dilutedEPS": -1.14,
        "ebit": 169.3,
        "grossIncome": 401.6,
        "interestExpense": 103.396,
        "interestIncomeExpense": -98.5,
        "minorityInterest": 0.9,
        "netIncome": -127.1,
        "netIncomeAfterTaxes": -127.9,
        "nonRecurringItems": -35,
        "period": "2020-03-31",
        "pretaxIncome": -194.5,
        "provisionforIncomeTaxes": -66.5,
        "revenue": 517.1,
        "sgaExpense": 49.6,
        "totalOperatingExpense": 232.2,
        "totalOtherIncomeExpenseNet": -230.3
      },
      {
        "costOfGoodsSold": 121.3,
        "depreciationAmortization": 179.5,
        "dilutedAverageSharesOutstanding": 114.3,
        "dilutedEPS": 0.59,
        "ebit": 168.9,
        "grossIncome": 392.4,
        "interestExpense": 105.727,
        "interestIncomeExpense": -104.9,
        "minorityInterest": -0.2,
        "netIncome": 67.4,
        "netIncomeAfterTaxes": 67.6,
        "nonRecurringItems": -15,
        "period": "2019-12-31",
        "pretaxIncome": 84.3,
        "provisionforIncomeTaxes": 16.8,
        "revenue": 513.7,
        "sgaExpense": 44,
        "totalOperatingExpense": 223.4,
        "totalOtherIncomeExpenseNet": 35.3
      },
      {
        "costOfGoodsSold": 123.5,
        "depreciationAmortization": 175,
        "dilutedAverageSharesOutstanding": 115.2,
        "dilutedEPS": 0.19,
        "ebit": 166.8,
        "grossIncome": 384,
        "interestExpense": 102.386,
        "interestIncomeExpense": -101.1,
        "minorityInterest": -0.1,
        "netIncome": 21.7,
        "netIncomeAfterTaxes": 21.8,
        "nonRecurringItems": -13.4,
        "period": "2019-09-30",
        "pretaxIncome": 18.8,
        "provisionforIncomeTaxes": -3,
        "revenue": 507.5,
        "sgaExpense": 42.3,
        "totalOperatingExpense": 217.3,
        "totalOtherIncomeExpenseNet": -33.6
      },
      {
        "costOfGoodsSold": 124.4,
        "depreciationAmortization": 171.6,
        "dilutedAverageSharesOutstanding": 114.9,
        "dilutedEPS": 0.28,
        "ebit": 148.7,
        "grossIncome": 375.7,
        "interestExpense": 103.214,
        "interestIncomeExpense": -101.6,
        "netIncome": 32,
        "netIncomeAfterTaxes": 32,
        "nonRecurringItems": -12.2,
        "period": "2019-06-30",
        "pretaxIncome": 47.6,
        "provisionforIncomeTaxes": 15.6,
        "revenue": 500.1,
        "sgaExpense": 55.5,
        "totalOperatingExpense": 227.1,
        "totalOtherIncomeExpenseNet": 12.8
      },
      {
        "costOfGoodsSold": 123.8,
        "depreciationAmortization": 171,
        "dilutedAverageSharesOutstanding": 114.3,
        "dilutedEPS": 0.23,
        "ebit": 147.5,
        "grossIncome": 369.5,
        "interestExpense": 104.369,
        "interestIncomeExpense": -102.6,
        "netIncome": 26,
        "netIncomeAfterTaxes": 26,
        "nonRecurringItems": -8.2,
        "period": "2019-03-31",
        "pretaxIncome": 36.2,
        "provisionforIncomeTaxes": 10.2,
        "revenue": 493.3,
        "sgaExpense": 51,
        "totalOperatingExpense": 222,
        "totalOtherIncomeExpenseNet": -0.5
      },
      {
        "costOfGoodsSold": 122.3,
        "depreciationAmortization": 169.5,
        "dilutedAverageSharesOutstanding": 119.9,
        "dilutedEPS": 0.47,
        "ebit": 156.4,
        "grossIncome": 361.5,
        "interestExpense": 103.601,
        "interestIncomeExpense": -101.8,
        "netIncome": 57.2,
        "netIncomeAfterTaxes": 51.1,
        "nonRecurringItems": -6.1,
        "period": "2018-12-31",
        "pretaxIncome": 73,
        "provisionforIncomeTaxes": 21.9,
        "revenue": 483.8,
        "sgaExpense": 35.6,
        "totalOperatingExpense": 205.1,
        "totalOtherIncomeExpenseNet": 24.6
      },
      {
        "costOfGoodsSold": 116.7,
        "depreciationAmortization": 167.7,
        "dilutedAverageSharesOutstanding": 116.1,
        "dilutedEPS": 0.14,
        "ebit": 147.9,
        "grossIncome": 350.5,
        "interestExpense": 101.329,
        "interestIncomeExpense": -99.3,
        "netIncome": 16.1,
        "netIncomeAfterTaxes": 16.1,
        "nonRecurringItems": -9.9,
        "period": "2018-09-30",
        "pretaxIncome": 14.2,
        "provisionforIncomeTaxes": -2,
        "revenue": 467.2,
        "sgaExpense": 34.9,
        "totalOperatingExpense": 202.6,
        "totalOtherIncomeExpenseNet": -24.5
      },
      {
        "costOfGoodsSold": 114.4,
        "depreciationAmortization": 169.6,
        "dilutedAverageSharesOutstanding": 115.1,
        "dilutedEPS": -0.5,
        "ebit": 136.4,
        "grossIncome": 341.9,
        "interestExpense": 99.174,
        "interestIncomeExpense": -97.5,
        "netIncome": -57.4,
        "netIncomeAfterTaxes": -57.4,
        "nonRecurringItems": -24.3,
        "period": "2018-06-30",
        "pretaxIncome": -75.6,
        "provisionforIncomeTaxes": -18.2,
        "revenue": 456.3,
        "sgaExpense": 35.9,
        "totalOperatingExpense": 205.6,
        "totalOtherIncomeExpenseNet": -90.2
      },
      {
        "costOfGoodsSold": 115.3,
        "depreciationAmortization": 165.4,
        "dilutedAverageSharesOutstanding": 118.3,
        "dilutedEPS": 0.27,
        "ebit": 141.5,
        "grossIncome": 343,
        "interestExpense": 95.044,
        "interestIncomeExpense": -93.7,
        "netIncome": 31.5,
        "netIncomeAfterTaxes": 31.5,
        "nonRecurringItems": -12.2,
        "period": "2018-03-31",
        "pretaxIncome": 40.1,
        "provisionforIncomeTaxes": 8.6,
        "revenue": 458.3,
        "sgaExpense": 36,
        "totalOperatingExpense": 201.5,
        "totalOtherIncomeExpenseNet": 4.6
      },
      {
        "costOfGoodsSold": 114.5,
        "depreciationAmortization": 162.6,
        "dilutedAverageSharesOutstanding": 118.9,
        "dilutedEPS": 0.06,
        "ebit": 135.4,
        "grossIncome": 328.5,
        "interestExpense": 92.404,
        "interestIncomeExpense": -89.7,
        "netIncome": 7.7,
        "netIncomeAfterTaxes": 39.2,
        "nonRecurringItems": -16.3,
        "period": "2017-12-31",
        "pretaxIncome": 10.7,
        "provisionforIncomeTaxes": -28.5,
        "revenue": 443.1,
        "sgaExpense": 30.5,
        "totalOperatingExpense": 193.2,
        "totalOtherIncomeExpenseNet": -18.6
      },
      {
        "costOfGoodsSold": 111.5,
        "depreciationAmortization": 161.9,
        "dilutedAverageSharesOutstanding": 121,
        "dilutedEPS": 0.41,
        "ebit": 128,
        "grossIncome": 322.5,
        "interestExpense": 87.039,
        "interestIncomeExpense": -84.5,
        "netIncome": 49.2,
        "netIncomeAfterTaxes": 49.2,
        "nonRecurringItems": -11,
        "period": "2017-09-30",
        "pretaxIncome": 52.5,
        "provisionforIncomeTaxes": 3.4,
        "revenue": 433.9,
        "sgaExpense": 32.6,
        "totalOperatingExpense": 194.4,
        "totalOtherIncomeExpenseNet": 20.1
      },
      {
        "costOfGoodsSold": 109.3,
        "depreciationAmortization": 159.5,
        "dilutedAverageSharesOutstanding": 122.4,
        "dilutedEPS": 0.08,
        "ebit": 125,
        "grossIncome": 318,
        "interestExpense": 84.122,
        "interestIncomeExpense": -81.2,
        "netIncome": 9.2,
        "netIncomeAfterTaxes": 9.2,
        "nonRecurringItems": -12.4,
        "period": "2017-06-30",
        "pretaxIncome": 12.6,
        "provisionforIncomeTaxes": 3.4,
        "revenue": 427.3,
        "sgaExpense": 33.4,
        "totalOperatingExpense": 193,
        "totalOtherIncomeExpenseNet": -18.8
      },
      {
        "costOfGoodsSold": 111,
        "depreciationAmortization": 159,
        "dilutedAverageSharesOutstanding": 121.7,
        "dilutedEPS": 0.31,
        "ebit": 119.1,
        "grossIncome": 312.4,
        "interestExpense": 85.005,
        "interestIncomeExpense": -81.8,
        "netIncome": 37.6,
        "netIncomeAfterTaxes": 37.6,
        "nonRecurringItems": -11.3,
        "period": "2017-03-31",
        "pretaxIncome": 41,
        "provisionforIncomeTaxes": 3.4,
        "revenue": 423.4,
        "sgaExpense": 34.2,
        "totalOperatingExpense": 193.2,
        "totalOtherIncomeExpenseNet": 14.9
      },
      {
        "costOfGoodsSold": 106.3,
        "depreciationAmortization": 158.6,
        "dilutedAverageSharesOutstanding": 123.3,
        "dilutedEPS": 0.04,
        "ebit": 118.6,
        "grossIncome": 310.2,
        "interestExpense": 84.062,
        "interestIncomeExpense": -80.8,
        "netIncome": 5.3,
        "netIncomeAfterTaxes": 5.3,
        "nonRecurringItems": -29.4,
        "period": "2016-12-31",
        "pretaxIncome": 10.5,
        "provisionforIncomeTaxes": 5.3,
        "revenue": 416.5,
        "sgaExpense": 33,
        "totalOperatingExpense": 191.6,
        "totalOtherIncomeExpenseNet": 2.1
      },
      {
        "costOfGoodsSold": 105.5,
        "depreciationAmortization": 160.1,
        "dilutedAverageSharesOutstanding": 124.6,
        "dilutedEPS": -0.12,
        "ebit": 113.5,
        "grossIncome": 305.9,
        "interestExpense": 89.456,
        "interestIncomeExpense": -86.4,
        "netIncome": -15.4,
        "netIncomeAfterTaxes": -15.4,
        "nonRecurringItems": -39.8,
        "period": "2016-09-30",
        "pretaxIncome": -13.8,
        "provisionforIncomeTaxes": 1.6,
        "revenue": 411.3,
        "sgaExpense": 32.3,
        "totalOperatingExpense": 192.3,
        "totalOtherIncomeExpenseNet": -1.1
      },
      {
        "costOfGoodsSold": 106.6,
        "depreciationAmortization": 159.7,
        "dilutedAverageSharesOutstanding": 125.8,
        "dilutedEPS": 0.26,
        "ebit": 91.6,
        "grossIncome": 299,
        "interestExpense": 89.467,
        "interestIncomeExpense": -86.7,
        "netIncome": 32.7,
        "netIncomeAfterTaxes": 32.7,
        "nonRecurringItems": -17.5,
        "period": "2016-06-30",
        "pretaxIncome": 34.7,
        "provisionforIncomeTaxes": 2,
        "revenue": 405.5,
        "sgaExpense": 47.7,
        "totalOperatingExpense": 207.4,
        "totalOtherIncomeExpenseNet": 47.4
      },
      {
        "costOfGoodsSold": 102.6,
        "depreciationAmortization": 159.8,
        "dilutedAverageSharesOutstanding": 126.1,
        "dilutedEPS": 0.43,
        "ebit": 107,
        "grossIncome": 297.2,
        "interestExpense": 89.524,
        "interestIncomeExpense": -87.7,
        "netIncome": 53.6,
        "netIncomeAfterTaxes": 53.6,
        "nonRecurringItems": -9.4,
        "period": "2016-03-31",
        "pretaxIncome": 55.8,
        "provisionforIncomeTaxes": 2.2,
        "revenue": 399.8,
        "sgaExpense": 30.4,
        "totalOperatingExpense": 190.2,
        "totalOtherIncomeExpenseNet": 45.9
      },
      {
        "costOfGoodsSold": 109.4,
        "depreciationAmortization": 161.5,
        "dilutedAverageSharesOutstanding": 126,
        "dilutedEPS": 0.25,
        "ebit": 107.1,
        "grossIncome": 297.5,
        "interestExpense": 89.562,
        "interestIncomeExpense": -88,
        "netIncome": 31,
        "netIncomeAfterTaxes": 31,
        "nonRecurringItems": -25.8,
        "period": "2015-12-31",
        "pretaxIncome": 33,
        "provisionforIncomeTaxes": 1.9,
        "revenue": 406.9,
        "sgaExpense": 28.9,
        "totalOperatingExpense": 190.4,
        "totalOtherIncomeExpenseNet": 39.6
      },
      {
        "costOfGoodsSold": 111.7,
        "depreciationAmortization": 164.3,
        "dilutedAverageSharesOutstanding": 127.2,
        "dilutedEPS": -1.23,
        "ebit": 106.8,
        "grossIncome": 299,
        "interestExpense": 87.129,
        "interestIncomeExpense": -85.9,
        "netIncome": -155.9,
        "netIncomeAfterTaxes": -155.9,
        "nonRecurringItems": -63.7,
        "period": "2015-09-30",
        "pretaxIncome": -154,
        "provisionforIncomeTaxes": 1.9,
        "revenue": 410.7,
        "sgaExpense": 27.9,
        "totalOperatingExpense": 192.3,
        "totalOtherIncomeExpenseNet": -111.3
      }
    ],
    "symbol": "SBAC"
  }
}