{
  "symbol": "GM",
  "statement": "ic",
  "frequency": "quarterly",
  "timestamp": "2025-09-19T14:01:03.783604",
  "data": {
    "financials": [
      {
        "costOfGoodsSold": 43056,
        "dilutedAverageSharesOutstanding": 976,
        "dilutedEPS": 1.91,
        "ebit": 1927,
        "grossIncome": 4066,
        "interestExpense": 198,
        "interestIncomeExpense": 388,
        "minorityInterest": 1,
        "netIncome": 1865,
        "netIncomeAfterTaxes": 1894,
        "nonRecurringItems": 60,
        "period": "2025-06-30",
        "pretaxIncome": 2375,
        "provisionforIncomeTaxes": 481,
        "revenue": 47122,
        "sgaExpense": 2139,
        "totalOperatingExpense": 2139
      },
      {
        "costOfGoodsSold": 38882,
        "dilutedAverageSharesOutstanding": 1002,
        "dilutedEPS": 3.35,
        "ebit": 3152,
        "grossIncome": 5138,
        "interestExpense": 152,
        "interestIncomeExpense": 220,
        "minorityInterest": -69,
        "netIncome": 3361,
        "netIncomeAfterTaxes": 2853,
        "nonRecurringItems": 200,
        "otherOperatingExpensesTotal": 1,
        "period": "2025-03-31",
        "pretaxIncome": 3572,
        "provisionforIncomeTaxes": 719,
        "revenue": 44020,
        "sgaExpense": 1985,
        "totalOperatingExpense": 1986
      },
      {
        "costOfGoodsSold": 42531,
        "dilutedAverageSharesOutstanding": 1052,
        "dilutedEPS": -1.64,
        "ebit": 2485,
        "grossIncome": 5171,
        "interestExpense": 215,
        "interestIncomeExpense": -20,
        "minorityInterest": -87,
        "netIncome": -1725,
        "netIncomeAfterTaxes": -2875,
        "nonRecurringItems": -5063,
        "period": "2024-12-31",
        "pretaxIncome": -2557,
        "provisionforIncomeTaxes": 318,
        "revenue": 47702,
        "sgaExpense": 2686,
        "totalOperatingExpense": 2686,
        "totalOtherIncomeExpenseNet": 41
      },
      {
        "costOfGoodsSold": 42560,
        "dilutedAverageSharesOutstanding": 1131,
        "dilutedEPS": 2.68,
        "ebit": 3601,
        "grossIncome": 6197,
        "interestExpense": 206,
        "interestIncomeExpense": 89,
        "minorityInterest": 48,
        "netIncome": 3029,
        "netIncomeAfterTaxes": 3008,
        "nonRecurringItems": 50,
        "otherOperatingExpensesTotal": 1,
        "period": "2024-09-30",
        "pretaxIncome": 3717,
        "provisionforIncomeTaxes": 709,
        "revenue": 48757,
        "sgaExpense": 2595,
        "totalOperatingExpense": 2596,
        "totalOtherIncomeExpenseNet": -23
      },
      {
        "costOfGoodsSold": 41341,
        "dilutedAverageSharesOutstanding": 1147,
        "dilutedEPS": 2.54,
        "ebit": 4331,
        "grossIncome": 6628,
        "interestExpense": 206,
        "interestIncomeExpense": -353,
        "minorityInterest": 57,
        "netIncome": 2919,
        "netIncomeAfterTaxes": 2876,
        "nonRecurringItems": -458,
        "period": "2024-06-30",
        "pretaxIncome": 3643,
        "provisionforIncomeTaxes": 767,
        "revenue": 47969,
        "sgaExpense": 2297,
        "totalOperatingExpense": 2297,
        "totalOtherIncomeExpenseNet": 123
      },
      {
        "costOfGoodsSold": 36602,
        "dilutedAverageSharesOutstanding": 1162,
        "dilutedEPS": 2.56,
        "ebit": 4534,
        "grossIncome": 6412,
        "interestExpense": 219,
        "interestIncomeExpense": -71,
        "minorityInterest": 27,
        "netIncome": 2970,
        "netIncomeAfterTaxes": 2953,
        "nonRecurringItems": -796,
        "otherOperatingExpensesTotal": -1,
        "period": "2024-03-31",
        "pretaxIncome": 3715,
        "provisionforIncomeTaxes": 762,
        "revenue": 43014,
        "sgaExpense": 1879,
        "totalOperatingExpense": 1878,
        "totalOtherIncomeExpenseNet": 48
      },
      {
        "costOfGoodsSold": 39870,
        "dilutedAverageSharesOutstanding": 1306,
        "dilutedEPS": 1.59,
        "ebit": 849,
        "grossIncome": 3109,
        "interestExpense": 222,
        "interestIncomeExpense": 293,
        "minorityInterest": 108,
        "netIncome": 2076,
        "netIncomeAfterTaxes": 1994,
        "nonRecurringItems": 69,
        "period": "2023-12-31",
        "pretaxIncome": 1136,
        "provisionforIncomeTaxes": -858,
        "revenue": 42979,
        "sgaExpense": 2260,
        "totalOperatingExpense": 2260,
        "totalOtherIncomeExpenseNet": -75
      },
      {
        "costOfGoodsSold": 38975,
        "dilutedAverageSharesOutstanding": 1378,
        "dilutedEPS": 2.2,
        "ebit": 2906,
        "grossIncome": 5156,
        "interestExpense": 229,
        "interestIncomeExpense": 365,
        "minorityInterest": 70,
        "netIncome": 3038,
        "netIncomeAfterTaxes": 2994,
        "nonRecurringItems": 107,
        "otherOperatingExpensesTotal": -1,
        "period": "2023-09-30",
        "pretaxIncome": 3464,
        "provisionforIncomeTaxes": 470,
        "revenue": 44131,
        "sgaExpense": 2251,
        "totalOperatingExpense": 2250,
        "totalOtherIncomeExpenseNet": 86
      },
      {
        "costOfGoodsSold": 39600,
        "dilutedAverageSharesOutstanding": 1389,
        "dilutedEPS": 1.83,
        "ebit": 2835,
        "grossIncome": 5146,
        "interestExpense": 226,
        "interestIncomeExpense": 154,
        "minorityInterest": 59,
        "netIncome": 2540,
        "netIncomeAfterTaxes": 2507,
        "nonRecurringItems": -46,
        "otherOperatingExpensesTotal": -1,
        "period": "2023-06-30",
        "pretaxIncome": 3029,
        "provisionforIncomeTaxes": 522,
        "revenue": 44746,
        "sgaExpense": 2312,
        "totalOperatingExpense": 2311,
        "totalOtherIncomeExpenseNet": 86
      },
      {
        "costOfGoodsSold": 34359,
        "dilutedAverageSharesOutstanding": 1402,
        "dilutedEPS": 1.69,
        "ebit": 3377,
        "grossIncome": 5626,
        "interestExpense": 234,
        "interestIncomeExpense": 110,
        "minorityInterest": 49,
        "netIncome": 2369,
        "netIncomeAfterTaxes": 2347,
        "nonRecurringItems": -799,
        "otherOperatingExpensesTotal": 1,
        "period": "2023-03-31",
        "pretaxIncome": 2775,
        "provisionforIncomeTaxes": 428,
        "revenue": 39985,
        "sgaExpense": 2248,
        "totalOperatingExpense": 2249,
        "totalOtherIncomeExpenseNet": 87
      },
      {
        "costOfGoodsSold": 37305,
        "dilutedAverageSharesOutstanding": 1424,
        "dilutedEPS": 1.39,
        "ebit": 2922,
        "grossIncome": 5803,
        "interestExpense": 268,
        "interestIncomeExpense": 621,
        "minorityInterest": -8,
        "netIncome": 1984,
        "netIncomeAfterTaxes": 2008,
        "nonRecurringItems": -968,
        "otherOperatingExpensesTotal": -1,
        "period": "2022-12-31",
        "pretaxIncome": 2588,
        "provisionforIncomeTaxes": 580,
        "revenue": 43108,
        "sgaExpense": 2882,
        "totalOperatingExpense": 2881,
        "totalOtherIncomeExpenseNet": 13
      },
      {
        "costOfGoodsSold": 36320,
        "dilutedAverageSharesOutstanding": 1457,
        "dilutedEPS": 2.25,
        "ebit": 3092,
        "grossIncome": 5569,
        "interestExpense": 259,
        "interestIncomeExpense": 330,
        "minorityInterest": 53,
        "netIncome": 3278,
        "netIncomeAfterTaxes": 3252,
        "nonRecurringItems": 300,
        "period": "2022-09-30",
        "pretaxIncome": 4097,
        "provisionforIncomeTaxes": 845,
        "revenue": 41889,
        "sgaExpense": 2477,
        "totalOperatingExpense": 2477,
        "totalOtherIncomeExpenseNet": 375
      },
      {
        "costOfGoodsSold": 31750,
        "dilutedAverageSharesOutstanding": 1465,
        "dilutedEPS": 1.14,
        "ebit": 1716,
        "grossIncome": 4009,
        "interestExpense": 234,
        "interestIncomeExpense": -360,
        "minorityInterest": 50,
        "netIncome": 1666,
        "netIncomeAfterTaxes": 1642,
        "nonRecurringItems": 400,
        "period": "2022-06-30",
        "pretaxIncome": 2132,
        "provisionforIncomeTaxes": 490,
        "revenue": 35759,
        "sgaExpense": 2293,
        "totalOperatingExpense": 2293,
        "totalOtherIncomeExpenseNet": 376
      },
      {
        "costOfGoodsSold": 31679,
        "dilutedAverageSharesOutstanding": 1470,
        "dilutedEPS": 1.35,
        "ebit": 1796,
        "grossIncome": 4300,
        "interestExpense": 226,
        "interestIncomeExpense": 207,
        "minorityInterest": 131,
        "netIncome": 1987,
        "netIncomeAfterTaxes": 2807,
        "nonRecurringItems": 400,
        "period": "2022-03-31",
        "pretaxIncome": 2779,
        "provisionforIncomeTaxes": -28,
        "revenue": 35979,
        "sgaExpense": 2504,
        "totalOperatingExpense": 2504,
        "totalOtherIncomeExpenseNet": 376
      },
      {
        "costOfGoodsSold": 29986,
        "dilutedAverageSharesOutstanding": 1471,
        "dilutedEPS": 1.15,
        "ebit": 1120,
        "grossIncome": 3598,
        "interestExpense": 227,
        "interestIncomeExpense": 308,
        "minorityInterest": -25,
        "netIncome": 1696,
        "netIncomeAfterTaxes": 1766,
        "nonRecurringItems": 400,
        "period": "2021-12-31",
        "pretaxIncome": 2237,
        "provisionforIncomeTaxes": 471,
        "revenue": 33584,
        "sgaExpense": 2478,
        "totalOperatingExpense": 2478,
        "totalOtherIncomeExpenseNet": 409
      },
      {
        "costOfGoodsSold": 23386,
        "dilutedAverageSharesOutstanding": 1467,
        "dilutedEPS": 1.62,
        "ebit": 1245,
        "grossIncome": 3393,
        "interestExpense": 230,
        "interestIncomeExpense": 409,
        "minorityInterest": 34,
        "netIncome": 2375,
        "netIncomeAfterTaxes": 2386,
        "nonRecurringItems": 400,
        "period": "2021-09-30",
        "pretaxIncome": 2538,
        "provisionforIncomeTaxes": 152,
        "revenue": 26779,
        "sgaExpense": 2148,
        "totalOperatingExpense": 2148,
        "totalOtherIncomeExpenseNet": 484
      },
      {
        "costOfGoodsSold": 29960,
        "dilutedAverageSharesOutstanding": 1468,
        "dilutedEPS": 1.9,
        "ebit": 2082,
        "grossIncome": 4207,
        "interestExpense": 243,
        "interestIncomeExpense": 383,
        "minorityInterest": 57,
        "netIncome": 2790,
        "netIncomeAfterTaxes": 2779,
        "nonRecurringItems": 800,
        "period": "2021-06-30",
        "pretaxIncome": 3750,
        "provisionforIncomeTaxes": 971,
        "revenue": 34167,
        "sgaExpense": 2125,
        "totalOperatingExpense": 2125,
        "totalOtherIncomeExpenseNet": 485
      },
      {
        "costOfGoodsSold": 27794,
        "dilutedAverageSharesOutstanding": 1464,
        "dilutedEPS": 2.03,
        "ebit": 2877,
        "grossIncome": 4680,
        "interestExpense": 250,
        "interestIncomeExpense": 431,
        "minorityInterest": 8,
        "netIncome": 2976,
        "netIncomeAfterTaxes": 3014,
        "nonRecurringItems": 400,
        "period": "2021-03-31",
        "pretaxIncome": 4191,
        "provisionforIncomeTaxes": 1177,
        "revenue": 32474,
        "sgaExpense": 1803,
        "totalOperatingExpense": 1803,
        "totalOtherIncomeExpenseNet": 483
      },
      {
        "costOfGoodsSold": 33121,
        "dilutedAverageSharesOutstanding": 1451,
        "dilutedEPS": 1.93,
        "ebit": 2367,
        "grossIncome": 4397,
        "interestExpense": 275,
        "interestIncomeExpense": 573,
        "minorityInterest": 49,
        "netIncome": 2801,
        "netIncomeAfterTaxes": 2797,
        "nonRecurringItems": 400,
        "period": "2020-12-31",
        "pretaxIncome": 3439,
        "provisionforIncomeTaxes": 642,
        "revenue": 37518,
        "sgaExpense": 2030,
        "totalOperatingExpense": 2030,
        "totalOtherIncomeExpenseNet": 99
      },
      {
        "costOfGoodsSold": 29528,
        "dilutedAverageSharesOutstanding": 1439,
        "dilutedEPS": 2.78,
        "ebit": 4724,
        "grossIncome": 5952,
        "interestExpense": 327,
        "interestIncomeExpense": 159,
        "minorityInterest": 27,
        "netIncome": 4005,
        "netIncomeAfterTaxes": 4018,
        "nonRecurringItems": -300,
        "period": "2020-09-30",
        "pretaxIncome": 4905,
        "provisionforIncomeTaxes": 887,
        "revenue": 35480,
        "sgaExpense": 1228,
        "totalOperatingExpense": 1228,
        "totalOtherIncomeExpenseNet": 322
      },
      {
        "costOfGoodsSold": 15782,
        "dilutedAverageSharesOutstanding": 1432,
        "dilutedEPS": -0.56,
        "ebit": 486,
        "grossIncome": 996,
        "interestExpense": 303,
        "interestIncomeExpense": -14,
        "minorityInterest": 22,
        "netIncome": -806,
        "netIncomeAfterTaxes": -780,
        "nonRecurringItems": -1700,
        "period": "2020-06-30",
        "pretaxIncome": -892,
        "provisionforIncomeTaxes": -112,
        "revenue": 16778,
        "sgaExpense": 510,
        "totalOperatingExpense": 510,
        "totalOtherIncomeExpenseNet": 336
      },
      {
        "costOfGoodsSold": 30082,
        "dilutedAverageSharesOutstanding": 1440,
        "dilutedEPS": 0.17,
        "ebit": 657,
        "grossIncome": 2627,
        "interestExpense": 193,
        "interestIncomeExpense": -352,
        "minorityInterest": 8,
        "netIncome": 247,
        "netIncomeAfterTaxes": 286,
        "period": "2020-03-31",
        "pretaxIncome": 643,
        "provisionforIncomeTaxes": 357,
        "revenue": 32709,
        "sgaExpense": 1970,
        "totalOperatingExpense": 1970,
        "totalOtherIncomeExpenseNet": 338
      },
      {
        "costOfGoodsSold": 29098,
        "dilutedAverageSharesOutstanding": 1430,
        "dilutedEPS": -0.16,
        "ebit": -554,
        "grossIncome": 1728,
        "interestExpense": 200,
        "interestIncomeExpense": -11,
        "minorityInterest": -2,
        "netIncome": -232,
        "netIncomeAfterTaxes": -192,
        "period": "2019-12-31",
        "pretaxIncome": -355,
        "provisionforIncomeTaxes": -163,
        "revenue": 30826,
        "sgaExpense": 2282,
        "totalOperatingExpense": 2282,
        "totalOtherIncomeExpenseNet": 210
      },
      {
        "costOfGoodsSold": 31161,
        "dilutedAverageSharesOutstanding": 1442,
        "dilutedEPS": 1.6,
        "ebit": 2304,
        "grossIncome": 4312,
        "interestExpense": 206,
        "interestIncomeExpense": 153,
        "minorityInterest": 40,
        "netIncome": 2313,
        "netIncomeAfterTaxes": 2311,
        "period": "2019-09-30",
        "pretaxIncome": 2582,
        "provisionforIncomeTaxes": 271,
        "revenue": 35473,
        "sgaExpense": 2008,
        "totalOperatingExpense": 2008,
        "totalOtherIncomeExpenseNet": 125
      },
      {
        "costOfGoodsSold": 31471,
        "dilutedAverageSharesOutstanding": 1438,
        "dilutedEPS": 1.66,
        "ebit": 2487,
        "grossIncome": 4589,
        "interestExpense": 195,
        "interestIncomeExpense": 208,
        "minorityInterest": 15,
        "netIncome": 2381,
        "netIncomeAfterTaxes": 2403,
        "period": "2019-06-30",
        "pretaxIncome": 2927,
        "provisionforIncomeTaxes": 524,
        "revenue": 36060,
        "sgaExpense": 2102,
        "totalOperatingExpense": 2102,
        "totalOtherIncomeExpenseNet": 232
      },
      {
        "costOfGoodsSold": 31535,
        "dilutedAverageSharesOutstanding": 1436,
        "dilutedEPS": 1.48,
        "ebit": 1244,
        "grossIncome": 3343,
        "interestExpense": 181,
        "interestIncomeExpense": 808,
        "minorityInterest": 12,
        "netIncome": 2119,
        "netIncomeAfterTaxes": 2145,
        "period": "2019-03-31",
        "pretaxIncome": 2282,
        "provisionforIncomeTaxes": 137,
        "revenue": 34878,
        "sgaExpense": 2099,
        "totalOperatingExpense": 2099,
        "totalOtherIncomeExpenseNet": 230
      },
      {
        "costOfGoodsSold": 35092,
        "dilutedAverageSharesOutstanding": 1431,
        "dilutedEPS": 1.4,
        "ebit": 829,
        "grossIncome": 3307,
        "interestExpense": 185,
        "interestIncomeExpense": 629,
        "minorityInterest": -25,
        "netIncome": 2006,
        "netIncomeAfterTaxes": 1869,
        "period": "2018-12-31",
        "pretaxIncome": 1458,
        "provisionforIncomeTaxes": -411,
        "revenue": 38399,
        "sgaExpense": 2478,
        "totalOperatingExpense": 2478
      },
      {
        "costOfGoodsSold": 31597,
        "dilutedAverageSharesOutstanding": 1431,
        "dilutedEPS": 1.75,
        "ebit": 1610,
        "grossIncome": 4194,
        "interestExpense": 161,
        "interestIncomeExpense": 619,
        "minorityInterest": 4,
        "netIncome": 2503,
        "netIncomeAfterTaxes": 2530,
        "period": "2018-09-30",
        "pretaxIncome": 2630,
        "provisionforIncomeTaxes": 100,
        "revenue": 35791,
        "sgaExpense": 2584,
        "totalOperatingExpense": 2584,
        "totalOtherIncomeExpenseNet": 401
      },
      {
        "costOfGoodsSold": 33067,
        "dilutedAverageSharesOutstanding": 1431,
        "dilutedEPS": 1.66,
        "ebit": 1477,
        "grossIncome": 3693,
        "interestExpense": 159,
        "interestIncomeExpense": 988,
        "minorityInterest": 24,
        "netIncome": 2375,
        "netIncomeAfterTaxes": 2366,
        "period": "2018-06-30",
        "pretaxIncome": 2885,
        "provisionforIncomeTaxes": 519,
        "revenue": 36760,
        "sgaExpense": 2216,
        "totalOperatingExpense": 2216,
        "totalOtherIncomeExpenseNet": 420
      },
      {
        "costOfGoodsSold": 33198,
        "dilutedAverageSharesOutstanding": 1430,
        "dilutedEPS": 0.72,
        "ebit": 529,
        "grossIncome": 2901,
        "interestExpense": 150,
        "interestIncomeExpense": 626,
        "minorityInterest": 6,
        "netIncome": 1032,
        "netIncomeAfterTaxes": 1110,
        "period": "2018-03-31",
        "pretaxIncome": 1576,
        "provisionforIncomeTaxes": 466,
        "revenue": 36099,
        "sgaExpense": 2372,
        "totalOperatingExpense": 2372,
        "totalOtherIncomeExpenseNet": 421
      },
      {
        "costOfGoodsSold": 34063,
        "dilutedAverageSharesOutstanding": 1411,
        "dilutedEPS": -3.66,
        "ebit": 1223,
        "grossIncome": 3652,
        "interestExpense": 145,
        "interestIncomeExpense": 1770,
        "minorityInterest": 29,
        "netIncome": -5165,
        "netIncomeAfterTaxes": 2397,
        "period": "2017-12-31",
        "pretaxIncome": 2993,
        "provisionforIncomeTaxes": 596,
        "revenue": 37715,
        "sgaExpense": 2429,
        "totalOperatingExpense": 2429
      },
      {
        "costOfGoodsSold": 29403,
        "dilutedAverageSharesOutstanding": 1445,
        "dilutedEPS": -2.06,
        "ebit": 1916,
        "grossIncome": 4220,
        "interestExpense": 151,
        "interestIncomeExpense": 514,
        "minorityInterest": 1,
        "netIncome": -2983,
        "netIncomeAfterTaxes": 114,
        "period": "2017-09-30",
        "pretaxIncome": 2430,
        "provisionforIncomeTaxes": 2316,
        "revenue": 33623,
        "sgaExpense": 2304,
        "totalOperatingExpense": 2304
      },
      {
        "costOfGoodsSold": 32210,
        "dilutedAverageSharesOutstanding": 1519,
        "dilutedEPS": 1.09,
        "ebit": 2297,
        "grossIncome": 4774,
        "interestExpense": 132,
        "interestIncomeExpense": 670,
        "minorityInterest": -3,
        "netIncome": 1660,
        "netIncomeAfterTaxes": 2433,
        "period": "2017-06-30",
        "pretaxIncome": 2967,
        "provisionforIncomeTaxes": 534,
        "revenue": 36984,
        "sgaExpense": 2477,
        "totalOperatingExpense": 2477
      },
      {
        "costOfGoodsSold": 32327,
        "dilutedAverageSharesOutstanding": 1532,
        "dilutedEPS": 1.7,
        "ebit": 2583,
        "grossIncome": 4939,
        "interestExpense": 147,
        "interestIncomeExpense": 890,
        "minorityInterest": -9,
        "netIncome": 2608,
        "netIncomeAfterTaxes": 2686,
        "period": "2017-03-31",
        "pretaxIncome": 3473,
        "provisionforIncomeTaxes": 787,
        "revenue": 37266,
        "sgaExpense": 2356,
        "totalOperatingExpense": 2356
      },
      {
        "costOfGoodsSold": 35169,
        "dilutedAverageSharesOutstanding": 1546,
        "dilutedEPS": 1.18,
        "ebit": 1751,
        "grossIncome": 4727,
        "interestExpense": 150,
        "interestIncomeExpense": 447,
        "minorityInterest": 60,
        "netIncome": 1835,
        "netIncomeAfterTaxes": 1895,
        "nonRecurringItems": 0,
        "period": "2016-12-31",
        "pretaxIncome": 2198,
        "provisionforIncomeTaxes": 303,
        "revenue": 39896,
        "sgaExpense": 2976,
        "totalOperatingExpense": 2976
      },
      {
        "costOfGoodsSold": 33341,
        "dilutedAverageSharesOutstanding": 1574,
        "dilutedEPS": 1.76,
        "ebit": 3148,
        "grossIncome": 5548,
        "interestExpense": 145,
        "interestIncomeExpense": 461,
        "minorityInterest": 61,
        "netIncome": 2773,
        "netIncomeAfterTaxes": 2707,
        "period": "2016-09-30",
        "pretaxIncome": 3609,
        "provisionforIncomeTaxes": 902,
        "revenue": 38889,
        "sgaExpense": 2400,
        "totalOperatingExpense": 2400
      },
      {
        "costOfGoodsSold": 31903,
        "dilutedAverageSharesOutstanding": 1581,
        "dilutedEPS": 1.81,
        "ebit": 2972,
        "grossIncome": 5480,
        "interestExpense": 144,
        "interestIncomeExpense": 649,
        "minorityInterest": 16,
        "netIncome": 2866,
        "netIncomeAfterTaxes": 2744,
        "period": "2016-06-30",
        "pretaxIncome": 3621,
        "provisionforIncomeTaxes": 877,
        "revenue": 37383,
        "sgaExpense": 2508,
        "totalOperatingExpense": 2508
      },
      {
        "costOfGoodsSold": 28455,
        "dilutedAverageSharesOutstanding": 1580.5,
        "dilutedEPS": 1.23,
        "ebit": 2091,
        "grossIncome": 4561,
        "interestExpense": 124,
        "interestIncomeExpense": 489,
        "minorityInterest": 22,
        "netIncome": 1953,
        "netIncomeAfterTaxes": 1923,
        "period": "2016-03-31",
        "pretaxIncome": 2580,
        "provisionforIncomeTaxes": 657,
        "revenue": 33016,
        "sgaExpense": 2470,
        "totalOperatingExpense": 2470
      },
      {
        "costOfGoodsSold": 19593,
        "dilutedAverageSharesOutstanding": 1595,
        "dilutedEPS": 3.91,
        "ebit": 1885,
        "grossIncome": 3397,
        "interestExpense": 93,
        "interestIncomeExpense": 762,
        "minorityInterest": 40,
        "netIncome": 6266,
        "netIncomeAfterTaxes": 6201,
        "nonRecurringItems": 1064,
        "period": "2015-12-31",
        "pretaxIncome": 3711,
        "provisionforIncomeTaxes": -2490,
        "revenue": 22990,
        "sgaExpense": 1512,
        "totalOperatingExpense": 1512
      },
      {
        "costOfGoodsSold": 33664,
        "dilutedAverageSharesOutstanding": 1618,
        "dilutedEPS": 0.84,
        "ebit": 897,
        "grossIncome": 5179,
        "interestExpense": 112,
        "interestIncomeExpense": 509,
        "minorityInterest": 18,
        "netIncome": 1359,
        "netIncomeAfterTaxes": 1341,
        "nonRecurringItems": 100,
        "period": "2015-09-30",
        "pretaxIncome": 1506,
        "provisionforIncomeTaxes": 165,
        "revenue": 38843,
        "sgaExpense": 4282,
        "totalOperatingExpense": 4282
      }
    ],
    "symbol": "GM"
  }
}