{
  "symbol": "VZ",
  "statement": "ic",
  "frequency": "quarterly",
  "timestamp": "2025-09-19T14:08:16.473932",
  "data": {
    "financials": [
      {
        "costOfGoodsSold": 13885,
        "depreciationAmortization": 4443,
        "dilutedAverageSharesOutstanding": 4228,
        "dilutedEPS": 1.18,
        "ebit": 8364,
        "grossIncome": 20619,
        "interestIncomeExpense": -1642,
        "minorityInterest": -118,
        "netIncome": 5003,
        "netIncomeAfterTaxes": 5121,
        "nonRecurringItems": -192,
        "period": "2025-06-30",
        "pretaxIncome": 6609,
        "provisionforIncomeTaxes": 1488,
        "revenue": 34504,
        "sgaExpense": 7812,
        "totalOperatingExpense": 12255,
        "totalOtherIncomeExpenseNet": 79
      },
      {
        "costOfGoodsSold": 13056,
        "depreciationAmortization": 4387,
        "dilutedAverageSharesOutstanding": 4226,
        "dilutedEPS": 1.15,
        "ebit": 8168,
        "grossIncome": 20429,
        "interestExpense": 1632,
        "interestIncomeExpense": -1563,
        "minorityInterest": -104,
        "netIncome": 4879,
        "netIncomeAfterTaxes": 4983,
        "nonRecurringItems": -100,
        "period": "2025-03-31",
        "pretaxIncome": 6473,
        "provisionforIncomeTaxes": 1490,
        "revenue": 33485,
        "sgaExpense": 7874,
        "totalOperatingExpense": 12261,
        "totalOtherIncomeExpenseNet": -32
      },
      {
        "costOfGoodsSold": 15514,
        "depreciationAmortization": 4315,
        "dilutedAverageSharesOutstanding": 4229,
        "dilutedEPS": 1.18,
        "ebit": 7612,
        "grossIncome": 20167,
        "interestExpense": 1644,
        "interestIncomeExpense": -1572,
        "minorityInterest": -109,
        "netIncome": 5005,
        "netIncomeAfterTaxes": 5114,
        "nonRecurringItems": 573,
        "period": "2024-12-31",
        "pretaxIncome": 6568,
        "provisionforIncomeTaxes": 1454,
        "revenue": 35681,
        "sgaExpense": 8240,
        "totalOperatingExpense": 12555,
        "totalOtherIncomeExpenseNet": -45
      },
      {
        "costOfGoodsSold": 13051,
        "depreciationAmortization": 4272,
        "dilutedAverageSharesOutstanding": 4225,
        "dilutedEPS": 0.78,
        "ebit": 8219,
        "grossIncome": 20279,
        "interestExpense": 1672,
        "interestIncomeExpense": -1599,
        "minorityInterest": -105,
        "netIncome": 3306,
        "netIncomeAfterTaxes": 3411,
        "nonRecurringItems": -2203,
        "period": "2024-09-30",
        "pretaxIncome": 4302,
        "provisionforIncomeTaxes": 891,
        "revenue": 33330,
        "sgaExpense": 7788,
        "totalOperatingExpense": 12060,
        "totalOtherIncomeExpenseNet": -115
      },
      {
        "costOfGoodsSold": 12471,
        "depreciationAmortization": 4264,
        "dilutedAverageSharesOutstanding": 4221,
        "dilutedEPS": 1.09,
        "ebit": 8037,
        "grossIncome": 20325,
        "interestExpense": 1698,
        "interestIncomeExpense": -1629,
        "minorityInterest": -109,
        "netIncome": 4593,
        "netIncomeAfterTaxes": 4702,
        "nonRecurringItems": -266,
        "period": "2024-06-30",
        "pretaxIncome": 6034,
        "provisionforIncomeTaxes": 1332,
        "revenue": 32796,
        "sgaExpense": 8024,
        "totalOperatingExpense": 12288,
        "totalOtherIncomeExpenseNet": -108
      },
      {
        "costOfGoodsSold": 12872,
        "depreciationAmortization": 4224,
        "dilutedAverageSharesOutstanding": 4219,
        "dilutedEPS": 1.09,
        "ebit": 7848,
        "grossIncome": 20109,
        "interestExpense": 1635,
        "interestIncomeExpense": -1566,
        "minorityInterest": -120,
        "netIncome": 4602,
        "netIncomeAfterTaxes": 4722,
        "nonRecurringItems": -217,
        "period": "2024-03-31",
        "pretaxIncome": 6075,
        "provisionforIncomeTaxes": 1353,
        "revenue": 32981,
        "sgaExpense": 8037,
        "totalOperatingExpense": 12261,
        "totalOtherIncomeExpenseNet": 10
      },
      {
        "costOfGoodsSold": 15174,
        "depreciationAmortization": 4516,
        "dilutedAverageSharesOutstanding": 4217,
        "dilutedEPS": -0.64,
        "ebit": 7062,
        "grossIncome": 19956,
        "interestExpense": 1599,
        "interestIncomeExpense": -1521,
        "minorityInterest": -132,
        "netIncome": -2705,
        "netIncomeAfterTaxes": -2573,
        "nonRecurringItems": -6378,
        "period": "2023-12-31",
        "pretaxIncome": -1817,
        "provisionforIncomeTaxes": 756,
        "revenue": 35130,
        "sgaExpense": 8378,
        "totalOperatingExpense": 12894,
        "totalOtherIncomeExpenseNet": -980
      },
      {
        "costOfGoodsSold": 13377,
        "depreciationAmortization": 4410,
        "dilutedAverageSharesOutstanding": 4216,
        "dilutedEPS": 1.13,
        "ebit": 7828,
        "grossIncome": 19959,
        "interestExpense": 1433,
        "interestIncomeExpense": -1353,
        "minorityInterest": -122,
        "netIncome": 4762,
        "netIncomeAfterTaxes": 4884,
        "nonRecurringItems": -270,
        "period": "2023-09-30",
        "pretaxIncome": 6192,
        "provisionforIncomeTaxes": 1308,
        "revenue": 33336,
        "sgaExpense": 7721,
        "totalOperatingExpense": 12131,
        "totalOtherIncomeExpenseNet": -13
      },
      {
        "costOfGoodsSold": 12750,
        "depreciationAmortization": 4359,
        "dilutedAverageSharesOutstanding": 4213,
        "dilutedEPS": 1.1,
        "ebit": 7612,
        "grossIncome": 19846,
        "interestExpense": 1285,
        "interestIncomeExpense": -1226,
        "minorityInterest": -118,
        "netIncome": 4648,
        "netIncomeAfterTaxes": 4766,
        "nonRecurringItems": -323,
        "period": "2023-06-30",
        "pretaxIncome": 6112,
        "provisionforIncomeTaxes": 1346,
        "revenue": 32596,
        "sgaExpense": 7875,
        "totalOperatingExpense": 12234,
        "totalOtherIncomeExpenseNet": 49
      },
      {
        "costOfGoodsSold": 13504,
        "depreciationAmortization": 4318,
        "dilutedAverageSharesOutstanding": 4211,
        "dilutedEPS": 1.17,
        "ebit": 7584,
        "grossIncome": 19408,
        "interestExpense": 1207,
        "interestIncomeExpense": -1123,
        "minorityInterest": -109,
        "netIncome": 4909,
        "netIncomeAfterTaxes": 5018,
        "nonRecurringItems": 70,
        "period": "2023-03-31",
        "pretaxIncome": 6500,
        "provisionforIncomeTaxes": 1482,
        "revenue": 32912,
        "sgaExpense": 7506,
        "totalOperatingExpense": 11824,
        "totalOtherIncomeExpenseNet": -31
      },
      {
        "costOfGoodsSold": 15762,
        "depreciationAmortization": 4218,
        "dilutedAverageSharesOutstanding": 4207,
        "dilutedEPS": 1.56,
        "ebit": 7529,
        "grossIncome": 19489,
        "interestExpense": 1105,
        "interestIncomeExpense": -1018,
        "minorityInterest": -121,
        "netIncome": 6577,
        "netIncomeAfterTaxes": 6698,
        "nonRecurringItems": 2214,
        "period": "2022-12-31",
        "pretaxIncome": 8811,
        "provisionforIncomeTaxes": 2113,
        "revenue": 35251,
        "sgaExpense": 7742,
        "totalOperatingExpense": 11960,
        "totalOtherIncomeExpenseNet": 86
      },
      {
        "costOfGoodsSold": 14601,
        "depreciationAmortization": 4324,
        "dilutedAverageSharesOutstanding": 4204,
        "dilutedEPS": 1.17,
        "ebit": 7894,
        "grossIncome": 19640,
        "interestExpense": 937,
        "interestIncomeExpense": -903,
        "minorityInterest": -124,
        "netIncome": 4900,
        "netIncomeAfterTaxes": 5024,
        "nonRecurringItems": -645,
        "period": "2022-09-30",
        "pretaxIncome": 6520,
        "provisionforIncomeTaxes": 1496,
        "revenue": 34241,
        "sgaExpense": 7422,
        "totalOperatingExpense": 11746,
        "totalOtherIncomeExpenseNet": 174
      },
      {
        "costOfGoodsSold": 14420,
        "depreciationAmortization": 4321,
        "dilutedAverageSharesOutstanding": 4202,
        "dilutedEPS": 1.24,
        "ebit": 7552,
        "grossIncome": 19369,
        "interestExpense": 785,
        "interestIncomeExpense": -723,
        "minorityInterest": -116,
        "netIncome": 5199,
        "netIncomeAfterTaxes": 5315,
        "nonRecurringItems": -198,
        "period": "2022-06-30",
        "pretaxIncome": 6857,
        "provisionforIncomeTaxes": 1542,
        "revenue": 33789,
        "sgaExpense": 7496,
        "totalOperatingExpense": 11817,
        "totalOtherIncomeExpenseNet": 226
      },
      {
        "costOfGoodsSold": 14350,
        "depreciationAmortization": 4236,
        "dilutedAverageSharesOutstanding": 4202,
        "dilutedEPS": 1.09,
        "ebit": 7796,
        "grossIncome": 19204,
        "interestExpense": 786,
        "interestIncomeExpense": -779,
        "minorityInterest": -131,
        "netIncome": 4580,
        "netIncomeAfterTaxes": 4711,
        "nonRecurringItems": -1241,
        "period": "2022-03-31",
        "pretaxIncome": 6083,
        "provisionforIncomeTaxes": 1372,
        "revenue": 33554,
        "sgaExpense": 7172,
        "totalOperatingExpense": 11408,
        "totalOtherIncomeExpenseNet": 307
      },
      {
        "costOfGoodsSold": 14996,
        "depreciationAmortization": 4051,
        "dilutedAverageSharesOutstanding": 4171,
        "dilutedEPS": 1.11,
        "ebit": 7714,
        "grossIncome": 19071,
        "interestExpense": 739,
        "interestIncomeExpense": -593,
        "minorityInterest": -124,
        "netIncome": 4613,
        "netIncomeAfterTaxes": 4737,
        "nonRecurringItems": -1306,
        "period": "2021-12-31",
        "pretaxIncome": 6144,
        "provisionforIncomeTaxes": 1407,
        "revenue": 34067,
        "sgaExpense": 7306,
        "totalOperatingExpense": 11357,
        "totalOtherIncomeExpenseNet": 329
      },
      {
        "costOfGoodsSold": 13528,
        "depreciationAmortization": 3961,
        "dilutedAverageSharesOutstanding": 4144,
        "dilutedEPS": 1.55,
        "ebit": 8302,
        "grossIncome": 19387,
        "interestExpense": 801,
        "interestIncomeExpense": -789,
        "minorityInterest": -147,
        "netIncome": 6407,
        "netIncomeAfterTaxes": 6554,
        "nonRecurringItems": 459,
        "period": "2021-09-30",
        "pretaxIncome": 8374,
        "provisionforIncomeTaxes": 1820,
        "revenue": 32915,
        "sgaExpense": 7124,
        "totalOperatingExpense": 11085,
        "totalOtherIncomeExpenseNet": 402
      },
      {
        "costOfGoodsSold": 14255,
        "depreciationAmortization": 4020,
        "dilutedAverageSharesOutstanding": 4143,
        "dilutedEPS": 1.4,
        "ebit": 8165,
        "grossIncome": 19509,
        "interestExpense": 844,
        "interestIncomeExpense": -832,
        "minorityInterest": -149,
        "netIncome": 5800,
        "netIncomeAfterTaxes": 5949,
        "nonRecurringItems": 182,
        "period": "2021-06-30",
        "pretaxIncome": 7824,
        "provisionforIncomeTaxes": 1875,
        "revenue": 33764,
        "sgaExpense": 7324,
        "totalOperatingExpense": 11344,
        "totalOtherIncomeExpenseNet": 309
      },
      {
        "costOfGoodsSold": 13522,
        "depreciationAmortization": 4174,
        "dilutedAverageSharesOutstanding": 4142,
        "dilutedEPS": 1.27,
        "ebit": 7993,
        "grossIncome": 19345,
        "interestExpense": 1101,
        "interestIncomeExpense": -1078,
        "minorityInterest": -133,
        "netIncome": 5245,
        "netIncomeAfterTaxes": 5378,
        "nonRecurringItems": -223,
        "period": "2021-03-31",
        "pretaxIncome": 7078,
        "provisionforIncomeTaxes": 1700,
        "revenue": 32867,
        "sgaExpense": 7178,
        "totalOperatingExpense": 11352,
        "totalOtherIncomeExpenseNet": 386
      },
      {
        "costOfGoodsSold": 14822,
        "depreciationAmortization": 4197,
        "dilutedAverageSharesOutstanding": 4145,
        "dilutedEPS": 1.11,
        "ebit": 7527,
        "gainLossOnDispositionOfAssets": 7,
        "grossIncome": 19870,
        "interestExpense": 1080,
        "interestIncomeExpense": -1075,
        "minorityInterest": -130,
        "netIncome": 4588,
        "netIncomeAfterTaxes": 4718,
        "nonRecurringItems": -530,
        "period": "2020-12-31",
        "pretaxIncome": 6253,
        "provisionforIncomeTaxes": 1535,
        "revenue": 34692,
        "sgaExpense": 8146,
        "totalOperatingExpense": 12343,
        "totalOtherIncomeExpenseNet": 324
      },
      {
        "costOfGoodsSold": 12334,
        "depreciationAmortization": 4192,
        "dilutedAverageSharesOutstanding": 4142,
        "dilutedEPS": 1.05,
        "ebit": 7678,
        "grossIncome": 19209,
        "interestExpense": 1044,
        "interestIncomeExpense": -1040,
        "minorityInterest": -147,
        "netIncome": 4357,
        "netIncomeAfterTaxes": 4504,
        "nonRecurringItems": -1092,
        "period": "2020-09-30",
        "pretaxIncome": 5851,
        "provisionforIncomeTaxes": 1347,
        "revenue": 31543,
        "sgaExpense": 7339,
        "totalOperatingExpense": 11531,
        "totalOtherIncomeExpenseNet": 305
      },
      {
        "costOfGoodsSold": 11749,
        "depreciationAmortization": 4181,
        "dilutedAverageSharesOutstanding": 4139,
        "dilutedEPS": 1.14,
        "ebit": 7361,
        "grossIncome": 18698,
        "interestExpense": 1116,
        "interestIncomeExpense": -1113,
        "minorityInterest": -139,
        "netIncome": 4700,
        "netIncomeAfterTaxes": 4839,
        "nonRecurringItems": -255,
        "period": "2020-06-30",
        "pretaxIncome": 6187,
        "provisionforIncomeTaxes": 1348,
        "revenue": 30447,
        "sgaExpense": 7156,
        "totalOperatingExpense": 11337,
        "totalOtherIncomeExpenseNet": 194
      },
      {
        "costOfGoodsSold": 12296,
        "depreciationAmortization": 4150,
        "dilutedAverageSharesOutstanding": 4141,
        "dilutedEPS": 1,
        "ebit": 7774,
        "grossIncome": 19314,
        "interestExpense": 1034,
        "interestIncomeExpense": -1026,
        "minorityInterest": -131,
        "netIncome": 4156,
        "netIncomeAfterTaxes": 4287,
        "nonRecurringItems": -1377,
        "period": "2020-03-31",
        "pretaxIncome": 5676,
        "provisionforIncomeTaxes": 1389,
        "revenue": 31610,
        "sgaExpense": 7390,
        "totalOperatingExpense": 11540,
        "totalOtherIncomeExpenseNet": 305
      },
      {
        "costOfGoodsSold": 15631,
        "depreciationAmortization": 4105,
        "dilutedAverageSharesOutstanding": 4140,
        "dilutedEPS": 1.23,
        "ebit": 7029,
        "grossIncome": 19144,
        "interestExpense": 1159,
        "interestIncomeExpense": -1127,
        "minorityInterest": -122,
        "netIncome": 5095,
        "netIncomeAfterTaxes": 5217,
        "nonRecurringItems": -2381,
        "period": "2019-12-31",
        "pretaxIncome": 3712,
        "provisionforIncomeTaxes": -1505,
        "revenue": 34775,
        "sgaExpense": 8010,
        "totalOperatingExpense": 12115,
        "totalOtherIncomeExpenseNet": 191
      },
      {
        "costOfGoodsSold": 13384,
        "depreciationAmortization": 4114,
        "dilutedAverageSharesOutstanding": 4140,
        "dilutedEPS": 1.25,
        "ebit": 7919,
        "grossIncome": 19510,
        "interestExpense": 1146,
        "interestIncomeExpense": -1113,
        "minorityInterest": -143,
        "netIncome": 5194,
        "netIncomeAfterTaxes": 5337,
        "nonRecurringItems": -30,
        "period": "2019-09-30",
        "pretaxIncome": 6923,
        "provisionforIncomeTaxes": 1586,
        "revenue": 32894,
        "sgaExpense": 7477,
        "totalOperatingExpense": 11591,
        "totalOtherIncomeExpenseNet": 147
      },
      {
        "costOfGoodsSold": 12721,
        "depreciationAmortization": 4232,
        "dilutedAverageSharesOutstanding": 4139,
        "dilutedEPS": 0.95,
        "ebit": 7850,
        "grossIncome": 19350,
        "interestExpense": 1215,
        "interestIncomeExpense": -1197,
        "minorityInterest": -130,
        "netIncome": 3944,
        "netIncomeAfterTaxes": 4074,
        "nonRecurringItems": -1544,
        "period": "2019-06-30",
        "pretaxIncome": 5310,
        "provisionforIncomeTaxes": 1236,
        "revenue": 32071,
        "sgaExpense": 7268,
        "totalOperatingExpense": 11500,
        "totalOtherIncomeExpenseNet": 201
      },
      {
        "costOfGoodsSold": 12990,
        "depreciationAmortization": 4231,
        "dilutedAverageSharesOutstanding": 4140,
        "dilutedEPS": 1.22,
        "ebit": 7709,
        "grossIncome": 19138,
        "interestExpense": 1210,
        "interestIncomeExpense": -1187,
        "minorityInterest": -128,
        "netIncome": 5032,
        "netIncomeAfterTaxes": 5160,
        "nonRecurringItems": 96,
        "period": "2019-03-31",
        "pretaxIncome": 6788,
        "provisionforIncomeTaxes": 1628,
        "revenue": 32128,
        "sgaExpense": 7198,
        "totalOperatingExpense": 11429,
        "totalOtherIncomeExpenseNet": 170
      },
      {
        "costOfGoodsSold": 15291,
        "depreciationAmortization": 4350,
        "dilutedAverageSharesOutstanding": 4141,
        "dilutedEPS": 0.47,
        "ebit": 7235,
        "grossIncome": 18990,
        "interestExpense": 1199,
        "interestIncomeExpense": -1102,
        "minorityInterest": -126,
        "netIncome": 1939,
        "netIncomeAfterTaxes": 2065,
        "nonRecurringItems": -4945,
        "period": "2018-12-31",
        "pretaxIncome": 1367,
        "provisionforIncomeTaxes": -698,
        "revenue": 34281,
        "sgaExpense": 7405,
        "totalOperatingExpense": 11755,
        "totalOtherIncomeExpenseNet": 179
      },
      {
        "costOfGoodsSold": 13331,
        "depreciationAmortization": 4370,
        "dilutedAverageSharesOutstanding": 4140,
        "dilutedEPS": 1.19,
        "ebit": 7812,
        "grossIncome": 19276,
        "interestExpense": 1211,
        "interestIncomeExpense": -1189,
        "minorityInterest": -138,
        "netIncome": 4924,
        "netIncomeAfterTaxes": 5062,
        "nonRecurringItems": -159,
        "period": "2018-09-30",
        "pretaxIncome": 6675,
        "provisionforIncomeTaxes": 1613,
        "revenue": 32607,
        "sgaExpense": 7094,
        "totalOperatingExpense": 11464,
        "totalOtherIncomeExpenseNet": 211
      },
      {
        "costOfGoodsSold": 13328,
        "depreciationAmortization": 4338,
        "dilutedAverageSharesOutstanding": 4139,
        "dilutedEPS": 1,
        "ebit": 7527,
        "grossIncome": 18875,
        "interestExpense": 1222,
        "interestIncomeExpense": -1430,
        "minorityInterest": -126,
        "netIncome": 4120,
        "netIncomeAfterTaxes": 4246,
        "nonRecurringItems": -910,
        "period": "2018-06-30",
        "pretaxIncome": 5527,
        "provisionforIncomeTaxes": 1281,
        "revenue": 32203,
        "sgaExpense": 7010,
        "totalOperatingExpense": 11348,
        "totalOtherIncomeExpenseNet": 340
      },
      {
        "costOfGoodsSold": 13255,
        "depreciationAmortization": 4322,
        "dilutedAverageSharesOutstanding": 4107,
        "dilutedEPS": 1.11,
        "ebit": 7456,
        "grossIncome": 18517,
        "interestExpense": 1201,
        "interestIncomeExpense": -1204,
        "minorityInterest": -121,
        "netIncome": 4545,
        "netIncomeAfterTaxes": 4666,
        "nonRecurringItems": -356,
        "period": "2018-03-31",
        "pretaxIncome": 6054,
        "provisionforIncomeTaxes": 1388,
        "revenue": 31772,
        "sgaExpense": 6739,
        "totalOperatingExpense": 11061,
        "totalOtherIncomeExpenseNet": 158
      },
      {
        "costOfGoodsSold": 15387,
        "depreciationAmortization": 4237,
        "dilutedAverageSharesOutstanding": 4092,
        "dilutedEPS": 4.56,
        "ebit": 6455,
        "grossIncome": 18568,
        "interestExpense": 1219,
        "interestIncomeExpense": -1200,
        "minorityInterest": -114,
        "netIncome": 18669,
        "netIncomeAfterTaxes": 2022,
        "nonRecurringItems": -2569,
        "period": "2017-12-31",
        "pretaxIncome": 2934,
        "provisionforIncomeTaxes": 912,
        "revenue": 33955,
        "sgaExpense": 7876,
        "totalOperatingExpense": 12113,
        "totalOtherIncomeExpenseNet": 248
      },
      {
        "costOfGoodsSold": 12974,
        "depreciationAmortization": 4272,
        "dilutedAverageSharesOutstanding": 4089,
        "dilutedEPS": 0.89,
        "ebit": 7154,
        "grossIncome": 18743,
        "interestExpense": 1164,
        "interestIncomeExpense": -1163,
        "minorityInterest": -116,
        "netIncome": 3620,
        "netIncomeAfterTaxes": 3736,
        "nonRecurringItems": -620,
        "period": "2017-09-30",
        "pretaxIncome": 5511,
        "provisionforIncomeTaxes": 1775,
        "revenue": 31717,
        "sgaExpense": 7317,
        "totalOperatingExpense": 11589,
        "totalOtherIncomeExpenseNet": 140
      },
      {
        "costOfGoodsSold": 12484,
        "depreciationAmortization": 4162,
        "dilutedAverageSharesOutstanding": 4087,
        "dilutedEPS": 1.07,
        "ebit": 6999,
        "grossIncome": 18064,
        "interestExpense": 1218,
        "interestIncomeExpense": -1226,
        "minorityInterest": -116,
        "netIncome": 4362,
        "netIncomeAfterTaxes": 4478,
        "nonRecurringItems": 1015,
        "period": "2017-06-30",
        "pretaxIncome": 6967,
        "provisionforIncomeTaxes": 2489,
        "revenue": 30548,
        "sgaExpense": 6903,
        "totalOperatingExpense": 11065,
        "totalOtherIncomeExpenseNet": 179
      },
      {
        "costOfGoodsSold": 12047,
        "depreciationAmortization": 4059,
        "dilutedAverageSharesOutstanding": 4087,
        "dilutedEPS": 0.84,
        "ebit": 6836,
        "grossIncome": 17767,
        "interestExpense": 1132,
        "interestIncomeExpense": -1139,
        "minorityInterest": -103,
        "netIncome": 3450,
        "netIncomeAfterTaxes": 3553,
        "nonRecurringItems": -722,
        "period": "2017-03-31",
        "pretaxIncome": 5182,
        "provisionforIncomeTaxes": 1629,
        "revenue": 29814,
        "sgaExpense": 6872,
        "totalOperatingExpense": 10931,
        "totalOtherIncomeExpenseNet": 207
      },
      {
        "costOfGoodsSold": 14362,
        "depreciationAmortization": 3987,
        "dilutedAverageSharesOutstanding": 4086,
        "dilutedEPS": 1.1,
        "ebit": 6434,
        "grossIncome": 17978,
        "interestExpense": 1137,
        "interestIncomeExpense": -1155,
        "minorityInterest": -105,
        "netIncome": 4495,
        "netIncomeAfterTaxes": 4600,
        "nonRecurringItems": 1589,
        "period": "2016-12-31",
        "pretaxIncome": 6949,
        "provisionforIncomeTaxes": 2349,
        "revenue": 32340,
        "sgaExpense": 7557,
        "totalOperatingExpense": 11544,
        "totalOtherIncomeExpenseNet": 81
      },
      {
        "costOfGoodsSold": 12229,
        "depreciationAmortization": 3942,
        "dilutedAverageSharesOutstanding": 4086,
        "dilutedEPS": 0.89,
        "ebit": 7337,
        "grossIncome": 18708,
        "interestExpense": 1038,
        "interestIncomeExpense": -1045,
        "minorityInterest": -127,
        "netIncome": 3620,
        "netIncomeAfterTaxes": 3747,
        "nonRecurringItems": -797,
        "period": "2016-09-30",
        "pretaxIncome": 5576,
        "provisionforIncomeTaxes": 1829,
        "revenue": 30937,
        "sgaExpense": 7429,
        "totalOperatingExpense": 11371,
        "totalOtherIncomeExpenseNet": 81
      },
      {
        "costOfGoodsSold": 12221,
        "depreciationAmortization": 3982,
        "dilutedAverageSharesOutstanding": 4085,
        "dilutedEPS": 0.17,
        "ebit": 7097,
        "grossIncome": 18311,
        "interestExpense": 1013,
        "interestIncomeExpense": -1022,
        "minorityInterest": -129,
        "netIncome": 702,
        "netIncomeAfterTaxes": 831,
        "nonRecurringItems": -4343,
        "period": "2016-06-30",
        "pretaxIncome": 1695,
        "provisionforIncomeTaxes": 864,
        "revenue": 30532,
        "sgaExpense": 7232,
        "totalOperatingExpense": 11214,
        "totalOtherIncomeExpenseNet": -37
      },
      {
        "costOfGoodsSold": 12612,
        "depreciationAmortization": 4017,
        "dilutedAverageSharesOutstanding": 4085,
        "dilutedEPS": 1.06,
        "ebit": 7965,
        "grossIncome": 19559,
        "interestExpense": 1188,
        "interestIncomeExpense": -1193,
        "minorityInterest": -120,
        "netIncome": 4310,
        "netIncomeAfterTaxes": 4430,
        "nonRecurringItems": -23,
        "period": "2016-03-31",
        "pretaxIncome": 6766,
        "provisionforIncomeTaxes": 2336,
        "revenue": 32171,
        "sgaExpense": 7577,
        "totalOperatingExpense": 11594,
        "totalOtherIncomeExpenseNet": 17
      },
      {
        "costOfGoodsSold": 14707,
        "depreciationAmortization": 4039,
        "dilutedAverageSharesOutstanding": 4087,
        "dilutedEPS": 1.32,
        "ebit": 6892,
        "grossIncome": 19547,
        "interestExpense": 1178,
        "interestIncomeExpense": -1179,
        "minorityInterest": -122,
        "netIncome": 5391,
        "netIncomeAfterTaxes": 5513,
        "nonRecurringItems": 2852,
        "period": "2015-12-31",
        "pretaxIncome": 8578,
        "provisionforIncomeTaxes": 3065,
        "revenue": 34254,
        "sgaExpense": 8616,
        "totalOperatingExpense": 12655,
        "totalOtherIncomeExpenseNet": 13
      },
      {
        "costOfGoodsSold": 13305,
        "depreciationAmortization": 4009,
        "dilutedAverageSharesOutstanding": 4078,
        "dilutedEPS": 0.99,
        "ebit": 7877,
        "grossIncome": 19853,
        "interestExpense": 1202,
        "interestIncomeExpense": -1206,
        "minorityInterest": -133,
        "netIncome": 4038,
        "netIncomeAfterTaxes": 4171,
        "nonRecurringItems": -342,
        "period": "2015-09-30",
        "pretaxIncome": 6366,
        "provisionforIncomeTaxes": 2195,
        "revenue": 33158,
        "sgaExpense": 7967,
        "totalOperatingExpense": 11976,
        "totalOtherIncomeExpenseNet": 37
      }
    ],
    "symbol": "VZ"
  }
}