{
  "symbol": "CTSH",
  "statement": "ic",
  "frequency": "annual",
  "timestamp": "2025-09-19T13:58:14.122659",
  "data": {
    "financials": [
      {
        "costOfGoodsSold": 12958,
        "depreciationAmortization": 529,
        "dilutedAverageSharesOutstanding": 497,
        "dilutedEPS": 4.507,
        "ebit": 3026,
        "equityEarningsAffiliates": 15,
        "grossIncome": 6778,
        "interestExpense": 54,
        "interestIncomeExpense": 46,
        "netIncome": 2240,
        "netIncomeAfterTaxes": 2225,
        "nonRecurringItems": -134,
        "period": "2024-12-31",
        "pretaxIncome": 2938,
        "provisionforIncomeTaxes": 713,
        "revenue": 19736,
        "sgaExpense": 3223,
        "totalOperatingExpense": 3752,
        "totalOtherIncomeExpenseNet": 0,
        "year": 2024
      },
      {
        "costOfGoodsSold": 12664,
        "depreciationAmortization": 519,
        "dilutedAverageSharesOutstanding": 505,
        "dilutedEPS": 4.2099,
        "ebit": 2918,
        "equityEarningsAffiliates": 7,
        "grossIncome": 6689,
        "interestExpense": 41,
        "interestIncomeExpense": 87,
        "netIncome": 2126,
        "netIncomeAfterTaxes": 2119,
        "nonRecurringItems": -229,
        "period": "2023-12-31",
        "pretaxIncome": 2787,
        "provisionforIncomeTaxes": 668,
        "revenue": 19353,
        "sgaExpense": 3252,
        "totalOperatingExpense": 3771,
        "totalOtherIncomeExpenseNet": 11,
        "year": 2023
      },
      {
        "costOfGoodsSold": 12448,
        "depreciationAmortization": 569,
        "dilutedAverageSharesOutstanding": 519,
        "dilutedEPS": 4.41,
        "ebit": 2968,
        "equityEarningsAffiliates": 4,
        "grossIncome": 6980,
        "interestExpense": 19,
        "interestIncomeExpense": 47,
        "netIncome": 2290,
        "netIncomeAfterTaxes": 2286,
        "nonRecurringItems": 0,
        "period": "2022-12-31",
        "pretaxIncome": 3016,
        "provisionforIncomeTaxes": 730,
        "revenue": 19428,
        "sgaExpense": 3443,
        "totalOperatingExpense": 4012,
        "totalOtherIncomeExpenseNet": 1,
        "year": 2022
      },
      {
        "costOfGoodsSold": 11604,
        "depreciationAmortization": 574,
        "dilutedAverageSharesOutstanding": 528,
        "dilutedEPS": 4.05,
        "ebit": 2846,
        "equityEarningsAffiliates": 3,
        "grossIncome": 6903,
        "interestExpense": 9,
        "interestIncomeExpense": 1,
        "netIncome": 2137,
        "netIncomeAfterTaxes": 2134,
        "nonRecurringItems": -20,
        "period": "2021-12-31",
        "pretaxIncome": 2827,
        "provisionforIncomeTaxes": 693,
        "revenue": 18507,
        "sgaExpense": 3483,
        "totalOperatingExpense": 4057,
        "totalOtherIncomeExpenseNet": 0,
        "year": 2021
      },
      {
        "costOfGoodsSold": 10606,
        "depreciationAmortization": 552,
        "dilutedAverageSharesOutstanding": 541,
        "dilutedEPS": 2.57,
        "ebit": 2394,
        "equityEarningsAffiliates": 0,
        "grossIncome": 6046,
        "interestExpense": 24,
        "interestIncomeExpense": -21,
        "netIncome": 1392,
        "netIncomeAfterTaxes": 1392,
        "nonRecurringItems": -280,
        "period": "2020-12-31",
        "pretaxIncome": 2096,
        "provisionforIncomeTaxes": 704,
        "revenue": 16652,
        "sgaExpense": 3100,
        "totalOperatingExpense": 3652,
        "totalOtherIncomeExpenseNet": 3,
        "year": 2020
      },
      {
        "costOfGoodsSold": 10634,
        "depreciationAmortization": 507,
        "dilutedAverageSharesOutstanding": 560,
        "dilutedEPS": 3.29,
        "ebit": 2670,
        "equityEarningsAffiliates": -58,
        "grossIncome": 6149,
        "interestExpense": 26,
        "interestIncomeExpense": 85,
        "netIncome": 1842,
        "netIncomeAfterTaxes": 1900,
        "nonRecurringItems": -217,
        "period": "2019-12-31",
        "pretaxIncome": 2543,
        "provisionforIncomeTaxes": 643,
        "revenue": 16783,
        "sgaExpense": 2972,
        "totalOperatingExpense": 3479,
        "totalOtherIncomeExpenseNet": 5,
        "year": 2019
      },
      {
        "costOfGoodsSold": 9838,
        "depreciationAmortization": 302,
        "dilutedAverageSharesOutstanding": 584,
        "dilutedEPS": 3.59,
        "ebit": 2978,
        "equityEarningsAffiliates": 2,
        "grossIncome": 6287,
        "interestExpense": 27,
        "interestIncomeExpense": -2,
        "netIncome": 2101,
        "netIncomeAfterTaxes": 2094,
        "nonRecurringItems": -177,
        "period": "2018-12-31",
        "pretaxIncome": 2797,
        "provisionforIncomeTaxes": 703,
        "revenue": 16125,
        "sgaExpense": 3007,
        "totalOperatingExpense": 3309,
        "totalOtherIncomeExpenseNet": -2,
        "year": 2018
      },
      {
        "costOfGoodsSold": 8920,
        "depreciationAmortization": 408,
        "dilutedAverageSharesOutstanding": 595,
        "dilutedEPS": 2.52,
        "ebit": 2805,
        "equityEarningsAffiliates": 2,
        "grossIncome": 5890,
        "interestExpense": 23,
        "interestIncomeExpense": -75,
        "netIncome": 1504,
        "netIncomeAfterTaxes": 2119,
        "nonRecurringItems": -72,
        "period": "2017-12-31",
        "pretaxIncome": 2655,
        "provisionforIncomeTaxes": 536,
        "revenue": 14810,
        "sgaExpense": 2677,
        "totalOperatingExpense": 3085,
        "totalOtherIncomeExpenseNet": -3,
        "year": 2017
      },
      {
        "costOfGoodsSold": 8025,
        "depreciationAmortization": 359,
        "dilutedAverageSharesOutstanding": 610,
        "dilutedEPS": 2.55,
        "ebit": 2375,
        "equityEarningsAffiliates": 1,
        "grossIncome": 5462,
        "interestExpense": 19,
        "interestIncomeExpense": -20,
        "netIncome": 1553,
        "netIncomeAfterTaxes": 1552,
        "period": "2016-12-31",
        "pretaxIncome": 2357,
        "provisionforIncomeTaxes": 805,
        "revenue": 13487,
        "sgaExpense": 2728,
        "totalOperatingExpense": 3087,
        "totalOtherIncomeExpenseNet": 2,
        "year": 2016
      },
      {
        "costOfGoodsSold": 7423,
        "depreciationAmortization": 325,
        "dilutedAverageSharesOutstanding": 613,
        "dilutedEPS": 2.65,
        "ebit": 2147,
        "grossIncome": 4993,
        "interestExpense": 17.7,
        "interestIncomeExpense": 18,
        "netIncome": 1624,
        "netIncomeAfterTaxes": 1624,
        "period": "2015-12-31",
        "pretaxIncome": 2164,
        "provisionforIncomeTaxes": 540,
        "revenue": 12416,
        "sgaExpense": 2521,
        "totalOperatingExpense": 2846,
        "totalOtherIncomeExpenseNet": -2,
        "year": 2015
      }
    ],
    "symbol": "CTSH"
  }
}