{
  "symbol": "NEE",
  "statement": "ic",
  "frequency": "quarterly",
  "timestamp": "2025-09-19T14:04:37.320280",
  "data": {
    "financials": [
      {
        "depreciationAmortization": 1773,
        "dilutedAverageSharesOutstanding": 2061.3,
        "dilutedEPS": 0.98,
        "ebit": 1893,
        "interestIncomeExpense": -710,
        "minorityInterest": 389,
        "netIncome": 2028,
        "netIncomeAfterTaxes": 1639,
        "nonRecurringItems": 18,
        "operationsMaintenance": 1220,
        "otherOperatingExpensesTotal": 630,
        "period": "2025-06-30",
        "pretaxIncome": 1383,
        "provisionforIncomeTaxes": -256,
        "purchasedFuelPowerGas": 1184,
        "revenue": 6700,
        "totalOperatingExpense": 4807,
        "totalOtherIncomeExpenseNet": 182
      },
      {
        "depreciationAmortization": 1095,
        "dilutedAverageSharesOutstanding": 2060.7,
        "dilutedEPS": 0.4,
        "ebit": 2220,
        "interestExpense": 1774,
        "interestIncomeExpense": -2490,
        "minorityInterest": 369,
        "netIncome": 833,
        "netIncomeAfterTaxes": 464,
        "nonRecurringItems": 36,
        "operationsMaintenance": 1173,
        "otherOperatingExpensesTotal": 594,
        "period": "2025-03-31",
        "pretaxIncome": -57,
        "provisionforIncomeTaxes": -521,
        "purchasedFuelPowerGas": 1165,
        "revenue": 6247,
        "totalOperatingExpense": 4027,
        "totalOtherIncomeExpenseNet": 177
      },
      {
        "depreciationAmortization": 1513,
        "dilutedAverageSharesOutstanding": 2061.9,
        "dilutedEPS": 0.58,
        "ebit": 907,
        "interestIncomeExpense": -130,
        "minorityInterest": 330,
        "netIncome": 1203,
        "netIncomeAfterTaxes": 873,
        "nonRecurringItems": 34,
        "operationsMaintenance": 1316,
        "otherOperatingExpensesTotal": 557,
        "period": "2024-12-31",
        "pretaxIncome": 1044,
        "provisionforIncomeTaxes": 171,
        "purchasedFuelPowerGas": 1092,
        "revenue": 5385,
        "totalOperatingExpense": 4478,
        "totalOtherIncomeExpenseNet": 233
      },
      {
        "depreciationAmortization": 1642,
        "dilutedAverageSharesOutstanding": 2061.4,
        "dilutedEPS": 0.9,
        "ebit": 2625,
        "interestExpense": 1817,
        "interestIncomeExpense": -1471,
        "minorityInterest": 261,
        "netIncome": 1852,
        "netIncomeAfterTaxes": 1591,
        "nonRecurringItems": 231,
        "operationsMaintenance": 1247,
        "otherOperatingExpensesTotal": 602,
        "period": "2024-09-30",
        "pretaxIncome": 1596,
        "provisionforIncomeTaxes": 5,
        "purchasedFuelPowerGas": 1451,
        "revenue": 7567,
        "totalOperatingExpense": 4942,
        "totalOtherIncomeExpenseNet": 211
      },
      {
        "depreciationAmortization": 1409,
        "dilutedAverageSharesOutstanding": 2058.2,
        "dilutedEPS": 0.79,
        "ebit": 1641,
        "interestExpense": 820,
        "interestIncomeExpense": -634,
        "minorityInterest": 326,
        "netIncome": 1622,
        "netIncomeAfterTaxes": 1296,
        "nonRecurringItems": 29,
        "operationsMaintenance": 1171,
        "otherOperatingExpensesTotal": 568,
        "period": "2024-06-30",
        "pretaxIncome": 1232,
        "provisionforIncomeTaxes": -64,
        "purchasedFuelPowerGas": 1280,
        "revenue": 6069,
        "totalOperatingExpense": 4428,
        "totalOtherIncomeExpenseNet": 196
      },
      {
        "depreciationAmortization": 898,
        "dilutedAverageSharesOutstanding": 2055.2,
        "dilutedEPS": 1.1,
        "ebit": 1955,
        "interestExpense": 323,
        "interestIncomeExpense": 23,
        "minorityInterest": 331,
        "netIncome": 2268,
        "netIncomeAfterTaxes": 1937,
        "nonRecurringItems": 58,
        "operationsMaintenance": 1123,
        "otherOperatingExpensesTotal": 549,
        "period": "2024-03-31",
        "pretaxIncome": 2164,
        "provisionforIncomeTaxes": 227,
        "purchasedFuelPowerGas": 1206,
        "revenue": 5731,
        "totalOperatingExpense": 3776,
        "totalOtherIncomeExpenseNet": 128
      },
      {
        "depreciationAmortization": 1607,
        "dilutedAverageSharesOutstanding": 2054.2,
        "dilutedEPS": 0.59,
        "ebit": 2266,
        "interestExpense": 1980,
        "interestIncomeExpense": -1739,
        "minorityInterest": 295,
        "netIncome": 1210,
        "netIncomeAfterTaxes": 915,
        "nonRecurringItems": 394,
        "operationsMaintenance": 1290,
        "otherOperatingExpensesTotal": 538,
        "period": "2023-12-31",
        "pretaxIncome": 1083,
        "provisionforIncomeTaxes": 168,
        "purchasedFuelPowerGas": 1177,
        "revenue": 6878,
        "totalOperatingExpense": 4612,
        "totalOtherIncomeExpenseNet": 162
      },
      {
        "depreciationAmortization": 1957,
        "dilutedAverageSharesOutstanding": 2036.2,
        "dilutedEPS": 0.6,
        "ebit": 1829,
        "interestExpense": 26,
        "interestIncomeExpense": -1049,
        "minorityInterest": 200,
        "netIncome": 1219,
        "netIncomeAfterTaxes": 1019,
        "nonRecurringItems": 7,
        "operationsMaintenance": 1196,
        "otherOperatingExpensesTotal": 636,
        "period": "2023-09-30",
        "pretaxIncome": 973,
        "provisionforIncomeTaxes": -46,
        "purchasedFuelPowerGas": 1554,
        "revenue": 7172,
        "totalOperatingExpense": 5343,
        "totalOtherIncomeExpenseNet": 186
      },
      {
        "depreciationAmortization": 1494,
        "dilutedAverageSharesOutstanding": 2027.2,
        "dilutedEPS": 1.38,
        "ebit": 2793,
        "interestExpense": 135,
        "interestIncomeExpense": 91,
        "minorityInterest": 231,
        "netIncome": 2795,
        "netIncomeAfterTaxes": 2564,
        "nonRecurringItems": 6,
        "operationsMaintenance": 1127,
        "otherOperatingExpensesTotal": 576,
        "period": "2023-06-30",
        "pretaxIncome": 3061,
        "provisionforIncomeTaxes": 497,
        "purchasedFuelPowerGas": 1359,
        "revenue": 7349,
        "totalOperatingExpense": 4556,
        "totalOtherIncomeExpenseNet": 171
      },
      {
        "depreciationAmortization": 822,
        "dilutedAverageSharesOutstanding": 2005.1,
        "dilutedEPS": 1.04,
        "ebit": 2944,
        "interestExpense": 1183,
        "interestIncomeExpense": -992,
        "minorityInterest": 301,
        "netIncome": 2086,
        "netIncomeAfterTaxes": 1785,
        "nonRecurringItems": -2,
        "operationsMaintenance": 1067,
        "otherOperatingExpensesTotal": 516,
        "period": "2023-03-31",
        "pretaxIncome": 2171,
        "provisionforIncomeTaxes": 386,
        "purchasedFuelPowerGas": 1367,
        "revenue": 6716,
        "totalOperatingExpense": 3772,
        "totalOtherIncomeExpenseNet": 221
      },
      {
        "depreciationAmortization": 1171,
        "dilutedAverageSharesOutstanding": 1993.6,
        "dilutedEPS": 0.76,
        "ebit": 1720,
        "interestExpense": 585,
        "interestIncomeExpense": -557,
        "minorityInterest": 255,
        "netIncome": 1522,
        "netIncomeAfterTaxes": 1267,
        "nonRecurringItems": 326,
        "operationsMaintenance": 1267,
        "otherOperatingExpensesTotal": 505,
        "period": "2022-12-31",
        "pretaxIncome": 1596,
        "provisionforIncomeTaxes": 329,
        "purchasedFuelPowerGas": 1501,
        "revenue": 6164,
        "totalOperatingExpense": 4444,
        "totalOtherIncomeExpenseNet": 107
      },
      {
        "depreciationAmortization": 1289,
        "dilutedAverageSharesOutstanding": 1978.9,
        "dilutedEPS": 0.86,
        "ebit": 1691,
        "interestExpense": 259,
        "interestIncomeExpense": -153,
        "minorityInterest": 137,
        "netIncome": 1696,
        "netIncomeAfterTaxes": 1559,
        "nonRecurringItems": 171,
        "operationsMaintenance": 1225,
        "otherOperatingExpensesTotal": 581,
        "period": "2022-09-30",
        "pretaxIncome": 1882,
        "provisionforIncomeTaxes": 323,
        "purchasedFuelPowerGas": 1933,
        "revenue": 6719,
        "totalOperatingExpense": 5028,
        "totalOtherIncomeExpenseNet": 173
      },
      {
        "depreciationAmortization": 1159,
        "dilutedAverageSharesOutstanding": 1972.9,
        "dilutedEPS": 0.7,
        "ebit": 947,
        "interestIncomeExpense": 376,
        "minorityInterest": 267,
        "netIncome": 1380,
        "netIncomeAfterTaxes": 1113,
        "nonRecurringItems": 1,
        "operationsMaintenance": 977,
        "otherOperatingExpensesTotal": 511,
        "period": "2022-06-30",
        "pretaxIncome": 1407,
        "provisionforIncomeTaxes": 294,
        "purchasedFuelPowerGas": 1589,
        "revenue": 5183,
        "totalOperatingExpense": 4236,
        "totalOtherIncomeExpenseNet": 83
      },
      {
        "depreciationAmortization": 885,
        "dilutedAverageSharesOutstanding": 1964.7,
        "dilutedEPS": -0.23,
        "ebit": -798,
        "interestIncomeExpense": -429,
        "minorityInterest": 242,
        "netIncome": -451,
        "netIncomeAfterTaxes": -693,
        "nonRecurringItems": 23,
        "operationsMaintenance": 959,
        "otherOperatingExpensesTotal": 478,
        "period": "2022-03-31",
        "pretaxIncome": -1052,
        "provisionforIncomeTaxes": -359,
        "purchasedFuelPowerGas": 1366,
        "revenue": 2890,
        "totalOperatingExpense": 3688,
        "totalOtherIncomeExpenseNet": 152
      },
      {
        "depreciationAmortization": 964,
        "dilutedAverageSharesOutstanding": 1974.9,
        "dilutedEPS": 0.61,
        "ebit": 1326,
        "interestExpense": 632,
        "interestIncomeExpense": -300,
        "minorityInterest": 251,
        "netIncome": 1204,
        "netIncomeAfterTaxes": 953,
        "nonRecurringItems": 29,
        "operationsMaintenance": 1189,
        "otherOperatingExpensesTotal": 433,
        "period": "2021-12-31",
        "pretaxIncome": 1217,
        "provisionforIncomeTaxes": 264,
        "purchasedFuelPowerGas": 1134,
        "revenue": 5046,
        "totalOperatingExpense": 3720,
        "totalOtherIncomeExpenseNet": 162
      },
      {
        "depreciationAmortization": 1230,
        "dilutedAverageSharesOutstanding": 1972.9,
        "dilutedEPS": 0.23,
        "ebit": 366,
        "interestExpense": 335,
        "interestIncomeExpense": -228,
        "minorityInterest": 143,
        "netIncome": 447,
        "netIncomeAfterTaxes": 304,
        "nonRecurringItems": 13,
        "operationsMaintenance": 910,
        "otherOperatingExpensesTotal": 481,
        "period": "2021-09-30",
        "pretaxIncome": 277,
        "provisionforIncomeTaxes": -27,
        "purchasedFuelPowerGas": 1383,
        "revenue": 4370,
        "totalOperatingExpense": 4004,
        "totalOtherIncomeExpenseNet": 126
      },
      {
        "depreciationAmortization": 981,
        "dilutedAverageSharesOutstanding": 1970.3,
        "dilutedEPS": 0.13,
        "ebit": 517,
        "interestExpense": 757,
        "interestIncomeExpense": -707,
        "minorityInterest": 184,
        "netIncome": 256,
        "netIncomeAfterTaxes": 72,
        "nonRecurringItems": -7,
        "operationsMaintenance": 866,
        "otherOperatingExpensesTotal": 460,
        "period": "2021-06-30",
        "pretaxIncome": -68,
        "provisionforIncomeTaxes": -140,
        "purchasedFuelPowerGas": 1103,
        "revenue": 3927,
        "totalOperatingExpense": 3410,
        "totalOtherIncomeExpenseNet": 129
      },
      {
        "depreciationAmortization": 749,
        "dilutedAverageSharesOutstanding": 1973,
        "dilutedEPS": 0.84,
        "ebit": 655,
        "interestIncomeExpense": 967,
        "minorityInterest": 168,
        "netIncome": 1666,
        "netIncomeAfterTaxes": 1498,
        "nonRecurringItems": 14,
        "operationsMaintenance": 989,
        "otherOperatingExpensesTotal": 427,
        "period": "2021-03-31",
        "pretaxIncome": 1748,
        "provisionforIncomeTaxes": 250,
        "purchasedFuelPowerGas": 906,
        "revenue": 3726,
        "totalOperatingExpense": 3071,
        "totalOtherIncomeExpenseNet": 112
      },
      {
        "depreciationAmortization": 944,
        "dilutedAverageSharesOutstanding": 1960.8,
        "dilutedEPS": 0,
        "ebit": 1049,
        "interestExpense": 438,
        "interestIncomeExpense": 226,
        "minorityInterest": 185,
        "netIncome": -5,
        "netIncomeAfterTaxes": -103,
        "nonRecurringItems": -1609,
        "operationsMaintenance": 1095,
        "otherOperatingExpensesTotal": 431,
        "otherRevenue": 107,
        "period": "2020-12-31",
        "pretaxIncome": -225,
        "provisionforIncomeTaxes": -122,
        "purchasedFuelPowerGas": 876,
        "revenue": 4395,
        "totalOperatingExpense": 3346,
        "totalOtherIncomeExpenseNet": 109
      },
      {
        "depreciationAmortization": 1279,
        "dilutedAverageSharesOutstanding": 1968.8,
        "dilutedEPS": 0.62,
        "ebit": 1019,
        "interestExpense": 373,
        "interestIncomeExpense": 151,
        "minorityInterest": 106,
        "netIncome": 1229,
        "netIncomeAfterTaxes": 1123,
        "nonRecurringItems": -11,
        "operationsMaintenance": 922,
        "otherOperatingExpensesTotal": 454,
        "otherRevenue": -327,
        "period": "2020-09-30",
        "pretaxIncome": 1252,
        "provisionforIncomeTaxes": 129,
        "purchasedFuelPowerGas": 1111,
        "revenue": 4785,
        "totalOperatingExpense": 3766,
        "totalOtherIncomeExpenseNet": 93
      },
      {
        "depreciationAmortization": 981,
        "dilutedAverageSharesOutstanding": 1967.2,
        "dilutedEPS": 0.65,
        "ebit": 1169,
        "interestExpense": 400,
        "interestIncomeExpense": 65,
        "minorityInterest": 146,
        "netIncome": 1275,
        "netIncomeAfterTaxes": 1129,
        "nonRecurringItems": 17,
        "operationsMaintenance": 904,
        "otherOperatingExpensesTotal": 419,
        "otherRevenue": -53,
        "period": "2020-06-30",
        "pretaxIncome": 1314,
        "provisionforIncomeTaxes": 185,
        "purchasedFuelPowerGas": 731,
        "revenue": 4204,
        "totalOperatingExpense": 3035,
        "totalOtherIncomeExpenseNet": 63
      },
      {
        "depreciationAmortization": 848,
        "dilutedAverageSharesOutstanding": 1966.8,
        "dilutedEPS": 0.21,
        "ebit": 1708,
        "interestExpense": 327,
        "interestIncomeExpense": -1992,
        "minorityInterest": 113,
        "netIncome": 421,
        "netIncomeAfterTaxes": 308,
        "nonRecurringItems": 273,
        "operationsMaintenance": 830,
        "otherOperatingExpensesTotal": 406,
        "otherRevenue": 625,
        "period": "2020-03-31",
        "pretaxIncome": 73,
        "provisionforIncomeTaxes": -235,
        "purchasedFuelPowerGas": 821,
        "revenue": 4613,
        "totalOperatingExpense": 2905,
        "totalOtherIncomeExpenseNet": 84
      },
      {
        "depreciationAmortization": 969,
        "dilutedAverageSharesOutstanding": 1966,
        "dilutedEPS": 0.51,
        "ebit": 1190,
        "interestExpense": 386,
        "interestIncomeExpense": 70,
        "minorityInterest": 131,
        "netIncome": 975,
        "netIncomeAfterTaxes": 866,
        "nonRecurringItems": -313,
        "operationsMaintenance": 1064,
        "otherOperatingExpensesTotal": 310,
        "otherRevenue": 121,
        "period": "2019-12-31",
        "pretaxIncome": 1036,
        "provisionforIncomeTaxes": 170,
        "purchasedFuelPowerGas": 1055,
        "revenue": 4588,
        "totalOperatingExpense": 3398,
        "totalOtherIncomeExpenseNet": 89
      },
      {
        "depreciationAmortization": 1295,
        "dilutedAverageSharesOutstanding": 1944,
        "dilutedEPS": 0.46,
        "ebit": 1595,
        "interestExpense": 381,
        "interestIncomeExpense": -813,
        "minorityInterest": 81,
        "netIncome": 879,
        "netIncomeAfterTaxes": 820,
        "nonRecurringItems": -2,
        "operationsMaintenance": 863,
        "otherOperatingExpensesTotal": 553,
        "otherRevenue": 366,
        "period": "2019-09-30",
        "pretaxIncome": 856,
        "provisionforIncomeTaxes": 36,
        "purchasedFuelPowerGas": 1266,
        "revenue": 5572,
        "totalOperatingExpense": 3977,
        "totalOtherIncomeExpenseNet": 76
      },
      {
        "depreciationAmortization": 1181,
        "dilutedAverageSharesOutstanding": 1931.2,
        "dilutedEPS": 0.65,
        "ebit": 1399,
        "interestExpense": 408,
        "interestIncomeExpense": -547,
        "minorityInterest": 95,
        "netIncome": 1234,
        "netIncomeAfterTaxes": 1161,
        "nonRecurringItems": 348,
        "operationsMaintenance": 900,
        "otherOperatingExpensesTotal": 416,
        "otherRevenue": 276,
        "period": "2019-06-30",
        "pretaxIncome": 1263,
        "provisionforIncomeTaxes": 102,
        "purchasedFuelPowerGas": 1074,
        "revenue": 4970,
        "totalOperatingExpense": 3571,
        "totalOtherIncomeExpenseNet": 63
      },
      {
        "depreciationAmortization": 772,
        "dilutedAverageSharesOutstanding": 1927.2,
        "dilutedEPS": 0.36,
        "ebit": 1125,
        "interestExpense": 369,
        "interestIncomeExpense": -546,
        "minorityInterest": 74,
        "netIncome": 680,
        "netIncomeAfterTaxes": 628,
        "nonRecurringItems": 10,
        "operationsMaintenance": 815,
        "otherOperatingExpensesTotal": 396,
        "otherRevenue": -4,
        "period": "2019-03-31",
        "pretaxIncome": 680,
        "provisionforIncomeTaxes": 52,
        "purchasedFuelPowerGas": 967,
        "revenue": 4075,
        "totalOperatingExpense": 2950,
        "totalOtherIncomeExpenseNet": 91
      },
      {
        "depreciationAmortization": 1092,
        "dilutedAverageSharesOutstanding": 1924.8,
        "dilutedEPS": 0.21,
        "ebit": 1118,
        "interestExpense": 332,
        "interestIncomeExpense": -896,
        "minorityInterest": 108,
        "netIncome": 409,
        "netIncomeAfterTaxes": 294,
        "nonRecurringItems": -25,
        "operationsMaintenance": 870,
        "otherOperatingExpensesTotal": 360,
        "otherRevenue": 384,
        "period": "2018-12-31",
        "pretaxIncome": 272,
        "provisionforIncomeTaxes": -22,
        "purchasedFuelPowerGas": 936,
        "revenue": 4376,
        "totalOperatingExpense": 3258,
        "totalOtherIncomeExpenseNet": 75
      },
      {
        "depreciationAmortization": 1132,
        "dilutedAverageSharesOutstanding": 1909.6,
        "dilutedEPS": 0.54,
        "ebit": 962,
        "interestExpense": 293,
        "interestIncomeExpense": 26,
        "minorityInterest": 64,
        "netIncome": 1005,
        "netIncomeAfterTaxes": 960,
        "nonRecurringItems": 6,
        "operationsMaintenance": 830,
        "otherOperatingExpensesTotal": 409,
        "otherRevenue": -187,
        "period": "2018-09-30",
        "pretaxIncome": 1066,
        "provisionforIncomeTaxes": 106,
        "purchasedFuelPowerGas": 1083,
        "revenue": 4416,
        "totalOperatingExpense": 3454,
        "totalOtherIncomeExpenseNet": 72
      },
      {
        "depreciationAmortization": 831,
        "dilutedAverageSharesOutstanding": 1900.8,
        "dilutedEPS": 0.42,
        "ebit": 1119,
        "interestExpense": 286,
        "interestIncomeExpense": -316,
        "minorityInterest": 94,
        "netIncome": 781,
        "netIncomeAfterTaxes": 704,
        "nonRecurringItems": 27,
        "operationsMaintenance": 848,
        "otherOperatingExpensesTotal": 371,
        "otherRevenue": 42,
        "period": "2018-06-30",
        "pretaxIncome": 913,
        "provisionforIncomeTaxes": 209,
        "purchasedFuelPowerGas": 894,
        "revenue": 4063,
        "totalOperatingExpense": 2944,
        "totalOtherIncomeExpenseNet": 83
      },
      {
        "depreciationAmortization": 856,
        "dilutedAverageSharesOutstanding": 1897.2,
        "dilutedEPS": 2.33,
        "ebit": 1045,
        "interestExpense": 330,
        "interestIncomeExpense": 19,
        "minorityInterest": 597,
        "netIncome": 4431,
        "netIncomeAfterTaxes": 3369,
        "nonRecurringItems": 3941,
        "operationsMaintenance": 771,
        "otherOperatingExpensesTotal": 366,
        "otherRevenue": 137,
        "period": "2018-03-31",
        "pretaxIncome": 5084,
        "provisionforIncomeTaxes": 1715,
        "purchasedFuelPowerGas": 819,
        "revenue": 3857,
        "totalOperatingExpense": 2812,
        "totalOtherIncomeExpenseNet": 79
      },
      {
        "dilutedAverageSharesOutstanding": 1896,
        "dilutedEPS": 1.13,
        "ebit": 1831,
        "interestExpense": 387,
        "interestIncomeExpense": -329,
        "minorityInterest": 86,
        "netIncome": 2157,
        "netIncomeAfterTaxes": 190,
        "nonRecurringItems": -1748,
        "operationsMaintenance": 1058,
        "otherOperatingExpensesTotal": 121,
        "otherRevenue": -84,
        "period": "2017-12-31",
        "pretaxIncome": 82,
        "provisionforIncomeTaxes": -108,
        "purchasedFuelPowerGas": 978,
        "revenue": 3988,
        "totalOperatingExpense": 2157,
        "totalOtherIncomeExpenseNet": 328
      },
      {
        "depreciationAmortization": 1070,
        "dilutedAverageSharesOutstanding": 1894,
        "dilutedEPS": 0.45,
        "ebit": 1396,
        "interestExpense": 381,
        "interestIncomeExpense": -290,
        "minorityInterest": -9,
        "netIncome": 847,
        "netIncomeAfterTaxes": 856,
        "nonRecurringItems": 3,
        "operationsMaintenance": 769,
        "otherOperatingExpensesTotal": 397,
        "otherRevenue": 114,
        "period": "2017-09-30",
        "pretaxIncome": 1220,
        "provisionforIncomeTaxes": 364,
        "purchasedFuelPowerGas": 1176,
        "revenue": 4808,
        "totalOperatingExpense": 3412,
        "totalOtherIncomeExpenseNet": 111
      },
      {
        "depreciationAmortization": 886,
        "dilutedAverageSharesOutstanding": 1886.8,
        "dilutedEPS": 0.42,
        "ebit": 1288,
        "interestExpense": 321,
        "interestIncomeExpense": -344,
        "minorityInterest": -11,
        "netIncome": 793,
        "netIncomeAfterTaxes": 804,
        "nonRecurringItems": -3,
        "operationsMaintenance": 836,
        "otherOperatingExpensesTotal": 376,
        "otherRevenue": 132,
        "period": "2017-06-30",
        "pretaxIncome": 1093,
        "provisionforIncomeTaxes": 289,
        "purchasedFuelPowerGas": 1018,
        "revenue": 4404,
        "totalOperatingExpense": 3116,
        "totalOtherIncomeExpenseNet": 152
      },
      {
        "depreciationAmortization": 619,
        "dilutedAverageSharesOutstanding": 1880.8,
        "dilutedEPS": 0.84,
        "ebit": 1262,
        "interestExpense": 336,
        "interestIncomeExpense": -266,
        "minorityInterest": -8,
        "netIncome": 1583,
        "netIncomeAfterTaxes": 1591,
        "nonRecurringItems": 1100,
        "operationsMaintenance": 838,
        "otherOperatingExpensesTotal": 354,
        "otherRevenue": 291,
        "period": "2017-03-31",
        "pretaxIncome": 2266,
        "provisionforIncomeTaxes": 675,
        "purchasedFuelPowerGas": 899,
        "revenue": 3972,
        "totalOperatingExpense": 2710,
        "totalOtherIncomeExpenseNet": 170
      },
      {
        "depreciationAmortization": 858,
        "dilutedAverageSharesOutstanding": 1876.4,
        "dilutedEPS": 0.51,
        "ebit": 343,
        "interestExpense": 232,
        "interestIncomeExpense": 409,
        "minorityInterest": -51,
        "netIncome": 960,
        "netIncomeAfterTaxes": 1011,
        "nonRecurringItems": 434,
        "operationsMaintenance": 1055,
        "otherOperatingExpensesTotal": 538,
        "otherRevenue": -43,
        "period": "2016-12-31",
        "pretaxIncome": 1511,
        "provisionforIncomeTaxes": 500,
        "purchasedFuelPowerGas": 887,
        "revenue": 3681,
        "totalOperatingExpense": 3338,
        "totalOtherIncomeExpenseNet": 325
      },
      {
        "depreciationAmortization": 983,
        "dilutedAverageSharesOutstanding": 1864,
        "dilutedEPS": 0.4,
        "ebit": 1403,
        "interestExpense": 326,
        "interestIncomeExpense": -267,
        "minorityInterest": -36,
        "netIncome": 753,
        "netIncomeAfterTaxes": 789,
        "nonRecurringItems": -123,
        "operationsMaintenance": 833,
        "otherOperatingExpensesTotal": 370,
        "otherRevenue": 264,
        "period": "2016-09-30",
        "pretaxIncome": 1207,
        "provisionforIncomeTaxes": 418,
        "purchasedFuelPowerGas": 1216,
        "revenue": 4805,
        "totalOperatingExpense": 3402,
        "totalOtherIncomeExpenseNet": 194
      },
      {
        "depreciationAmortization": 742,
        "dilutedAverageSharesOutstanding": 1858.4,
        "dilutedEPS": 0.29,
        "ebit": 1167,
        "interestExpense": 376,
        "interestIncomeExpense": -521,
        "minorityInterest": -4,
        "netIncome": 540,
        "netIncomeAfterTaxes": 544,
        "nonRecurringItems": -2,
        "operationsMaintenance": 843,
        "otherOperatingExpensesTotal": 101,
        "otherRevenue": -92,
        "period": "2016-06-30",
        "pretaxIncome": 763,
        "provisionforIncomeTaxes": 219,
        "purchasedFuelPowerGas": 964,
        "revenue": 3817,
        "totalOperatingExpense": 2650,
        "totalOtherIncomeExpenseNet": 119
      },
      {
        "depreciationAmortization": 537,
        "dilutedAverageSharesOutstanding": 1853.6,
        "dilutedEPS": 0.35,
        "ebit": 1236,
        "interestExpense": 360,
        "interestIncomeExpense": -442,
        "minorityInterest": -1,
        "netIncome": 653,
        "netIncomeAfterTaxes": 654,
        "nonRecurringItems": -4,
        "operationsMaintenance": 799,
        "otherOperatingExpensesTotal": 333,
        "otherRevenue": 330,
        "period": "2016-03-31",
        "pretaxIncome": 896,
        "provisionforIncomeTaxes": 242,
        "purchasedFuelPowerGas": 930,
        "revenue": 3835,
        "totalOperatingExpense": 2599,
        "totalOtherIncomeExpenseNet": 106
      },
      {
        "depreciationAmortization": 749,
        "dilutedAverageSharesOutstanding": 1848.4,
        "dilutedEPS": 0.27,
        "ebit": 886,
        "gainLossOnDispositionOfAssets": 0,
        "interestExpense": 308,
        "interestIncomeExpense": -213,
        "minorityInterest": -3,
        "netIncome": 507,
        "netIncomeAfterTaxes": 510,
        "nonRecurringItems": -8,
        "operationsMaintenance": 916,
        "otherOperatingExpensesTotal": 345,
        "otherRevenue": 120,
        "period": "2015-12-31",
        "pretaxIncome": 757,
        "provisionforIncomeTaxes": 247,
        "purchasedFuelPowerGas": 1173,
        "revenue": 4069,
        "totalOperatingExpense": 3183,
        "totalOtherIncomeExpenseNet": 92
      },
      {
        "depreciationAmortization": 798,
        "dilutedAverageSharesOutstanding": 1824,
        "dilutedEPS": 0.48,
        "ebit": 1491,
        "gainLossOnDispositionOfAssets": 0,
        "interestExpense": 299,
        "interestIncomeExpense": -226,
        "minorityInterest": -2,
        "netIncome": 879,
        "netIncomeAfterTaxes": 881,
        "nonRecurringItems": -7,
        "operationsMaintenance": 819,
        "otherOperatingExpensesTotal": 377,
        "otherRevenue": 397,
        "period": "2015-09-30",
        "pretaxIncome": 1302,
        "provisionforIncomeTaxes": 421,
        "purchasedFuelPowerGas": 1469,
        "revenue": 4954,
        "totalOperatingExpense": 3463,
        "totalOtherIncomeExpenseNet": 44
      }
    ],
    "symbol": "NEE"
  }
}