{
  "symbol": "PLD",
  "statement": "ic",
  "frequency": "quarterly",
  "timestamp": "2025-09-19T14:05:47.314647",
  "data": {
    "financials": [
      {
        "costOfGoodsSold": 552.88,
        "depreciationAmortization": 657.221,
        "dilutedAverageSharesOutstanding": 955.882,
        "dilutedEPS": 0.61,
        "ebit": 855.191,
        "gainLossOnDispositionOfAssets": 57.521,
        "grossIncome": 1630.989,
        "interestExpense": 251.866,
        "interestIncomeExpense": -267.003,
        "minorityInterest": -51.075,
        "netIncome": 569.724,
        "netIncomeAfterTaxes": 622.304,
        "otherOperatingExpensesTotal": 11.706,
        "period": "2025-06-30",
        "pretaxIncome": 645.709,
        "provisionforIncomeTaxes": 23.405,
        "revenue": 2183.869,
        "sgaExpense": 106.871,
        "totalOperatingExpense": 775.798
      },
      {
        "costOfGoodsSold": 549.094,
        "depreciationAmortization": 652.058,
        "dilutedAverageSharesOutstanding": 956.08,
        "dilutedEPS": 0.63,
        "ebit": 814.163,
        "gainLossOnDispositionOfAssets": 64.25,
        "grossIncome": 1590.571,
        "interestExpense": 231.751,
        "interestIncomeExpense": -195.51,
        "minorityInterest": -46.567,
        "netIncome": 591.501,
        "netIncomeAfterTaxes": 639.52,
        "nonRecurringItems": 0,
        "otherOperatingExpensesTotal": 9.649,
        "period": "2025-03-31",
        "pretaxIncome": 682.903,
        "provisionforIncomeTaxes": 43.383,
        "revenue": 2139.665,
        "sgaExpense": 114.701,
        "totalOperatingExpense": 776.408
      },
      {
        "costOfGoodsSold": 519.635,
        "depreciationAmortization": 656.444,
        "dilutedAverageSharesOutstanding": 953.77,
        "dilutedEPS": 1.33,
        "ebit": 914.17,
        "gainLossOnDispositionOfAssets": 507.086,
        "grossIncome": 1681.011,
        "interestExpense": 232.232,
        "interestIncomeExpense": 7.79,
        "minorityInterest": -63.323,
        "netIncome": 1277.379,
        "netIncomeAfterTaxes": 1342.176,
        "nonRecurringItems": 0,
        "otherOperatingExpensesTotal": 7.673,
        "period": "2024-12-31",
        "pretaxIncome": 1429.046,
        "provisionforIncomeTaxes": 86.87,
        "revenue": 2200.646,
        "sgaExpense": 102.724,
        "totalOperatingExpense": 766.841
      },
      {
        "costOfGoodsSold": 488.767,
        "depreciationAmortization": 649.265,
        "dilutedAverageSharesOutstanding": 953.813,
        "dilutedEPS": 1.05,
        "ebit": 784.52,
        "gainLossOnDispositionOfAssets": 466.451,
        "grossIncome": 1547.622,
        "interestExpense": 230.113,
        "interestIncomeExpense": -183.306,
        "minorityInterest": -57.732,
        "netIncome": 1004.267,
        "netIncomeAfterTaxes": 1063.451,
        "nonRecurringItems": 0,
        "otherOperatingExpensesTotal": 15.683,
        "period": "2024-09-30",
        "pretaxIncome": 1067.665,
        "provisionforIncomeTaxes": 4.214,
        "revenue": 2036.389,
        "sgaExpense": 98.154,
        "totalOperatingExpense": 763.102
      },
      {
        "costOfGoodsSold": 515.771,
        "depreciationAmortization": 637.305,
        "dilutedAverageSharesOutstanding": 953.2,
        "dilutedEPS": 0.92,
        "ebit": 736.838,
        "gainLossOnDispositionOfAssets": 286.5,
        "grossIncome": 1492.183,
        "interestExpense": 208.267,
        "interestIncomeExpense": -68.778,
        "minorityInterest": -50.153,
        "netIncome": 859.845,
        "netIncomeAfterTaxes": 911.501,
        "nonRecurringItems": 0,
        "otherOperatingExpensesTotal": 11.444,
        "period": "2024-06-30",
        "pretaxIncome": 954.56,
        "provisionforIncomeTaxes": 43.059,
        "revenue": 2007.954,
        "sgaExpense": 106.596,
        "totalOperatingExpense": 755.345
      },
      {
        "costOfGoodsSold": 533.068,
        "depreciationAmortization": 637.505,
        "dilutedAverageSharesOutstanding": 953.912,
        "dilutedEPS": 0.63,
        "ebit": 662.513,
        "gainLossOnDispositionOfAssets": 57.842,
        "grossIncome": 1423.553,
        "interestExpense": 193.32,
        "interestIncomeExpense": -57.284,
        "minorityInterest": -45.092,
        "netIncome": 584.263,
        "netIncomeAfterTaxes": 630.807,
        "nonRecurringItems": 0.536,
        "otherOperatingExpensesTotal": 12.244,
        "period": "2024-03-31",
        "pretaxIncome": 663.607,
        "provisionforIncomeTaxes": 32.8,
        "revenue": 1956.621,
        "sgaExpense": 111.291,
        "totalOperatingExpense": 761.04
      },
      {
        "costOfGoodsSold": 487.083,
        "depreciationAmortization": 638.346,
        "dilutedAverageSharesOutstanding": 952.235,
        "dilutedEPS": 0.68,
        "ebit": 643.841,
        "gainLossOnDispositionOfAssets": 191.01,
        "grossIncome": 1402.164,
        "interestExpense": 174.45,
        "interestIncomeExpense": -100.47,
        "minorityInterest": -44.948,
        "netIncome": 629.476,
        "netIncomeAfterTaxes": 675.884,
        "nonRecurringItems": 0,
        "otherOperatingExpensesTotal": 21.668,
        "period": "2023-12-31",
        "pretaxIncome": 734.381,
        "provisionforIncomeTaxes": 58.497,
        "revenue": 1889.247,
        "sgaExpense": 98.309,
        "totalOperatingExpense": 758.323
      },
      {
        "costOfGoodsSold": 500.145,
        "depreciationAmortization": 642.01,
        "dilutedAverageSharesOutstanding": 951.908,
        "dilutedEPS": 0.8,
        "ebit": 663.494,
        "gainLossOnDispositionOfAssets": 218.614,
        "grossIncome": 1414.519,
        "interestExpense": 181.053,
        "interestIncomeExpense": -41.724,
        "minorityInterest": -51.514,
        "netIncome": 746.174,
        "netIncomeAfterTaxes": 799.141,
        "nonRecurringItems": 0,
        "otherOperatingExpensesTotal": 12.342,
        "period": "2023-09-30",
        "pretaxIncome": 840.384,
        "provisionforIncomeTaxes": 41.243,
        "revenue": 1914.664,
        "sgaExpense": 96.673,
        "totalOperatingExpense": 751.025
      },
      {
        "costOfGoodsSold": 538.844,
        "depreciationAmortization": 602.168,
        "dilutedAverageSharesOutstanding": 951.706,
        "dilutedEPS": 1.27,
        "ebit": 1202.152,
        "gainLossOnDispositionOfAssets": 209.638,
        "grossIncome": 1912.127,
        "interestExpense": 149.818,
        "interestIncomeExpense": -53.072,
        "minorityInterest": -63.463,
        "netIncome": 1214.553,
        "netIncomeAfterTaxes": 1279.491,
        "nonRecurringItems": 0,
        "otherOperatingExpensesTotal": 12.16,
        "period": "2023-06-30",
        "pretaxIncome": 1358.718,
        "provisionforIncomeTaxes": 79.227,
        "revenue": 2450.971,
        "sgaExpense": 95.647,
        "totalOperatingExpense": 709.975
      },
      {
        "costOfGoodsSold": 484.263,
        "depreciationAmortization": 602.367,
        "dilutedAverageSharesOutstanding": 951.624,
        "dilutedEPS": 0.5,
        "ebit": 574.996,
        "gainLossOnDispositionOfAssets": 4.047,
        "grossIncome": 1284.324,
        "interestExpense": 136.011,
        "interestIncomeExpense": -51.618,
        "minorityInterest": -34.006,
        "netIncome": 463.17,
        "netIncomeAfterTaxes": 498.629,
        "nonRecurringItems": 3.275,
        "otherOperatingExpensesTotal": 7.184,
        "period": "2023-03-31",
        "pretaxIncome": 530.7,
        "provisionforIncomeTaxes": 32.071,
        "revenue": 1768.587,
        "sgaExpense": 99.777,
        "totalOperatingExpense": 709.328
      },
      {
        "costOfGoodsSold": 438.83,
        "depreciationAmortization": 612.367,
        "dilutedAverageSharesOutstanding": 948.375,
        "dilutedEPS": 0.63,
        "ebit": 602.853,
        "gainLossOnDispositionOfAssets": 210.596,
        "grossIncome": 1312.762,
        "interestExpense": 120.796,
        "interestIncomeExpense": -174.407,
        "minorityInterest": -32.852,
        "netIncome": 585.754,
        "netIncomeAfterTaxes": 620.066,
        "nonRecurringItems": -1.289,
        "otherOperatingExpensesTotal": 12.122,
        "period": "2022-12-31",
        "pretaxIncome": 637.753,
        "provisionforIncomeTaxes": 17.687,
        "revenue": 1751.592,
        "sgaExpense": 85.42,
        "totalOperatingExpense": 709.909
      },
      {
        "costOfGoodsSold": 415.262,
        "depreciationAmortization": 401.45,
        "dilutedAverageSharesOutstanding": 766.372,
        "dilutedEPS": 1.32,
        "ebit": 839.273,
        "gainLossOnDispositionOfAssets": 75.697,
        "grossIncome": 1335.63,
        "interestExpense": 63.884,
        "interestIncomeExpense": 192.873,
        "minorityInterest": -53.71,
        "netIncome": 1013.933,
        "netIncomeAfterTaxes": 1069.174,
        "nonRecurringItems": 0,
        "otherOperatingExpensesTotal": 7.004,
        "period": "2022-09-30",
        "pretaxIncome": 1107.843,
        "provisionforIncomeTaxes": 38.669,
        "revenue": 1750.892,
        "sgaExpense": 87.903,
        "totalOperatingExpense": 496.357
      },
      {
        "costOfGoodsSold": 327.517,
        "depreciationAmortization": 402.313,
        "dilutedAverageSharesOutstanding": 766.074,
        "dilutedEPS": 0.79,
        "ebit": 427.515,
        "gainLossOnDispositionOfAssets": 105.802,
        "grossIncome": 924.563,
        "interestExpense": 60.293,
        "interestIncomeExpense": 163.683,
        "minorityInterest": -35.043,
        "netIncome": 609.855,
        "netIncomeAfterTaxes": 646.436,
        "nonRecurringItems": -0.73,
        "otherOperatingExpensesTotal": 11.621,
        "period": "2022-06-30",
        "pretaxIncome": 696.27,
        "provisionforIncomeTaxes": 49.834,
        "revenue": 1252.08,
        "sgaExpense": 83.114,
        "totalOperatingExpense": 497.048
      },
      {
        "costOfGoodsSold": 327.485,
        "depreciationAmortization": 396.647,
        "dilutedAverageSharesOutstanding": 765.517,
        "dilutedEPS": 1.5,
        "ebit": 410.761,
        "gainLossOnDispositionOfAssets": 795.041,
        "grossIncome": 891.643,
        "interestExpense": 64.064,
        "interestIncomeExpense": 61.307,
        "minorityInterest": -68.937,
        "netIncome": 1149.254,
        "netIncomeAfterTaxes": 1219.722,
        "nonRecurringItems": -18.165,
        "otherOperatingExpensesTotal": 9.589,
        "period": "2022-03-31",
        "pretaxIncome": 1248.944,
        "provisionforIncomeTaxes": 29.222,
        "revenue": 1219.128,
        "sgaExpense": 74.646,
        "totalOperatingExpense": 480.882
      },
      {
        "costOfGoodsSold": 321.925,
        "depreciationAmortization": 396.825,
        "dilutedAverageSharesOutstanding": 765.116,
        "dilutedEPS": 1.62,
        "ebit": 477.276,
        "gainLossOnDispositionOfAssets": 730.997,
        "grossIncome": 955.308,
        "interestExpense": 62.897,
        "interestIncomeExpense": 132.491,
        "minorityInterest": -52.191,
        "netIncome": 1247.124,
        "netIncomeAfterTaxes": 1300.853,
        "nonRecurringItems": 0,
        "otherOperatingExpensesTotal": 7.384,
        "period": "2021-12-31",
        "pretaxIncome": 1340.764,
        "provisionforIncomeTaxes": 39.911,
        "revenue": 1277.233,
        "sgaExpense": 73.823,
        "totalOperatingExpense": 478.032
      },
      {
        "costOfGoodsSold": 308.996,
        "depreciationAmortization": 390.806,
        "dilutedAverageSharesOutstanding": 764.945,
        "dilutedEPS": 0.94,
        "ebit": 411.864,
        "gainLossOnDispositionOfAssets": 353.796,
        "grossIncome": 874.053,
        "interestExpense": 63.638,
        "interestIncomeExpense": 91.506,
        "minorityInterest": -74.193,
        "netIncome": 722.007,
        "netIncomeAfterTaxes": 797.731,
        "nonRecurringItems": 0,
        "otherOperatingExpensesTotal": 4.413,
        "period": "2021-09-30",
        "pretaxIncome": 857.166,
        "provisionforIncomeTaxes": 59.435,
        "revenue": 1183.049,
        "sgaExpense": 66.97,
        "totalOperatingExpense": 462.189
      },
      {
        "costOfGoodsSold": 290.232,
        "depreciationAmortization": 392.736,
        "dilutedAverageSharesOutstanding": 764.652,
        "dilutedEPS": 0.78,
        "ebit": 386.338,
        "gainLossOnDispositionOfAssets": 314.528,
        "grossIncome": 860.61,
        "interestExpense": 68.412,
        "interestIncomeExpense": -1.358,
        "minorityInterest": -50.137,
        "netIncome": 598.625,
        "netIncomeAfterTaxes": 650.313,
        "nonRecurringItems": 0,
        "otherOperatingExpensesTotal": 7.194,
        "period": "2021-06-30",
        "pretaxIncome": 699.508,
        "provisionforIncomeTaxes": 49.195,
        "revenue": 1150.842,
        "sgaExpense": 74.342,
        "totalOperatingExpense": 474.272
      },
      {
        "costOfGoodsSold": 327.334,
        "depreciationAmortization": 397.575,
        "dilutedAverageSharesOutstanding": 764.958,
        "dilutedEPS": 0.49,
        "ebit": 341.931,
        "gainLossOnDispositionOfAssets": 190.266,
        "grossIncome": 820.982,
        "interestExpense": 71.281,
        "interestIncomeExpense": 80.666,
        "minorityInterest": -32.346,
        "netIncome": 365.815,
        "netIncomeAfterTaxes": 399.693,
        "nonRecurringItems": -187.453,
        "otherOperatingExpensesTotal": 3.444,
        "period": "2021-03-31",
        "pretaxIncome": 425.41,
        "provisionforIncomeTaxes": 25.717,
        "revenue": 1148.316,
        "sgaExpense": 78.032,
        "totalOperatingExpense": 479.051
      },
      {
        "costOfGoodsSold": 290.977,
        "depreciationAmortization": 417.066,
        "dilutedAverageSharesOutstanding": 764.743,
        "dilutedEPS": 0.38,
        "ebit": 332.973,
        "gainLossOnDispositionOfAssets": 149.407,
        "grossIncome": 820.62,
        "interestExpense": 76.856,
        "interestIncomeExpense": -109.809,
        "minorityInterest": -26.113,
        "netIncome": 280.47,
        "netIncomeAfterTaxes": 308.007,
        "nonRecurringItems": -23.684,
        "otherOperatingExpensesTotal": 4.437,
        "period": "2020-12-31",
        "pretaxIncome": 348.887,
        "provisionforIncomeTaxes": 40.88,
        "revenue": 1111.597,
        "sgaExpense": 66.144,
        "totalOperatingExpense": 487.647
      },
      {
        "costOfGoodsSold": 291.281,
        "depreciationAmortization": 400.738,
        "dilutedAverageSharesOutstanding": 764.619,
        "dilutedEPS": 0.4,
        "ebit": 313.386,
        "gainLossOnDispositionOfAssets": 243.134,
        "grossIncome": 791.492,
        "interestExpense": 80.711,
        "interestIncomeExpense": -113.579,
        "minorityInterest": -29.827,
        "netIncome": 298.695,
        "netIncomeAfterTaxes": 332.521,
        "nonRecurringItems": -98.266,
        "otherOperatingExpensesTotal": 3.02,
        "period": "2020-09-30",
        "pretaxIncome": 344.675,
        "provisionforIncomeTaxes": 12.154,
        "revenue": 1082.773,
        "sgaExpense": 74.348,
        "totalOperatingExpense": 478.106
      },
      {
        "costOfGoodsSold": 313.654,
        "depreciationAmortization": 398.195,
        "dilutedAverageSharesOutstanding": 765.83,
        "dilutedEPS": 0.54,
        "ebit": 481.632,
        "gainLossOnDispositionOfAssets": 130.355,
        "grossIncome": 952.47,
        "interestExpense": 81.298,
        "interestIncomeExpense": -86.965,
        "minorityInterest": -48.765,
        "netIncome": 404.539,
        "netIncomeAfterTaxes": 454.938,
        "nonRecurringItems": -23.573,
        "otherOperatingExpensesTotal": 7.979,
        "period": "2020-06-30",
        "pretaxIncome": 501.449,
        "provisionforIncomeTaxes": 46.511,
        "revenue": 1266.124,
        "sgaExpense": 64.664,
        "totalOperatingExpense": 470.838
      },
      {
        "costOfGoodsSold": 274.192,
        "depreciationAmortization": 345.97,
        "dilutedAverageSharesOutstanding": 723.983,
        "dilutedEPS": 0.67,
        "ebit": 278.816,
        "gainLossOnDispositionOfAssets": 194.241,
        "grossIncome": 704.049,
        "interestExpense": 75.642,
        "interestIncomeExpense": 126.787,
        "minorityInterest": -30.111,
        "netIncome": 489.418,
        "netIncomeAfterTaxes": 521.164,
        "nonRecurringItems": -47.767,
        "otherOperatingExpensesTotal": 14.574,
        "period": "2020-03-31",
        "pretaxIncome": 552.077,
        "provisionforIncomeTaxes": 30.913,
        "revenue": 978.241,
        "sgaExpense": 64.689,
        "totalOperatingExpense": 425.233
      },
      {
        "costOfGoodsSold": 230.189,
        "depreciationAmortization": 289.24,
        "dilutedAverageSharesOutstanding": 655.158,
        "dilutedEPS": 0.58,
        "ebit": 237.539,
        "gainLossOnDispositionOfAssets": 322.101,
        "grossIncome": 595.827,
        "interestExpense": 60.08,
        "interestIncomeExpense": -112.071,
        "minorityInterest": -39.251,
        "netIncome": 385.48,
        "netIncomeAfterTaxes": 426.242,
        "nonRecurringItems": -0.04,
        "otherOperatingExpensesTotal": 3.506,
        "period": "2019-12-31",
        "pretaxIncome": 447.529,
        "provisionforIncomeTaxes": 21.287,
        "revenue": 826.016,
        "sgaExpense": 65.542,
        "totalOperatingExpense": 358.288
      },
      {
        "costOfGoodsSold": 244.268,
        "depreciationAmortization": 282.254,
        "dilutedAverageSharesOutstanding": 655.259,
        "dilutedEPS": 0.68,
        "ebit": 348.166,
        "gainLossOnDispositionOfAssets": 123.314,
        "grossIncome": 697.913,
        "interestExpense": 60.244,
        "interestIncomeExpense": 46.204,
        "minorityInterest": -38.867,
        "netIncome": 450.639,
        "netIncomeAfterTaxes": 491.013,
        "nonRecurringItems": -13.585,
        "otherOperatingExpensesTotal": 2.294,
        "period": "2019-09-30",
        "pretaxIncome": 504.099,
        "provisionforIncomeTaxes": 13.086,
        "revenue": 942.181,
        "sgaExpense": 65.199,
        "totalOperatingExpense": 349.747
      },
      {
        "costOfGoodsSold": 218.344,
        "depreciationAmortization": 284.376,
        "dilutedAverageSharesOutstanding": 655.447,
        "dilutedEPS": 0.6,
        "ebit": 217.861,
        "gainLossOnDispositionOfAssets": 224.195,
        "grossIncome": 572.028,
        "interestExpense": 59.122,
        "interestIncomeExpense": -4.213,
        "minorityInterest": -25.55,
        "netIncome": 383.784,
        "netIncomeAfterTaxes": 410.826,
        "nonRecurringItems": -0.385,
        "otherOperatingExpensesTotal": 3.515,
        "period": "2019-06-30",
        "pretaxIncome": 437.458,
        "provisionforIncomeTaxes": 26.632,
        "revenue": 790.372,
        "sgaExpense": 66.276,
        "totalOperatingExpense": 354.167
      },
      {
        "costOfGoodsSold": 226.126,
        "depreciationAmortization": 284.009,
        "dilutedAverageSharesOutstanding": 654.359,
        "dilutedEPS": 0.55,
        "ebit": 188.382,
        "gainLossOnDispositionOfAssets": 188.208,
        "grossIncome": 545.926,
        "interestExpense": 60.507,
        "interestIncomeExpense": 12.803,
        "minorityInterest": -25.219,
        "netIncome": 347.047,
        "netIncomeAfterTaxes": 373.765,
        "nonRecurringItems": -2.116,
        "otherOperatingExpensesTotal": 3.834,
        "period": "2019-03-31",
        "pretaxIncome": 387.277,
        "provisionforIncomeTaxes": 13.512,
        "revenue": 772.052,
        "sgaExpense": 69.701,
        "totalOperatingExpense": 357.544
      },
      {
        "costOfGoodsSold": 220.134,
        "depreciationAmortization": 286.758,
        "dilutedAverageSharesOutstanding": 655.159,
        "dilutedEPS": 0.91,
        "ebit": 241.08,
        "gainLossOnDispositionOfAssets": 357.566,
        "grossIncome": 586.951,
        "interestExpense": 62.38,
        "interestIncomeExpense": 110.491,
        "minorityInterest": -92.43,
        "netIncome": 596.568,
        "netIncomeAfterTaxes": 690.49,
        "nonRecurringItems": 0.071,
        "otherOperatingExpensesTotal": 2.415,
        "period": "2018-12-31",
        "pretaxIncome": 709.208,
        "provisionforIncomeTaxes": 18.718,
        "revenue": 807.085,
        "sgaExpense": 56.698,
        "totalOperatingExpense": 345.871
      },
      {
        "costOfGoodsSold": 182.574,
        "depreciationAmortization": 252.702,
        "dilutedAverageSharesOutstanding": 597.647,
        "dilutedEPS": 0.57,
        "ebit": 181.521,
        "gainLossOnDispositionOfAssets": 194.058,
        "grossIncome": 499.858,
        "interestExpense": 64.186,
        "interestIncomeExpense": 15.852,
        "minorityInterest": -27.684,
        "netIncome": 346.345,
        "netIncomeAfterTaxes": 375.52,
        "nonRecurringItems": -1.955,
        "otherOperatingExpensesTotal": 3.391,
        "period": "2018-09-30",
        "pretaxIncome": 389.476,
        "provisionforIncomeTaxes": 13.956,
        "revenue": 682.432,
        "sgaExpense": 62.244,
        "totalOperatingExpense": 318.337
      },
      {
        "costOfGoodsSold": 168.179,
        "depreciationAmortization": 203.673,
        "dilutedAverageSharesOutstanding": 554.515,
        "dilutedEPS": 0.62,
        "ebit": 187.294,
        "gainLossOnDispositionOfAssets": 94.261,
        "grossIncome": 453.097,
        "interestExpense": 56.314,
        "interestIncomeExpense": 97.258,
        "minorityInterest": -28.904,
        "netIncome": 334.611,
        "netIncomeAfterTaxes": 364.991,
        "nonRecurringItems": 0.282,
        "otherOperatingExpensesTotal": 4.515,
        "period": "2018-06-30",
        "pretaxIncome": 379.095,
        "provisionforIncomeTaxes": 14.104,
        "revenue": 621.276,
        "sgaExpense": 57.615,
        "totalOperatingExpense": 265.803
      },
      {
        "costOfGoodsSold": 186.801,
        "depreciationAmortization": 204.081,
        "dilutedAverageSharesOutstanding": 554.291,
        "dilutedEPS": 0.68,
        "ebit": 237.107,
        "gainLossOnDispositionOfAssets": 195.111,
        "grossIncome": 506.855,
        "interestExpense": 46.261,
        "interestIncomeExpense": -22.723,
        "minorityInterest": -24.581,
        "netIncome": 365.902,
        "netIncomeAfterTaxes": 391.959,
        "nonRecurringItems": -0.984,
        "otherOperatingExpensesTotal": 3.239,
        "period": "2018-03-31",
        "pretaxIncome": 408.511,
        "provisionforIncomeTaxes": 16.552,
        "revenue": 693.656,
        "sgaExpense": 62.428,
        "totalOperatingExpense": 269.748
      },
      {
        "costOfGoodsSold": 175.698,
        "depreciationAmortization": 222.501,
        "dilutedAverageSharesOutstanding": 554.346,
        "dilutedEPS": 0.55,
        "ebit": 158.417,
        "gainLossOnDispositionOfAssets": 223.581,
        "grossIncome": 444.224,
        "interestExpense": 62.03,
        "interestIncomeExpense": 6.939,
        "minorityInterest": -37.987,
        "netIncome": 295.515,
        "netIncomeAfterTaxes": 338.873,
        "nonRecurringItems": -37.783,
        "otherOperatingExpensesTotal": 3.597,
        "period": "2017-12-31",
        "pretaxIncome": 351.154,
        "provisionforIncomeTaxes": 12.281,
        "revenue": 619.922,
        "sgaExpense": 59.709,
        "totalOperatingExpense": 285.807
      },
      {
        "costOfGoodsSold": 164.731,
        "depreciationAmortization": 201.903,
        "dilutedAverageSharesOutstanding": 554.163,
        "dilutedEPS": 1.58,
        "ebit": 175.491,
        "gainLossOnDispositionOfAssets": 779.053,
        "grossIncome": 438.143,
        "interestExpense": 64.19,
        "interestIncomeExpense": -23.18,
        "minorityInterest": -35.524,
        "netIncome": 876.218,
        "netIncomeAfterTaxes": 913.417,
        "nonRecurringItems": 0,
        "otherOperatingExpensesTotal": 3.093,
        "period": "2017-09-30",
        "pretaxIncome": 931.364,
        "provisionforIncomeTaxes": 17.947,
        "revenue": 602.874,
        "sgaExpense": 57.656,
        "totalOperatingExpense": 262.652
      },
      {
        "costOfGoodsSold": 199.78,
        "depreciationAmortization": 228.145,
        "dilutedAverageSharesOutstanding": 552.114,
        "dilutedEPS": 0.5,
        "ebit": 275.272,
        "gainLossOnDispositionOfAssets": 83.006,
        "grossIncome": 566.403,
        "interestExpense": 75.354,
        "interestIncomeExpense": -24.921,
        "minorityInterest": -19.363,
        "netIncome": 266.943,
        "netIncomeAfterTaxes": 287.98,
        "nonRecurringItems": -30.596,
        "otherOperatingExpensesTotal": 2.909,
        "period": "2017-06-30",
        "pretaxIncome": 302.761,
        "provisionforIncomeTaxes": 14.781,
        "revenue": 766.183,
        "sgaExpense": 60.077,
        "totalOperatingExpense": 291.131
      },
      {
        "costOfGoodsSold": 184.455,
        "depreciationAmortization": 226.591,
        "dilutedAverageSharesOutstanding": 550.01,
        "dilutedEPS": 0.38,
        "ebit": 161.886,
        "gainLossOnDispositionOfAssets": 97.325,
        "grossIncome": 444.7,
        "interestExpense": 72.912,
        "interestIncomeExpense": -28.922,
        "minorityInterest": -15.76,
        "netIncome": 203.255,
        "netIncomeAfterTaxes": 220.689,
        "nonRecurringItems": 0,
        "otherOperatingExpensesTotal": 2.606,
        "period": "2017-03-31",
        "pretaxIncome": 230.289,
        "provisionforIncomeTaxes": 9.6,
        "revenue": 629.155,
        "sgaExpense": 53.617,
        "totalOperatingExpense": 282.814
      },
      {
        "costOfGoodsSold": 171.773,
        "depreciationAmortization": 225.736,
        "dilutedAverageSharesOutstanding": 550.98,
        "dilutedEPS": 0.82,
        "ebit": 164.208,
        "gainLossOnDispositionOfAssets": 295.435,
        "grossIncome": 448.342,
        "interestExpense": 70.569,
        "interestIncomeExpense": 25.025,
        "minorityInterest": -24.505,
        "netIncome": 453.139,
        "netIncomeAfterTaxes": 466.702,
        "nonRecurringItems": 0,
        "otherOperatingExpensesTotal": 1.965,
        "period": "2016-12-31",
        "pretaxIncome": 484.668,
        "provisionforIncomeTaxes": 17.966,
        "revenue": 620.115,
        "sgaExpense": 56.433,
        "totalOperatingExpense": 284.134
      },
      {
        "costOfGoodsSold": 185.138,
        "depreciationAmortization": 224.867,
        "dilutedAverageSharesOutstanding": 547.2,
        "dilutedEPS": 0.52,
        "ebit": 232.624,
        "gainLossOnDispositionOfAssets": 117.296,
        "grossIncome": 519.427,
        "interestExpense": 75.31,
        "interestIncomeExpense": -28.251,
        "minorityInterest": -26.316,
        "netIncome": 286.968,
        "netIncomeAfterTaxes": 307.242,
        "nonRecurringItems": 1.492,
        "otherOperatingExpensesTotal": 3.779,
        "period": "2016-09-30",
        "pretaxIncome": 323.161,
        "provisionforIncomeTaxes": 15.919,
        "revenue": 704.565,
        "sgaExpense": 58.157,
        "totalOperatingExpense": 286.803
      },
      {
        "costOfGoodsSold": 168.591,
        "depreciationAmortization": 230.382,
        "dilutedAverageSharesOutstanding": 554.868,
        "dilutedEPS": 0.52,
        "ebit": 142.348,
        "gainLossOnDispositionOfAssets": 200.35,
        "grossIncome": 433.564,
        "interestExpense": 76.455,
        "interestIncomeExpense": -43.809,
        "minorityInterest": -18.712,
        "netIncome": 285.54,
        "netIncomeAfterTaxes": 295.791,
        "nonRecurringItems": 2.044,
        "otherOperatingExpensesTotal": 3.9,
        "period": "2016-06-30",
        "pretaxIncome": 300.933,
        "provisionforIncomeTaxes": 5.142,
        "revenue": 602.155,
        "sgaExpense": 56.934,
        "totalOperatingExpense": 291.216
      },
      {
        "costOfGoodsSold": 171.874,
        "depreciationAmortization": 250,
        "dilutedAverageSharesOutstanding": 543.562,
        "dilutedEPS": 0.39,
        "ebit": 129.198,
        "gainLossOnDispositionOfAssets": 144.317,
        "grossIncome": 434.426,
        "interestExpense": 80.812,
        "interestIncomeExpense": -34.121,
        "minorityInterest": -13.075,
        "netIncome": 214.65,
        "netIncomeAfterTaxes": 222.805,
        "nonRecurringItems": -1.052,
        "otherOperatingExpensesTotal": 4.685,
        "period": "2016-03-31",
        "pretaxIncome": 238.342,
        "provisionforIncomeTaxes": 15.537,
        "revenue": 606.3,
        "sgaExpense": 50.543,
        "totalOperatingExpense": 305.228
      },
      {
        "costOfGoodsSold": 177.004,
        "depreciationAmortization": 272.906,
        "dilutedAverageSharesOutstanding": 542.413,
        "dilutedEPS": 0.23,
        "ebit": 105.551,
        "gainLossOnDispositionOfAssets": 103.599,
        "grossIncome": 466.197,
        "interestExpense": 82.665,
        "interestIncomeExpense": -10.595,
        "minorityInterest": -6.762,
        "netIncome": 124.152,
        "netIncomeAfterTaxes": 126.757,
        "nonRecurringItems": -69.778,
        "otherOperatingExpensesTotal": 22.231,
        "period": "2015-12-31",
        "pretaxIncome": 128.777,
        "provisionforIncomeTaxes": 2.02,
        "revenue": 643.201,
        "sgaExpense": 65.509,
        "totalOperatingExpense": 360.646
      },
      {
        "costOfGoodsSold": 161.619,
        "depreciationAmortization": 247.471,
        "dilutedAverageSharesOutstanding": 532.073,
        "dilutedEPS": 0.49,
        "ebit": 103.392,
        "gainLossOnDispositionOfAssets": 268.791,
        "grossIncome": 419.003,
        "interestExpense": 81.035,
        "interestIncomeExpense": -50.669,
        "minorityInterest": -46.536,
        "netIncome": 262.182,
        "netIncomeAfterTaxes": 307.186,
        "nonRecurringItems": 0,
        "otherOperatingExpensesTotal": 8.765,
        "period": "2015-09-30",
        "pretaxIncome": 321.514,
        "provisionforIncomeTaxes": 14.328,
        "revenue": 580.622,
        "sgaExpense": 59.375,
        "totalOperatingExpense": 315.611
      }
    ],
    "symbol": "PLD"
  }
}