{
  "symbol": "VTRS",
  "statement": "ic",
  "frequency": "annual",
  "timestamp": "2025-09-19T14:08:20.800179",
  "data": {
    "financials": [
      {
        "costOfGoodsSold": 8600.9,
        "dilutedAverageSharesOutstanding": 1193.3,
        "dilutedEPS": -0.5315,
        "ebit": 1774.7,
        "grossIncome": 6138.4,
        "interestExpense": 550,
        "interestIncomeExpense": -550,
        "netIncome": -634.2,
        "netIncomeAfterTaxes": -634.2,
        "nonRecurringItems": -2377.3,
        "period": "2024-12-31",
        "pretaxIncome": -623.2,
        "provisionforIncomeTaxes": 11,
        "researchDevelopment": 802.9,
        "revenue": 14739.3,
        "sgaExpense": 3560.8,
        "totalOperatingExpense": 4363.7,
        "totalOtherIncomeExpenseNet": 529.4,
        "year": 2024
      },
      {
        "costOfGoodsSold": 8694.6,
        "dilutedAverageSharesOutstanding": 1206.9,
        "dilutedEPS": 0.0453,
        "ebit": 1597.6,
        "grossIncome": 6732.3,
        "interestExpense": 573.1,
        "interestIncomeExpense": -573.1,
        "netIncome": 54.7,
        "netIncomeAfterTaxes": 54.7,
        "nonRecurringItems": -855.8,
        "period": "2023-12-31",
        "pretaxIncome": 202.9,
        "provisionforIncomeTaxes": 148.2,
        "researchDevelopment": 802.1,
        "revenue": 15426.9,
        "sgaExpense": 4332.6,
        "totalOperatingExpense": 5134.7,
        "totalOtherIncomeExpenseNet": 34.2,
        "year": 2023
      },
      {
        "costOfGoodsSold": 9230,
        "dilutedAverageSharesOutstanding": 1217,
        "dilutedEPS": 1.71,
        "ebit": 2767,
        "grossIncome": 7033,
        "interestExpense": 592.4,
        "interestIncomeExpense": -592,
        "netIncome": 2079,
        "netIncomeAfterTaxes": 2079,
        "nonRecurringItems": -1156,
        "period": "2022-12-31",
        "pretaxIncome": 2813,
        "provisionforIncomeTaxes": 735,
        "researchDevelopment": 660,
        "revenue": 16263,
        "sgaExpense": 3606,
        "totalOperatingExpense": 4266,
        "totalOtherIncomeExpenseNet": 1795,
        "year": 2022
      },
      {
        "costOfGoodsSold": 11326,
        "dilutedAverageSharesOutstanding": 1209,
        "dilutedEPS": -1.05,
        "ebit": 2012,
        "grossIncome": 6560,
        "interestExpense": 636.2,
        "interestIncomeExpense": -700,
        "netIncome": -1269,
        "netIncomeAfterTaxes": -1269,
        "nonRecurringItems": -2054,
        "period": "2021-12-31",
        "pretaxIncome": -664,
        "provisionforIncomeTaxes": 605,
        "researchDevelopment": 655,
        "revenue": 17886,
        "sgaExpense": 3894,
        "totalOperatingExpense": 4548,
        "totalOtherIncomeExpenseNet": 78,
        "year": 2021
      },
      {
        "costOfGoodsSold": 7404,
        "dilutedAverageSharesOutstanding": 601,
        "dilutedEPS": -1.11,
        "ebit": 1463,
        "grossIncome": 4542,
        "interestExpense": 497.8,
        "interestIncomeExpense": -548,
        "netIncome": -670,
        "netIncomeAfterTaxes": -670,
        "nonRecurringItems": -1691,
        "period": "2020-12-31",
        "pretaxIncome": -721,
        "provisionforIncomeTaxes": -51,
        "researchDevelopment": 508,
        "revenue": 11946,
        "sgaExpense": 2571,
        "totalOperatingExpense": 3079,
        "totalOtherIncomeExpenseNet": 55,
        "year": 2020
      },
      {
        "costOfGoodsSold": 6949,
        "dilutedAverageSharesOutstanding": 517,
        "dilutedEPS": 0.03,
        "ebit": 1616,
        "grossIncome": 4552,
        "interestExpense": 517.3,
        "interestIncomeExpense": -587,
        "netIncome": 17,
        "netIncomeAfterTaxes": 17,
        "nonRecurringItems": -911,
        "period": "2019-12-31",
        "pretaxIncome": 154,
        "provisionforIncomeTaxes": 138,
        "researchDevelopment": 519,
        "revenue": 11501,
        "sgaExpense": 2417,
        "totalOperatingExpense": 2936,
        "totalOtherIncomeExpenseNet": 37,
        "year": 2019
      },
      {
        "costOfGoodsSold": 6862,
        "dilutedAverageSharesOutstanding": 517,
        "dilutedEPS": 0.68,
        "ebit": 1729,
        "grossIncome": 4572,
        "interestExpense": 542.3,
        "interestIncomeExpense": -566,
        "netIncome": 353,
        "netIncomeAfterTaxes": 338,
        "nonRecurringItems": -849,
        "period": "2018-12-31",
        "pretaxIncome": 298,
        "provisionforIncomeTaxes": -40,
        "researchDevelopment": 569,
        "revenue": 11434,
        "sgaExpense": 2274,
        "totalOperatingExpense": 2843,
        "totalOtherIncomeExpenseNet": -16,
        "year": 2018
      },
      {
        "costOfGoodsSold": 6932,
        "dilutedAverageSharesOutstanding": 537,
        "dilutedEPS": 1.29,
        "ebit": 1958,
        "grossIncome": 4976,
        "interestExpense": 534.6,
        "interestIncomeExpense": -494,
        "minorityInterest": 0,
        "netIncome": 696,
        "netIncomeAfterTaxes": 825,
        "nonRecurringItems": -535,
        "period": "2017-12-31",
        "pretaxIncome": 903,
        "provisionforIncomeTaxes": 78,
        "researchDevelopment": 657,
        "revenue": 11908,
        "sgaExpense": 2360,
        "totalOperatingExpense": 3017,
        "totalOtherIncomeExpenseNet": -26,
        "year": 2017
      },
      {
        "costOfGoodsSold": 6185,
        "dilutedAverageSharesOutstanding": 521,
        "dilutedEPS": 0.92,
        "ebit": 1953,
        "grossIncome": 4892,
        "interestExpense": 424.5,
        "interestIncomeExpense": -496,
        "minorityInterest": 0,
        "netIncome": 480,
        "netIncomeAfterTaxes": 480,
        "nonRecurringItems": -1409,
        "period": "2016-12-31",
        "pretaxIncome": 122,
        "provisionforIncomeTaxes": -358,
        "researchDevelopment": 698,
        "revenue": 11077,
        "sgaExpense": 2241,
        "totalOperatingExpense": 2939,
        "totalOtherIncomeExpenseNet": 74,
        "year": 2016
      },
      {
        "costOfGoodsSold": 5047,
        "dilutedAverageSharesOutstanding": 497,
        "dilutedEPS": 1.7,
        "ebit": 1938,
        "grossIncome": 4382,
        "interestExpense": 339.4,
        "interestIncomeExpense": -324,
        "minorityInterest": 0,
        "netIncome": 848,
        "netIncomeAfterTaxes": 848,
        "nonRecurringItems": -484,
        "otherOperatingExpensesTotal": 0,
        "period": "2015-12-31",
        "pretaxIncome": 915,
        "provisionforIncomeTaxes": 68,
        "researchDevelopment": 652,
        "revenue": 9429,
        "sgaExpense": 1793,
        "totalOperatingExpense": 2445,
        "totalOtherIncomeExpenseNet": -215,
        "year": 2015
      }
    ],
    "symbol": "VTRS"
  }
}