{
  "symbol": "BLK",
  "statement": "ic",
  "frequency": "annual",
  "timestamp": "2025-09-19T13:56:50.024234",
  "data": {
    "financials": [
      {
        "costOfGoodsSold": 3775,
        "depreciationAmortization": 241,
        "dilutedAverageSharesOutstanding": 151.6,
        "dilutedEPS": 42.01,
        "ebit": 7714,
        "grossIncome": 16632,
        "interestExpense": 538,
        "interestIncomeExpense": 721,
        "minorityInterest": -143,
        "netIncome": 6369,
        "netIncomeAfterTaxes": 6512,
        "nonRecurringItems": -140,
        "period": "2024-12-31",
        "pretaxIncome": 8295,
        "provisionforIncomeTaxes": 1783,
        "revenue": 20407,
        "sgaExpense": 8677,
        "totalOperatingExpense": 8918,
        "year": 2024
      },
      {
        "costOfGoodsSold": 3382,
        "depreciationAmortization": 151,
        "dilutedAverageSharesOutstanding": 150.7,
        "dilutedEPS": 36.51,
        "ebit": 6336,
        "grossIncome": 14477,
        "interestExpense": 292,
        "interestIncomeExpense": 880,
        "minorityInterest": -174,
        "netIncome": 5502,
        "netIncomeAfterTaxes": 5676,
        "nonRecurringItems": -61,
        "period": "2023-12-31",
        "pretaxIncome": 7155,
        "provisionforIncomeTaxes": 1479,
        "revenue": 17859,
        "sgaExpense": 7990,
        "totalOperatingExpense": 8141,
        "year": 2023
      },
      {
        "costOfGoodsSold": 3405,
        "depreciationAmortization": 151,
        "dilutedAverageSharesOutstanding": 152.44,
        "dilutedEPS": 33.97,
        "ebit": 6482,
        "grossIncome": 14468,
        "interestExpense": 212,
        "interestIncomeExpense": -95,
        "minorityInterest": 184,
        "netIncome": 5178,
        "netIncomeAfterTaxes": 4994,
        "nonRecurringItems": -97,
        "period": "2022-12-31",
        "pretaxIncome": 6290,
        "provisionforIncomeTaxes": 1296,
        "revenue": 17873,
        "sgaExpense": 7835,
        "totalOperatingExpense": 7986,
        "year": 2022
      },
      {
        "costOfGoodsSold": 3513,
        "depreciationAmortization": 147,
        "dilutedAverageSharesOutstanding": 154.404,
        "dilutedEPS": 38.22,
        "ebit": 7724,
        "grossIncome": 15861,
        "interestExpense": 205,
        "interestIncomeExpense": 723,
        "minorityInterest": -304,
        "netIncome": 5901,
        "netIncomeAfterTaxes": 6205,
        "nonRecurringItems": -274,
        "period": "2021-12-31",
        "pretaxIncome": 8173,
        "provisionforIncomeTaxes": 1968,
        "revenue": 19374,
        "sgaExpense": 7990,
        "totalOperatingExpense": 8137,
        "year": 2021
      },
      {
        "costOfGoodsSold": 2898,
        "depreciationAmortization": 106,
        "dilutedAverageSharesOutstanding": 154.841,
        "dilutedEPS": 31.85,
        "ebit": 6450,
        "grossIncome": 13307,
        "interestExpense": 205,
        "interestIncomeExpense": 829,
        "minorityInterest": -354,
        "netIncome": 4932,
        "netIncomeAfterTaxes": 5286,
        "nonRecurringItems": -755,
        "period": "2020-12-31",
        "pretaxIncome": 6524,
        "provisionforIncomeTaxes": 1238,
        "revenue": 16205,
        "sgaExpense": 6751,
        "totalOperatingExpense": 6857,
        "year": 2020
      },
      {
        "costOfGoodsSold": 2663,
        "depreciationAmortization": 97,
        "dilutedAverageSharesOutstanding": 157.46,
        "dilutedEPS": 28.43,
        "ebit": 5551,
        "grossIncome": 11876,
        "interestExpense": 203,
        "interestIncomeExpense": 236,
        "minorityInterest": -50,
        "netIncome": 4476,
        "netIncomeAfterTaxes": 4526,
        "nonRecurringItems": 0,
        "period": "2019-12-31",
        "pretaxIncome": 5787,
        "provisionforIncomeTaxes": 1261,
        "revenue": 14539,
        "sgaExpense": 6228,
        "totalOperatingExpense": 6325,
        "year": 2019
      },
      {
        "costOfGoodsSold": 2673,
        "depreciationAmortization": 50,
        "dilutedAverageSharesOutstanding": 161.949,
        "dilutedEPS": 26.58,
        "ebit": 5517,
        "grossIncome": 11525,
        "interestExpense": 184,
        "interestIncomeExpense": -79,
        "minorityInterest": 3,
        "netIncome": 4305,
        "netIncomeAfterTaxes": 4302,
        "nonRecurringItems": -60,
        "period": "2018-12-31",
        "pretaxIncome": 5378,
        "provisionforIncomeTaxes": 1076,
        "revenue": 14198,
        "sgaExpense": 5958,
        "totalOperatingExpense": 6008,
        "year": 2018
      },
      {
        "costOfGoodsSold": 2558,
        "depreciationAmortization": 89,
        "dilutedAverageSharesOutstanding": 164.415,
        "dilutedEPS": 30.11,
        "ebit": 5254,
        "grossIncome": 11042,
        "interestExpense": 205,
        "interestIncomeExpense": 5,
        "minorityInterest": -37,
        "netIncome": 4952,
        "netIncomeAfterTaxes": 3814,
        "nonRecurringItems": 0,
        "period": "2017-12-31",
        "pretaxIncome": 5259,
        "provisionforIncomeTaxes": 1445,
        "revenue": 13600,
        "sgaExpense": 5699,
        "totalOperatingExpense": 5788,
        "year": 2017
      },
      {
        "costOfGoodsSold": 2365,
        "depreciationAmortization": 99,
        "dilutedAverageSharesOutstanding": 166.58,
        "dilutedEPS": 19.02,
        "ebit": 4641,
        "grossIncome": 9896,
        "interestExpense": 205,
        "interestIncomeExpense": -110,
        "minorityInterest": 2,
        "netIncome": 3168,
        "netIncomeAfterTaxes": 3166,
        "nonRecurringItems": -76,
        "period": "2016-12-31",
        "pretaxIncome": 4455,
        "provisionforIncomeTaxes": 1289,
        "revenue": 12261,
        "sgaExpense": 5156,
        "totalOperatingExpense": 5255,
        "year": 2016
      },
      {
        "costOfGoodsSold": 1224,
        "depreciationAmortization": 128,
        "dilutedAverageSharesOutstanding": 169.039,
        "dilutedEPS": 19.79,
        "ebit": 4664,
        "grossIncome": 10177,
        "interestExpense": 204,
        "interestIncomeExpense": -62,
        "minorityInterest": -7,
        "netIncome": 3345,
        "netIncomeAfterTaxes": 3352,
        "nonRecurringItems": 0,
        "period": "2015-12-31",
        "pretaxIncome": 4602,
        "provisionforIncomeTaxes": 1250,
        "revenue": 11401,
        "sgaExpense": 5385,
        "totalOperatingExpense": 5513,
        "year": 2015
      }
    ],
    "symbol": "BLK"
  }
}