{
  "symbol": "BX",
  "statement": "ic",
  "frequency": "annual",
  "timestamp": "2025-09-19T13:56:51.559614",
  "data": {
    "financials": [
      {
        "depreciationAmortization": 98.756,
        "dilutedAverageSharesOutstanding": 766.6465,
        "dilutedEPS": 3.6216,
        "ebit": 6854.33,
        "interestExpense": 443.688,
        "interestIncomeExpense": -353.604,
        "minorityInterest": -2661.301,
        "netIncome": 2776.508,
        "netIncomeAfterTaxes": 5437.809,
        "nonRecurringItems": -41.246,
        "period": "2024-12-31",
        "pretaxIncome": 6459.48,
        "provisionforIncomeTaxes": 1021.671,
        "revenue": 13229.968,
        "sgaExpense": 6276.882,
        "totalOperatingExpense": 6375.638,
        "year": 2024
      },
      {
        "depreciationAmortization": 94.124,
        "dilutedAverageSharesOutstanding": 755.42,
        "dilutedEPS": 1.84,
        "ebit": 3473.579,
        "interestExpense": 431.868,
        "interestIncomeExpense": -488.669,
        "minorityInterest": -1053.373,
        "netIncome": 1390.88,
        "netIncomeAfterTaxes": 2444.253,
        "nonRecurringItems": -27.196,
        "period": "2023-12-31",
        "pretaxIncome": 2957.714,
        "provisionforIncomeTaxes": 513.461,
        "revenue": 8022.841,
        "sgaExpense": 4455.138,
        "totalOperatingExpense": 4549.262,
        "year": 2023
      },
      {
        "depreciationAmortization": 69.219,
        "dilutedAverageSharesOutstanding": 740.942,
        "dilutedEPS": 2.36,
        "ebit": 3861.873,
        "interestExpense": 317.225,
        "interestIncomeExpense": -422.367,
        "minorityInterest": -1241.278,
        "netIncome": 1747.631,
        "netIncomeAfterTaxes": 2988.909,
        "nonRecurringItems": 22.283,
        "period": "2022-12-31",
        "pretaxIncome": 3461.789,
        "provisionforIncomeTaxes": 472.88,
        "revenue": 8517.673,
        "sgaExpense": 4586.581,
        "totalOperatingExpense": 4655.8,
        "year": 2022
      },
      {
        "depreciationAmortization": 52.2,
        "dilutedAverageSharesOutstanding": 720.125,
        "dilutedEPS": 8.13,
        "ebit": 13298.799,
        "interestExpense": 198.268,
        "interestIncomeExpense": 263.356,
        "minorityInterest": -6517.598,
        "netIncome": 5857.397,
        "netIncomeAfterTaxes": 12374.995,
        "nonRecurringItems": -2.759,
        "period": "2021-12-31",
        "pretaxIncome": 13559.396,
        "provisionforIncomeTaxes": 1184.401,
        "revenue": 22577.148,
        "sgaExpense": 9226.149,
        "totalOperatingExpense": 9278.349,
        "year": 2021
      },
      {
        "depreciationAmortization": 35.1,
        "dilutedAverageSharesOutstanding": 697.258,
        "dilutedEPS": 1.5,
        "ebit": 2788.523,
        "interestExpense": 166.162,
        "interestIncomeExpense": -135.62,
        "minorityInterest": -1216.143,
        "netIncome": 1045.363,
        "netIncomeAfterTaxes": 2261.506,
        "nonRecurringItems": -35.383,
        "period": "2020-12-31",
        "pretaxIncome": 2617.52,
        "provisionforIncomeTaxes": 356.014,
        "revenue": 6101.927,
        "sgaExpense": 3278.304,
        "totalOperatingExpense": 3313.404,
        "year": 2020
      },
      {
        "depreciationAmortization": 26.3,
        "dilutedAverageSharesOutstanding": 676.168,
        "dilutedEPS": 3.03,
        "ebit": 3573.267,
        "interestExpense": 199.648,
        "interestIncomeExpense": 83.181,
        "minorityInterest": -1816.285,
        "netIncome": 2049.682,
        "netIncomeAfterTaxes": 3865.967,
        "nonRecurringItems": 161.567,
        "period": "2019-12-31",
        "pretaxIncome": 3818.015,
        "provisionforIncomeTaxes": -47.952,
        "revenue": 7338.27,
        "sgaExpense": 3738.703,
        "totalOperatingExpense": 3765.003,
        "year": 2019
      },
      {
        "depreciationAmortization": 23.9,
        "dilutedAverageSharesOutstanding": 1206.963,
        "dilutedEPS": 1.27,
        "ebit": 3485.209,
        "interestExpense": 163.99,
        "interestIncomeExpense": 27.732,
        "minorityInterest": -1721.763,
        "netIncome": 1541.788,
        "netIncomeAfterTaxes": 3263.551,
        "nonRecurringItems": 0,
        "period": "2018-12-31",
        "pretaxIncome": 3512.941,
        "provisionforIncomeTaxes": 249.39,
        "revenue": 6833.259,
        "sgaExpense": 3324.15,
        "totalOperatingExpense": 3348.05,
        "year": 2018
      },
      {
        "depreciationAmortization": 25.2,
        "dilutedAverageSharesOutstanding": 666.247,
        "dilutedEPS": 2.2,
        "ebit": 3590.123,
        "interestExpense": 197.486,
        "interestIncomeExpense": 124.111,
        "minorityInterest": -1903.568,
        "netIncome": 1471.374,
        "netIncomeAfterTaxes": 3715.242,
        "nonRecurringItems": 403.855,
        "period": "2017-12-31",
        "pretaxIncome": 4118.089,
        "provisionforIncomeTaxes": 402.847,
        "revenue": 7145.015,
        "sgaExpense": 3529.692,
        "totalOperatingExpense": 3554.892,
        "year": 2017
      },
      {
        "depreciationAmortization": 32,
        "dilutedAverageSharesOutstanding": 1195.115,
        "dilutedEPS": 0.86,
        "ebit": 2349.508,
        "interestExpense": 152.654,
        "interestIncomeExpense": 32.096,
        "minorityInterest": -1210.228,
        "netIncome": 1039.014,
        "netIncomeAfterTaxes": 2249.242,
        "nonRecurringItems": 0,
        "period": "2016-12-31",
        "pretaxIncome": 2381.604,
        "provisionforIncomeTaxes": 132.362,
        "revenue": 5146.299,
        "sgaExpense": 2764.791,
        "totalOperatingExpense": 2796.791,
        "year": 2016
      },
      {
        "costOfGoodsSold": 879.746,
        "depreciationAmortization": 26,
        "dilutedAverageSharesOutstanding": 1188.085,
        "dilutedEPS": 0.59,
        "ebit": 1700.199,
        "grossIncome": 3766.806,
        "interestExpense": 144.522,
        "interestIncomeExpense": 31.842,
        "minorityInterest": -914.561,
        "netIncome": 709.789,
        "netIncomeAfterTaxes": 1624.35,
        "nonRecurringItems": 82.707,
        "otherOperatingExpensesTotal": -315.186,
        "period": "2015-12-31",
        "pretaxIncome": 1814.748,
        "provisionforIncomeTaxes": 190.398,
        "revenue": 4646.552,
        "sgaExpense": 2355.793,
        "totalOperatingExpense": 2066.607,
        "year": 2015
      }
    ],
    "symbol": "BX"
  }
}