{
  "symbol": "DECK",
  "statement": "ic",
  "frequency": "annual",
  "timestamp": "2025-09-19T13:58:58.264554",
  "data": {
    "financials": [
      {
        "costOfGoodsSold": 2099.949,
        "dilutedAverageSharesOutstanding": 152.67,
        "dilutedEPS": 6.328,
        "ebit": 1183.382,
        "grossIncome": 2885.663,
        "interestExpense": 3.517,
        "interestIncomeExpense": 64.872,
        "netIncome": 966.091,
        "netIncomeAfterTaxes": 966.091,
        "nonRecurringItems": -4.29,
        "period": "2025-03-31",
        "pretaxIncome": 1243.299,
        "provisionforIncomeTaxes": 277.208,
        "researchDevelopment": 56.676,
        "revenue": 4985.612,
        "sgaExpense": 1645.605,
        "totalOperatingExpense": 1702.281,
        "totalOtherIncomeExpenseNet": -0.665,
        "year": 2025
      },
      {
        "costOfGoodsSold": 1902.275,
        "dilutedAverageSharesOutstanding": 156.285,
        "dilutedEPS": 4.86,
        "ebit": 936.693,
        "grossIncome": 2385.488,
        "interestExpense": 2.564,
        "interestIncomeExpense": 49.644,
        "netIncome": 759.563,
        "netIncomeAfterTaxes": 759.563,
        "nonRecurringItems": -9.179,
        "period": "2024-03-31",
        "pretaxIncome": 978.941,
        "provisionforIncomeTaxes": 219.378,
        "researchDevelopment": 49.171,
        "revenue": 4287.763,
        "sgaExpense": 1399.624,
        "totalOperatingExpense": 1448.795,
        "totalOtherIncomeExpenseNet": 1.783,
        "year": 2024
      },
      {
        "costOfGoodsSold": 1801.916,
        "dilutedAverageSharesOutstanding": 160.113,
        "dilutedEPS": 3.23,
        "ebit": 657.086,
        "grossIncome": 1825.37,
        "interestExpense": 3.442,
        "interestIncomeExpense": 10.603,
        "netIncome": 516.822,
        "netIncomeAfterTaxes": 516.822,
        "nonRecurringItems": -2.817,
        "period": "2023-03-31",
        "pretaxIncome": 666.082,
        "provisionforIncomeTaxes": 149.26,
        "researchDevelopment": 38.657,
        "revenue": 3627.286,
        "sgaExpense": 1129.627,
        "totalOperatingExpense": 1168.284,
        "totalOtherIncomeExpenseNet": 1.21,
        "year": 2023
      },
      {
        "costOfGoodsSold": 1542.788,
        "dilutedAverageSharesOutstanding": 166.731,
        "dilutedEPS": 2.71,
        "ebit": 568.504,
        "grossIncome": 1607.551,
        "interestExpense": 2.083,
        "interestIncomeExpense": -0.793,
        "netIncome": 451.949,
        "netIncomeAfterTaxes": 451.949,
        "nonRecurringItems": -3.186,
        "period": "2022-03-31",
        "pretaxIncome": 564.638,
        "provisionforIncomeTaxes": 112.689,
        "researchDevelopment": 33.344,
        "revenue": 3150.339,
        "sgaExpense": 1005.703,
        "totalOperatingExpense": 1039.047,
        "totalOtherIncomeExpenseNet": 0.113,
        "year": 2022
      },
      {
        "costOfGoodsSold": 1171.551,
        "dilutedAverageSharesOutstanding": 170.433,
        "dilutedEPS": 2.24,
        "ebit": 522.078,
        "grossIncome": 1374.09,
        "interestExpense": 6.028,
        "interestIncomeExpense": -3.658,
        "netIncome": 382.575,
        "netIncomeAfterTaxes": 382.575,
        "nonRecurringItems": -17.606,
        "period": "2021-03-31",
        "pretaxIncome": 501.514,
        "provisionforIncomeTaxes": 118.939,
        "researchDevelopment": 28.626,
        "revenue": 2545.641,
        "sgaExpense": 823.386,
        "totalOperatingExpense": 852.012,
        "totalOtherIncomeExpenseNet": 0.7,
        "year": 2021
      },
      {
        "costOfGoodsSold": 1029.016,
        "dilutedAverageSharesOutstanding": 172.161,
        "dilutedEPS": 1.6,
        "ebit": 339.828,
        "grossIncome": 1103.673,
        "interestExpense": 5.046,
        "interestIncomeExpense": 1.887,
        "netIncome": 276.142,
        "netIncomeAfterTaxes": 276.142,
        "nonRecurringItems": -1.365,
        "period": "2020-03-31",
        "pretaxIncome": 340.866,
        "provisionforIncomeTaxes": 64.724,
        "researchDevelopment": 27.555,
        "revenue": 2132.689,
        "sgaExpense": 736.29,
        "totalOperatingExpense": 763.845,
        "totalOtherIncomeExpenseNet": 0.516,
        "year": 2020
      },
      {
        "costOfGoodsSold": 980.187,
        "dilutedAverageSharesOutstanding": 179.414,
        "dilutedEPS": 1.47,
        "ebit": 327.09,
        "grossIncome": 1040.25,
        "interestExpense": 4.661,
        "interestIncomeExpense": 1.892,
        "netIncome": 264.308,
        "netIncomeAfterTaxes": 263.325,
        "nonRecurringItems": -0.295,
        "period": "2019-03-31",
        "pretaxIncome": 328.934,
        "provisionforIncomeTaxes": 65.609,
        "researchDevelopment": 23.187,
        "revenue": 2020.437,
        "sgaExpense": 689.973,
        "totalOperatingExpense": 713.16,
        "totalOtherIncomeExpenseNet": 0.247,
        "year": 2019
      },
      {
        "costOfGoodsSold": 971.697,
        "dilutedAverageSharesOutstanding": 191.972,
        "dilutedEPS": 0.59,
        "ebit": 220.301,
        "grossIncome": 931.642,
        "interestExpense": 4.585,
        "interestIncomeExpense": 2.422,
        "netIncome": 114.394,
        "netIncomeAfterTaxes": 185.401,
        "nonRecurringItems": -1.667,
        "period": "2018-03-31",
        "pretaxIncome": 220.696,
        "provisionforIncomeTaxes": 35.295,
        "researchDevelopment": 22.372,
        "revenue": 1903.339,
        "sgaExpense": 688.969,
        "totalOperatingExpense": 711.341,
        "totalOtherIncomeExpenseNet": -0.36,
        "year": 2018
      },
      {
        "costOfGoodsSold": 954.912,
        "dilutedAverageSharesOutstanding": 194.126,
        "dilutedEPS": 0.03,
        "ebit": 28.045,
        "grossIncome": 835.235,
        "interestExpense": 7.319,
        "interestIncomeExpense": -3.805,
        "netIncome": 5.71,
        "netIncomeAfterTaxes": 5.71,
        "nonRecurringItems": -32.7,
        "period": "2017-03-31",
        "pretaxIncome": -6.986,
        "provisionforIncomeTaxes": -12.696,
        "researchDevelopment": 21.256,
        "revenue": 1790.147,
        "sgaExpense": 785.934,
        "totalOperatingExpense": 807.19,
        "totalOtherIncomeExpenseNet": 1.474,
        "year": 2017
      },
      {
        "costOfGoodsSold": 1026.529,
        "dilutedAverageSharesOutstanding": 198.23,
        "dilutedEPS": 0.62,
        "ebit": 188.452,
        "grossIncome": 848.668,
        "interestExpense": 5.814,
        "interestIncomeExpense": -6.719,
        "netIncome": 122.265,
        "netIncomeAfterTaxes": 122.265,
        "nonRecurringItems": -25,
        "period": "2016-03-31",
        "pretaxIncome": 156.885,
        "provisionforIncomeTaxes": 34.62,
        "researchDevelopment": 22.176,
        "revenue": 1875.197,
        "sgaExpense": 638.04,
        "totalOperatingExpense": 660.216,
        "totalOtherIncomeExpenseNet": 0.152,
        "year": 2016
      }
    ],
    "symbol": "DECK"
  }
}