{
  "symbol": "MMC",
  "statement": "ic",
  "frequency": "annual",
  "timestamp": "2025-09-19T14:03:35.151790",
  "data": {
    "financials": [
      {
        "dilutedAverageSharesOutstanding": 496,
        "dilutedEPS": 8.19,
        "ebit": 6212,
        "interestExpense": 700,
        "interestIncomeExpense": -605,
        "minorityInterest": -57,
        "netIncome": 4060,
        "netIncomeAfterTaxes": 4117,
        "nonRecurringItems": -395,
        "otherOperatingExpensesTotal": 4250,
        "period": "2024-12-31",
        "pretaxIncome": 5480,
        "provisionforIncomeTaxes": 1363,
        "revenue": 24458,
        "sgaExpense": 13996,
        "totalOperatingExpense": 18246,
        "totalOtherIncomeExpenseNet": 268,
        "year": 2024
      },
      {
        "dilutedAverageSharesOutstanding": 499,
        "dilutedEPS": 7.53,
        "ebit": 5583,
        "interestExpense": 578,
        "interestIncomeExpense": -495,
        "minorityInterest": -46,
        "netIncome": 3756,
        "netIncomeAfterTaxes": 3802,
        "nonRecurringItems": -301,
        "otherOperatingExpensesTotal": 4054,
        "period": "2023-12-31",
        "pretaxIncome": 5026,
        "provisionforIncomeTaxes": 1224,
        "revenue": 22736,
        "sgaExpense": 13099,
        "totalOperatingExpense": 17153,
        "totalOtherIncomeExpenseNet": 239,
        "year": 2023
      },
      {
        "dilutedAverageSharesOutstanding": 505,
        "dilutedEPS": 6.04,
        "ebit": 4707,
        "interestExpense": 469,
        "interestIncomeExpense": -433,
        "minorityInterest": -37,
        "netIncome": 3050,
        "netIncomeAfterTaxes": 3087,
        "nonRecurringItems": -427,
        "otherOperatingExpensesTotal": 3942,
        "period": "2022-12-31",
        "pretaxIncome": 4082,
        "provisionforIncomeTaxes": 995,
        "revenue": 20720,
        "sgaExpense": 12071,
        "totalOperatingExpense": 16013,
        "totalOtherIncomeExpenseNet": 235,
        "year": 2022
      },
      {
        "dilutedAverageSharesOutstanding": 513,
        "dilutedEPS": 6.13,
        "ebit": 4405,
        "interestExpense": 444,
        "interestIncomeExpense": -381,
        "minorityInterest": -31,
        "netIncome": 3143,
        "netIncomeAfterTaxes": 3174,
        "nonRecurringItems": -93,
        "otherOperatingExpensesTotal": 3990,
        "period": "2021-12-31",
        "pretaxIncome": 4208,
        "provisionforIncomeTaxes": 1034,
        "revenue": 19820,
        "sgaExpense": 11425,
        "totalOperatingExpense": 15415,
        "totalOtherIncomeExpenseNet": 277,
        "year": 2021
      },
      {
        "dilutedAverageSharesOutstanding": 512,
        "dilutedEPS": 3.94,
        "ebit": 3317,
        "interestExpense": 515,
        "interestIncomeExpense": -530,
        "minorityInterest": -30,
        "netIncome": 2016,
        "netIncomeAfterTaxes": 2046,
        "nonRecurringItems": -251,
        "otherOperatingExpensesTotal": 3778,
        "period": "2020-12-31",
        "pretaxIncome": 2793,
        "provisionforIncomeTaxes": 747,
        "revenue": 17224,
        "sgaExpense": 10129,
        "totalOperatingExpense": 13907,
        "totalOtherIncomeExpenseNet": 257,
        "year": 2020
      },
      {
        "dilutedAverageSharesOutstanding": 511,
        "dilutedEPS": 3.41,
        "ebit": 3012,
        "interestExpense": 524,
        "interestIncomeExpense": -471,
        "minorityInterest": -31,
        "netIncome": 1742,
        "netIncomeAfterTaxes": 1773,
        "nonRecurringItems": -367,
        "otherOperatingExpensesTotal": 3906,
        "period": "2019-12-31",
        "pretaxIncome": 2439,
        "provisionforIncomeTaxes": 666,
        "revenue": 16652,
        "sgaExpense": 9734,
        "totalOperatingExpense": 13640,
        "totalOtherIncomeExpenseNet": 265,
        "year": 2019
      },
      {
        "dilutedAverageSharesOutstanding": 511,
        "dilutedEPS": 3.22,
        "ebit": 2761,
        "interestExpense": 290,
        "interestIncomeExpense": -732,
        "minorityInterest": -20,
        "netIncome": 1650,
        "netIncomeAfterTaxes": 1665,
        "otherOperatingExpensesTotal": 3584,
        "period": "2018-12-31",
        "pretaxIncome": 2244,
        "provisionforIncomeTaxes": 579,
        "revenue": 14950,
        "sgaExpense": 8605,
        "totalOperatingExpense": 12189,
        "totalOtherIncomeExpenseNet": 215,
        "year": 2018
      },
      {
        "dilutedAverageSharesOutstanding": 519,
        "dilutedEPS": 2.87,
        "ebit": 2655,
        "interestExpense": 237,
        "interestIncomeExpense": -213,
        "minorityInterest": -20,
        "netIncome": 1492,
        "netIncomeAfterTaxes": 1970,
        "otherOperatingExpensesTotal": 3284,
        "period": "2017-12-31",
        "pretaxIncome": 2643,
        "provisionforIncomeTaxes": 673,
        "revenue": 14024,
        "sgaExpense": 8085,
        "totalOperatingExpense": 11369,
        "totalOtherIncomeExpenseNet": 201,
        "year": 2017
      },
      {
        "dilutedAverageSharesOutstanding": 524,
        "dilutedEPS": 3.37,
        "ebit": 2431,
        "interestExpense": 189,
        "interestIncomeExpense": -184,
        "minorityInterest": -27,
        "netIncome": 1768,
        "netIncomeAfterTaxes": 1795,
        "otherOperatingExpensesTotal": 3086,
        "period": "2016-12-31",
        "pretaxIncome": 2480,
        "provisionforIncomeTaxes": 685,
        "revenue": 13211,
        "sgaExpense": 7694,
        "totalOperatingExpense": 10780,
        "totalOtherIncomeExpenseNet": 233,
        "year": 2016
      },
      {
        "dilutedAverageSharesOutstanding": 536,
        "dilutedEPS": 2.98,
        "ebit": 2419,
        "interestExpense": 163,
        "interestIncomeExpense": -112,
        "minorityInterest": -37,
        "netIncome": 1599,
        "netIncomeAfterTaxes": 1636,
        "nonRecurringItems": 0,
        "otherOperatingExpensesTotal": 3140,
        "period": "2015-12-31",
        "pretaxIncome": 2307,
        "provisionforIncomeTaxes": 671,
        "revenue": 12893,
        "sgaExpense": 7334,
        "totalOperatingExpense": 10474,
        "year": 2015
      }
    ],
    "symbol": "MMC"
  }
}