{
  "symbol": "AWK",
  "statement": "ic",
  "frequency": "quarterly",
  "timestamp": "2025-09-19T13:55:53.940830",
  "data": {
    "financials": [
      {
        "depreciationAmortization": 221,
        "dilutedAverageSharesOutstanding": 195,
        "dilutedEPS": 1.4821,
        "ebit": 489,
        "interestIncomeExpense": -129,
        "netIncome": 289,
        "netIncomeAfterTaxes": 289,
        "operationsMaintenance": 480,
        "otherOperatingExpensesTotal": 86,
        "period": "2025-06-30",
        "pretaxIncome": 376,
        "provisionforIncomeTaxes": 87,
        "revenue": 1276,
        "totalOperatingExpense": 787,
        "totalOtherIncomeExpenseNet": 16
      },
      {
        "depreciationAmortization": 216,
        "dilutedAverageSharesOutstanding": 195,
        "dilutedEPS": 1.0513,
        "ebit": 371,
        "interestExpense": 144,
        "interestIncomeExpense": -122,
        "netIncome": 205,
        "netIncomeAfterTaxes": 205,
        "operationsMaintenance": 468,
        "otherOperatingExpensesTotal": 87,
        "period": "2025-03-31",
        "pretaxIncome": 270,
        "provisionforIncomeTaxes": 65,
        "revenue": 1142,
        "totalOperatingExpense": 771,
        "totalOtherIncomeExpenseNet": 21
      },
      {
        "depreciationAmortization": 207,
        "dilutedAverageSharesOutstanding": 195,
        "dilutedEPS": 1.2256,
        "ebit": 400,
        "interestExpense": 136,
        "interestIncomeExpense": -113,
        "netIncome": 239,
        "netIncomeAfterTaxes": 239,
        "nonRecurringItems": 0,
        "operationsMaintenance": 519,
        "otherOperatingExpensesTotal": 75,
        "period": "2024-12-31",
        "pretaxIncome": 303,
        "provisionforIncomeTaxes": 64,
        "revenue": 1201,
        "totalOperatingExpense": 801,
        "totalOtherIncomeExpenseNet": 16
      },
      {
        "depreciationAmortization": 200,
        "dilutedAverageSharesOutstanding": 195,
        "dilutedEPS": 1.7949,
        "ebit": 543,
        "interestExpense": 136,
        "interestIncomeExpense": -110,
        "netIncome": 350,
        "netIncomeAfterTaxes": 350,
        "operationsMaintenance": 496,
        "otherOperatingExpensesTotal": 84,
        "period": "2024-09-30",
        "pretaxIncome": 453,
        "provisionforIncomeTaxes": 103,
        "revenue": 1323,
        "totalOperatingExpense": 780,
        "totalOtherIncomeExpenseNet": 20
      },
      {
        "depreciationAmortization": 193,
        "dilutedAverageSharesOutstanding": 195,
        "dilutedEPS": 1.4205,
        "ebit": 449,
        "interestExpense": 124,
        "interestIncomeExpense": -106,
        "netIncome": 277,
        "netIncomeAfterTaxes": 277,
        "operationsMaintenance": 427,
        "otherOperatingExpensesTotal": 80,
        "period": "2024-06-30",
        "pretaxIncome": 361,
        "provisionforIncomeTaxes": 84,
        "revenue": 1149,
        "totalOperatingExpense": 700,
        "totalOtherIncomeExpenseNet": 18
      },
      {
        "depreciationAmortization": 188,
        "dilutedAverageSharesOutstanding": 195,
        "dilutedEPS": 0.9487,
        "ebit": 326,
        "interestExpense": 118,
        "interestIncomeExpense": -100,
        "netIncome": 185,
        "netIncomeAfterTaxes": 185,
        "operationsMaintenance": 416,
        "otherOperatingExpensesTotal": 81,
        "period": "2024-03-31",
        "pretaxIncome": 242,
        "provisionforIncomeTaxes": 57,
        "revenue": 1011,
        "totalOperatingExpense": 685,
        "totalOtherIncomeExpenseNet": 16
      },
      {
        "depreciationAmortization": 181,
        "dilutedAverageSharesOutstanding": 196,
        "dilutedEPS": 0.8725,
        "ebit": 299,
        "interestExpense": 117,
        "interestIncomeExpense": -97,
        "netIncome": 171,
        "netIncomeAfterTaxes": 171,
        "nonRecurringItems": 0,
        "operationsMaintenance": 472,
        "otherOperatingExpensesTotal": 80,
        "period": "2023-12-31",
        "pretaxIncome": 218,
        "provisionforIncomeTaxes": 47,
        "revenue": 1032,
        "totalOperatingExpense": 733,
        "totalOtherIncomeExpenseNet": 16
      },
      {
        "depreciationAmortization": 177,
        "dilutedAverageSharesOutstanding": 195,
        "dilutedEPS": 1.66,
        "ebit": 478,
        "interestExpense": 110,
        "interestIncomeExpense": -94,
        "netIncome": 323,
        "netIncomeAfterTaxes": 323,
        "operationsMaintenance": 436,
        "otherOperatingExpensesTotal": 76,
        "period": "2023-09-30",
        "pretaxIncome": 407,
        "provisionforIncomeTaxes": 84,
        "revenue": 1167,
        "totalOperatingExpense": 689,
        "totalOtherIncomeExpenseNet": 23
      },
      {
        "depreciationAmortization": 174,
        "dilutedAverageSharesOutstanding": 195,
        "dilutedEPS": 1.44,
        "ebit": 432,
        "interestExpense": 115,
        "interestIncomeExpense": -95,
        "netIncome": 280,
        "netIncomeAfterTaxes": 280,
        "operationsMaintenance": 419,
        "otherOperatingExpensesTotal": 72,
        "period": "2023-06-30",
        "pretaxIncome": 357,
        "provisionforIncomeTaxes": 77,
        "revenue": 1097,
        "totalOperatingExpense": 665,
        "totalOtherIncomeExpenseNet": 20
      },
      {
        "depreciationAmortization": 172,
        "dilutedAverageSharesOutstanding": 186,
        "dilutedEPS": 0.91,
        "ebit": 295,
        "interestExpense": 116,
        "interestIncomeExpense": -101,
        "netIncome": 170,
        "netIncomeAfterTaxes": 170,
        "operationsMaintenance": 393,
        "otherOperatingExpensesTotal": 78,
        "period": "2023-03-31",
        "pretaxIncome": 214,
        "provisionforIncomeTaxes": 44,
        "revenue": 938,
        "totalOperatingExpense": 643,
        "totalOtherIncomeExpenseNet": 20
      },
      {
        "depreciationAmortization": 164,
        "dilutedAverageSharesOutstanding": 182,
        "dilutedEPS": 0.81,
        "ebit": 261,
        "interestExpense": 111,
        "interestIncomeExpense": -103,
        "netIncome": 147,
        "netIncomeAfterTaxes": 147,
        "nonRecurringItems": 19,
        "operationsMaintenance": 433,
        "otherOperatingExpensesTotal": 73,
        "period": "2022-12-31",
        "pretaxIncome": 178,
        "provisionforIncomeTaxes": 31,
        "revenue": 931,
        "totalOperatingExpense": 670,
        "totalOtherIncomeExpenseNet": 1
      },
      {
        "depreciationAmortization": 164,
        "dilutedAverageSharesOutstanding": 182,
        "dilutedEPS": 1.63,
        "ebit": 439,
        "interestExpense": 106,
        "interestIncomeExpense": -97,
        "netIncome": 297,
        "netIncomeAfterTaxes": 297,
        "operationsMaintenance": 416,
        "otherOperatingExpensesTotal": 63,
        "period": "2022-09-30",
        "pretaxIncome": 367,
        "provisionforIncomeTaxes": 70,
        "revenue": 1082,
        "totalOperatingExpense": 643,
        "totalOtherIncomeExpenseNet": 25
      },
      {
        "depreciationAmortization": 163,
        "dilutedAverageSharesOutstanding": 182,
        "dilutedEPS": 1.2,
        "ebit": 327,
        "interestExpense": 100,
        "interestIncomeExpense": -94,
        "netIncome": 218,
        "netIncomeAfterTaxes": 218,
        "operationsMaintenance": 376,
        "otherOperatingExpensesTotal": 71,
        "period": "2022-06-30",
        "pretaxIncome": 270,
        "provisionforIncomeTaxes": 52,
        "revenue": 937,
        "totalOperatingExpense": 610,
        "totalOtherIncomeExpenseNet": 37
      },
      {
        "depreciationAmortization": 158,
        "dilutedAverageSharesOutstanding": 182,
        "dilutedEPS": 0.87,
        "ebit": 246,
        "interestExpense": 103,
        "interestIncomeExpense": -87,
        "netIncome": 158,
        "netIncomeAfterTaxes": 158,
        "operationsMaintenance": 364,
        "otherOperatingExpensesTotal": 74,
        "period": "2022-03-31",
        "pretaxIncome": 193,
        "provisionforIncomeTaxes": 35,
        "revenue": 842,
        "totalOperatingExpense": 596,
        "totalOtherIncomeExpenseNet": 34
      },
      {
        "depreciationAmortization": 160,
        "dilutedAverageSharesOutstanding": 182,
        "dilutedEPS": 3.54,
        "ebit": 220,
        "interestExpense": 101,
        "interestIncomeExpense": -99,
        "netIncome": 645,
        "netIncomeAfterTaxes": 645,
        "nonRecurringItems": 747,
        "operationsMaintenance": 491,
        "otherOperatingExpensesTotal": 80,
        "period": "2021-12-31",
        "pretaxIncome": 894,
        "provisionforIncomeTaxes": 249,
        "revenue": 951,
        "totalOperatingExpense": 731,
        "totalOtherIncomeExpenseNet": 26
      },
      {
        "depreciationAmortization": 161,
        "dilutedAverageSharesOutstanding": 182,
        "dilutedEPS": 1.53,
        "ebit": 417,
        "interestExpense": 101,
        "interestIncomeExpense": -101,
        "netIncome": 278,
        "netIncomeAfterTaxes": 278,
        "operationsMaintenance": 436,
        "otherOperatingExpensesTotal": 78,
        "period": "2021-09-30",
        "pretaxIncome": 340,
        "provisionforIncomeTaxes": 62,
        "revenue": 1092,
        "totalOperatingExpense": 675,
        "totalOtherIncomeExpenseNet": 24
      },
      {
        "depreciationAmortization": 158,
        "dilutedAverageSharesOutstanding": 182,
        "dilutedEPS": 1.14,
        "ebit": 330,
        "interestExpense": 98,
        "interestIncomeExpense": -101,
        "netIncome": 207,
        "netIncomeAfterTaxes": 207,
        "operationsMaintenance": 431,
        "otherOperatingExpensesTotal": 80,
        "period": "2021-06-30",
        "pretaxIncome": 251,
        "provisionforIncomeTaxes": 44,
        "revenue": 999,
        "totalOperatingExpense": 669,
        "totalOtherIncomeExpenseNet": 22
      },
      {
        "depreciationAmortization": 157,
        "dilutedAverageSharesOutstanding": 182,
        "dilutedEPS": 0.73,
        "ebit": 229,
        "interestExpense": 99,
        "interestIncomeExpense": -98,
        "netIncome": 133,
        "netIncomeAfterTaxes": 133,
        "operationsMaintenance": 419,
        "otherOperatingExpensesTotal": 83,
        "period": "2021-03-31",
        "pretaxIncome": 155,
        "provisionforIncomeTaxes": 22,
        "revenue": 888,
        "totalOperatingExpense": 659,
        "totalOtherIncomeExpenseNet": 24
      },
      {
        "depreciationAmortization": 153,
        "dilutedAverageSharesOutstanding": 185,
        "dilutedEPS": 0.78,
        "ebit": 263,
        "interestExpense": 99,
        "interestIncomeExpense": -99,
        "minorityInterest": 0,
        "netIncome": 145,
        "netIncomeAfterTaxes": 145,
        "nonRecurringItems": 0,
        "operationsMaintenance": 429,
        "otherOperatingExpensesTotal": 78,
        "period": "2020-12-31",
        "pretaxIncome": 181,
        "provisionforIncomeTaxes": 36,
        "revenue": 923,
        "totalOperatingExpense": 660,
        "totalOtherIncomeExpenseNet": 17
      },
      {
        "depreciationAmortization": 154,
        "dilutedAverageSharesOutstanding": 182,
        "dilutedEPS": 1.45,
        "ebit": 433,
        "interestExpense": 101,
        "interestIncomeExpense": -99,
        "netIncome": 264,
        "netIncomeAfterTaxes": 264,
        "nonRecurringItems": 0,
        "operationsMaintenance": 419,
        "otherOperatingExpensesTotal": 73,
        "period": "2020-09-30",
        "pretaxIncome": 352,
        "provisionforIncomeTaxes": 88,
        "revenue": 1079,
        "totalOperatingExpense": 646,
        "totalOtherIncomeExpenseNet": 18
      },
      {
        "depreciationAmortization": 152,
        "dilutedAverageSharesOutstanding": 181,
        "dilutedEPS": 0.97,
        "ebit": 313,
        "interestExpense": 96,
        "interestIncomeExpense": -101,
        "netIncome": 176,
        "netIncomeAfterTaxes": 176,
        "nonRecurringItems": 0,
        "operationsMaintenance": 391,
        "otherOperatingExpensesTotal": 75,
        "period": "2020-06-30",
        "pretaxIncome": 232,
        "provisionforIncomeTaxes": 56,
        "revenue": 931,
        "totalOperatingExpense": 618,
        "totalOtherIncomeExpenseNet": 20
      },
      {
        "depreciationAmortization": 145,
        "dilutedAverageSharesOutstanding": 181,
        "dilutedEPS": 0.69,
        "ebit": 239,
        "interestExpense": 102,
        "interestIncomeExpense": -96,
        "netIncome": 124,
        "netIncomeAfterTaxes": 124,
        "nonRecurringItems": 0,
        "operationsMaintenance": 383,
        "otherOperatingExpensesTotal": 77,
        "period": "2020-03-31",
        "pretaxIncome": 159,
        "provisionforIncomeTaxes": 35,
        "revenue": 844,
        "totalOperatingExpense": 605,
        "totalOtherIncomeExpenseNet": 16
      },
      {
        "depreciationAmortization": 152,
        "dilutedAverageSharesOutstanding": 181,
        "dilutedEPS": 0.54,
        "ebit": 268,
        "interestExpense": 97,
        "interestIncomeExpense": -98,
        "netIncome": 98,
        "netIncomeAfterTaxes": 98,
        "nonRecurringItems": -44,
        "operationsMaintenance": 412,
        "otherOperatingExpensesTotal": 70,
        "period": "2019-12-31",
        "pretaxIncome": 136,
        "provisionforIncomeTaxes": 38,
        "revenue": 902,
        "totalOperatingExpense": 634,
        "totalOtherIncomeExpenseNet": 10
      },
      {
        "depreciationAmortization": 144,
        "dilutedAverageSharesOutstanding": 181,
        "dilutedEPS": 1.33,
        "ebit": 406,
        "interestExpense": 94,
        "interestIncomeExpense": -97,
        "minorityInterest": 0,
        "netIncome": 240,
        "netIncomeAfterTaxes": 240,
        "nonRecurringItems": 0,
        "operationsMaintenance": 395,
        "otherOperatingExpensesTotal": 68,
        "period": "2019-09-30",
        "pretaxIncome": 318,
        "provisionforIncomeTaxes": 78,
        "revenue": 1013,
        "totalOperatingExpense": 607,
        "totalOtherIncomeExpenseNet": 9
      },
      {
        "depreciationAmortization": 142,
        "dilutedAverageSharesOutstanding": 181,
        "dilutedEPS": 0.94,
        "ebit": 296,
        "interestExpense": 93,
        "interestIncomeExpense": -94,
        "netIncome": 170,
        "netIncomeAfterTaxes": 170,
        "nonRecurringItems": 6,
        "operationsMaintenance": 372,
        "otherOperatingExpensesTotal": 72,
        "period": "2019-06-30",
        "pretaxIncome": 227,
        "provisionforIncomeTaxes": 57,
        "revenue": 882,
        "totalOperatingExpense": 586,
        "totalOtherIncomeExpenseNet": 19
      },
      {
        "depreciationAmortization": 144,
        "dilutedAverageSharesOutstanding": 181,
        "dilutedEPS": 0.62,
        "ebit": 235,
        "interestExpense": 91,
        "interestIncomeExpense": -93,
        "netIncome": 113,
        "netIncomeAfterTaxes": 113,
        "nonRecurringItems": 3,
        "operationsMaintenance": 365,
        "otherOperatingExpensesTotal": 69,
        "period": "2019-03-31",
        "pretaxIncome": 152,
        "provisionforIncomeTaxes": 39,
        "revenue": 813,
        "totalOperatingExpense": 578,
        "totalOtherIncomeExpenseNet": 7
      },
      {
        "depreciationAmortization": 141,
        "dilutedAverageSharesOutstanding": 180,
        "dilutedEPS": 0.63,
        "ebit": 248,
        "interestExpense": 89,
        "interestIncomeExpense": -91,
        "minorityInterest": 0,
        "netIncome": 114,
        "netIncomeAfterTaxes": 124,
        "nonRecurringItems": -2,
        "operationsMaintenance": 394,
        "otherOperatingExpensesTotal": 67,
        "period": "2018-12-31",
        "pretaxIncome": 170,
        "provisionforIncomeTaxes": 46,
        "revenue": 850,
        "totalOperatingExpense": 602,
        "totalOtherIncomeExpenseNet": 15
      },
      {
        "depreciationAmortization": 141,
        "dilutedAverageSharesOutstanding": 181,
        "dilutedEPS": 1.02,
        "ebit": 374,
        "interestExpense": 86,
        "interestIncomeExpense": -89,
        "minorityInterest": 2,
        "netIncome": 185,
        "netIncomeAfterTaxes": 185,
        "nonRecurringItems": -41,
        "operationsMaintenance": 390,
        "otherOperatingExpensesTotal": 71,
        "period": "2018-09-30",
        "pretaxIncome": 255,
        "provisionforIncomeTaxes": 70,
        "revenue": 976,
        "totalOperatingExpense": 602,
        "totalOtherIncomeExpenseNet": 11
      },
      {
        "depreciationAmortization": 134,
        "dilutedAverageSharesOutstanding": 179,
        "dilutedEPS": 0.91,
        "ebit": 302,
        "interestExpense": 84,
        "interestIncomeExpense": -86,
        "netIncome": 162,
        "netIncomeAfterTaxes": 162,
        "nonRecurringItems": 0,
        "operationsMaintenance": 348,
        "otherOperatingExpensesTotal": 69,
        "period": "2018-06-30",
        "pretaxIncome": 222,
        "provisionforIncomeTaxes": 60,
        "revenue": 853,
        "totalOperatingExpense": 551,
        "totalOtherIncomeExpenseNet": 6
      },
      {
        "depreciationAmortization": 129,
        "dilutedAverageSharesOutstanding": 179,
        "dilutedEPS": 0.59,
        "ebit": 215,
        "interestExpense": 83,
        "interestIncomeExpense": -84,
        "netIncome": 106,
        "netIncomeAfterTaxes": 106,
        "nonRecurringItems": 2,
        "operationsMaintenance": 347,
        "otherOperatingExpensesTotal": 70,
        "period": "2018-03-31",
        "pretaxIncome": 140,
        "provisionforIncomeTaxes": 34,
        "revenue": 761,
        "totalOperatingExpense": 546,
        "totalOtherIncomeExpenseNet": 7
      },
      {
        "depreciationAmortization": 114,
        "dilutedAverageSharesOutstanding": 178,
        "dilutedEPS": 0,
        "ebit": 281,
        "interestExpense": 89,
        "interestIncomeExpense": -83,
        "minorityInterest": 0,
        "netIncome": -1,
        "netIncomeAfterTaxes": 124,
        "nonRecurringItems": 6,
        "operationsMaintenance": 359,
        "otherOperatingExpensesTotal": 67,
        "period": "2017-12-31",
        "pretaxIncome": 201,
        "provisionforIncomeTaxes": 77,
        "revenue": 821,
        "totalOperatingExpense": 540,
        "totalOtherIncomeExpenseNet": -3
      },
      {
        "depreciationAmortization": 128,
        "dilutedAverageSharesOutstanding": 179,
        "dilutedEPS": 1.13,
        "ebit": 423,
        "interestExpense": 85,
        "interestIncomeExpense": -89,
        "netIncome": 203,
        "netIncomeAfterTaxes": 203,
        "nonRecurringItems": 1,
        "operationsMaintenance": 324,
        "otherOperatingExpensesTotal": 61,
        "period": "2017-09-30",
        "pretaxIncome": 340,
        "provisionforIncomeTaxes": 137,
        "revenue": 936,
        "totalOperatingExpense": 513,
        "totalOtherIncomeExpenseNet": 5
      },
      {
        "depreciationAmortization": 126,
        "dilutedAverageSharesOutstanding": 179,
        "dilutedEPS": 0.73,
        "ebit": 306,
        "interestExpense": 85,
        "interestIncomeExpense": -85,
        "netIncome": 131,
        "netIncomeAfterTaxes": 131,
        "nonRecurringItems": 2,
        "operationsMaintenance": 349,
        "otherOperatingExpensesTotal": 63,
        "period": "2017-06-30",
        "pretaxIncome": 226,
        "provisionforIncomeTaxes": 95,
        "revenue": 844,
        "totalOperatingExpense": 538,
        "totalOtherIncomeExpenseNet": 3
      },
      {
        "depreciationAmortization": 124,
        "dilutedAverageSharesOutstanding": 179,
        "dilutedEPS": 0.52,
        "ebit": 227,
        "interestExpense": 83,
        "interestIncomeExpense": -85,
        "netIncome": 93,
        "netIncomeAfterTaxes": 93,
        "nonRecurringItems": 0,
        "operationsMaintenance": 337,
        "otherOperatingExpensesTotal": 68,
        "period": "2017-03-31",
        "pretaxIncome": 145,
        "provisionforIncomeTaxes": 52,
        "revenue": 756,
        "totalOperatingExpense": 529,
        "totalOtherIncomeExpenseNet": 3
      },
      {
        "depreciationAmortization": 120,
        "dilutedAverageSharesOutstanding": 179,
        "dilutedEPS": 0.56,
        "ebit": 251,
        "interestExpense": 81,
        "interestIncomeExpense": -83,
        "netIncome": 101,
        "netIncomeAfterTaxes": 101,
        "nonRecurringItems": 2,
        "operationsMaintenance": 368,
        "otherOperatingExpensesTotal": 63,
        "period": "2016-12-31",
        "pretaxIncome": 166,
        "provisionforIncomeTaxes": 65,
        "revenue": 802,
        "totalOperatingExpense": 551,
        "totalOtherIncomeExpenseNet": -4
      },
      {
        "depreciationAmortization": 119,
        "dilutedAverageSharesOutstanding": 178,
        "dilutedEPS": 0.83,
        "ebit": 314,
        "interestExpense": 81,
        "interestIncomeExpense": -81,
        "netIncome": 148,
        "netIncomeAfterTaxes": 148,
        "nonRecurringItems": 5,
        "operationsMaintenance": 432,
        "otherOperatingExpensesTotal": 65,
        "period": "2016-09-30",
        "pretaxIncome": 243,
        "provisionforIncomeTaxes": 95,
        "revenue": 930,
        "totalOperatingExpense": 616,
        "totalOtherIncomeExpenseNet": 5
      },
      {
        "depreciationAmortization": 115,
        "dilutedAverageSharesOutstanding": 178,
        "dilutedEPS": 0.77,
        "ebit": 297,
        "interestExpense": 80,
        "interestIncomeExpense": -81,
        "netIncome": 137,
        "netIncomeAfterTaxes": 137,
        "nonRecurringItems": 2,
        "operationsMaintenance": 351,
        "otherOperatingExpensesTotal": 64,
        "period": "2016-06-30",
        "pretaxIncome": 225,
        "provisionforIncomeTaxes": 88,
        "revenue": 827,
        "totalOperatingExpense": 530,
        "totalOtherIncomeExpenseNet": 7
      },
      {
        "depreciationAmortization": 116,
        "dilutedAverageSharesOutstanding": 179,
        "dilutedEPS": 0.46,
        "ebit": 213,
        "interestExpense": 79.27,
        "interestIncomeExpense": -80,
        "netIncome": 82,
        "netIncomeAfterTaxes": 82,
        "nonRecurringItems": 1,
        "operationsMaintenance": 348,
        "otherOperatingExpensesTotal": 66,
        "period": "2016-03-31",
        "pretaxIncome": 136,
        "provisionforIncomeTaxes": 54,
        "revenue": 743,
        "totalOperatingExpense": 530,
        "totalOtherIncomeExpenseNet": 2
      },
      {
        "depreciationAmortization": 112.5,
        "dilutedAverageSharesOutstanding": 179,
        "dilutedEPS": 0.55,
        "ebit": 231.4,
        "interestExpense": 71.897,
        "interestIncomeExpense": -79.3,
        "netIncome": 99.1,
        "netIncomeAfterTaxes": 99,
        "nonRecurringItems": 0.5,
        "operationsMaintenance": 379.9,
        "otherOperatingExpensesTotal": 58.8,
        "period": "2015-12-31",
        "pretaxIncome": 157.8,
        "provisionforIncomeTaxes": 58.8,
        "revenue": 782.6,
        "totalOperatingExpense": 551.2,
        "totalOtherIncomeExpenseNet": 5.2
      },
      {
        "depreciationAmortization": 111.2,
        "dilutedAverageSharesOutstanding": 180.4,
        "dilutedEPS": 0.96,
        "ebit": 361.1,
        "interestExpense": 71.044,
        "interestIncomeExpense": -71.9,
        "netIncome": 173.8,
        "netIncomeAfterTaxes": 173.9,
        "nonRecurringItems": 0.2,
        "operationsMaintenance": 363.6,
        "otherOperatingExpensesTotal": 60.3,
        "period": "2015-09-30",
        "pretaxIncome": 287.1,
        "provisionforIncomeTaxes": 113.2,
        "revenue": 896.2,
        "totalOperatingExpense": 535.1,
        "totalOtherIncomeExpenseNet": -2.3
      }
    ],
    "symbol": "AWK"
  }
}