{
  "symbol": "EMN",
  "statement": "ic",
  "frequency": "quarterly",
  "timestamp": "2025-09-19T13:59:30.981571",
  "data": {
    "financials": [
      {
        "costOfGoodsSold": 1781,
        "dilutedAverageSharesOutstanding": 116.2,
        "dilutedEPS": 1.2048,
        "ebit": 280,
        "grossIncome": 506,
        "interestExpense": 56,
        "interestIncomeExpense": -58,
        "minorityInterest": 0,
        "netIncome": 140,
        "netIncomeAfterTaxes": 140,
        "nonRecurringItems": -53,
        "otherOperatingExpensesTotal": 2,
        "period": "2025-06-30",
        "pretaxIncome": 169,
        "provisionforIncomeTaxes": 29,
        "researchDevelopment": 67,
        "revenue": 2287,
        "sgaExpense": 157,
        "totalOperatingExpense": 226
      },
      {
        "costOfGoodsSold": 1723,
        "dilutedAverageSharesOutstanding": 116.5,
        "dilutedEPS": 1.5622,
        "ebit": 312,
        "grossIncome": 567,
        "interestExpense": 53,
        "interestIncomeExpense": -50,
        "minorityInterest": -1,
        "netIncome": 182,
        "netIncomeAfterTaxes": 183,
        "nonRecurringItems": -9,
        "otherOperatingExpensesTotal": 6,
        "period": "2025-03-31",
        "pretaxIncome": 253,
        "provisionforIncomeTaxes": 70,
        "researchDevelopment": 67,
        "revenue": 2290,
        "sgaExpense": 182,
        "totalOperatingExpense": 255
      },
      {
        "costOfGoodsSold": 1691,
        "dilutedAverageSharesOutstanding": 116.7,
        "dilutedEPS": 2.8278,
        "ebit": 362,
        "grossIncome": 554,
        "interestExpense": 56,
        "interestIncomeExpense": -55,
        "minorityInterest": -1,
        "netIncome": 330,
        "netIncomeAfterTaxes": 331,
        "nonRecurringItems": -10,
        "otherOperatingExpensesTotal": -56,
        "period": "2024-12-31",
        "pretaxIncome": 297,
        "provisionforIncomeTaxes": -34,
        "researchDevelopment": 66,
        "revenue": 2245,
        "sgaExpense": 182,
        "totalOperatingExpense": 192
      },
      {
        "costOfGoodsSold": 1859,
        "dilutedAverageSharesOutstanding": 117.8,
        "dilutedEPS": 1.528,
        "ebit": 359,
        "grossIncome": 605,
        "interestExpense": 53,
        "interestIncomeExpense": -49,
        "minorityInterest": -1,
        "netIncome": 180,
        "netIncomeAfterTaxes": 181,
        "nonRecurringItems": -30,
        "otherOperatingExpensesTotal": -2,
        "period": "2024-09-30",
        "pretaxIncome": 280,
        "provisionforIncomeTaxes": 99,
        "researchDevelopment": 65,
        "revenue": 2464,
        "sgaExpense": 183,
        "totalOperatingExpense": 246
      },
      {
        "costOfGoodsSold": 1764,
        "dilutedAverageSharesOutstanding": 118.6,
        "dilutedEPS": 1.9393,
        "ebit": 340,
        "grossIncome": 599,
        "interestExpense": 54,
        "interestIncomeExpense": -53,
        "minorityInterest": -1,
        "netIncome": 230,
        "netIncomeAfterTaxes": 231,
        "nonRecurringItems": 0,
        "otherOperatingExpensesTotal": 19,
        "period": "2024-06-30",
        "pretaxIncome": 287,
        "provisionforIncomeTaxes": 56,
        "researchDevelopment": 60,
        "revenue": 2363,
        "sgaExpense": 180,
        "totalOperatingExpense": 259
      },
      {
        "costOfGoodsSold": 1778,
        "dilutedAverageSharesOutstanding": 118.2,
        "dilutedEPS": 1.3959,
        "ebit": 279,
        "grossIncome": 532,
        "interestExpense": 53,
        "interestIncomeExpense": -54,
        "minorityInterest": 0,
        "netIncome": 165,
        "netIncomeAfterTaxes": 165,
        "nonRecurringItems": -11,
        "otherOperatingExpensesTotal": 3,
        "period": "2024-03-31",
        "pretaxIncome": 214,
        "provisionforIncomeTaxes": 49,
        "researchDevelopment": 59,
        "revenue": 2310,
        "sgaExpense": 191,
        "totalOperatingExpense": 253
      },
      {
        "costOfGoodsSold": 1743,
        "dilutedAverageSharesOutstanding": 119.1,
        "dilutedEPS": 2.6029,
        "ebit": 157,
        "grossIncome": 464,
        "interestExpense": 54,
        "interestIncomeExpense": -40,
        "minorityInterest": -1,
        "netIncome": 310,
        "netIncomeAfterTaxes": 311,
        "nonRecurringItems": 308,
        "otherOperatingExpensesTotal": 59,
        "period": "2023-12-31",
        "pretaxIncome": 425,
        "provisionforIncomeTaxes": 114,
        "researchDevelopment": 57,
        "revenue": 2207,
        "sgaExpense": 191,
        "totalOperatingExpense": 307
      },
      {
        "costOfGoodsSold": 1783,
        "dilutedAverageSharesOutstanding": 119,
        "dilutedEPS": 1.4958,
        "ebit": 259,
        "grossIncome": 484,
        "interestExpense": 59,
        "interestIncomeExpense": -60,
        "minorityInterest": -1,
        "netIncome": 178,
        "netIncomeAfterTaxes": 179,
        "nonRecurringItems": 0,
        "otherOperatingExpensesTotal": 5,
        "period": "2023-09-30",
        "pretaxIncome": 199,
        "provisionforIncomeTaxes": 20,
        "researchDevelopment": 60,
        "revenue": 2267,
        "sgaExpense": 160,
        "totalOperatingExpense": 225
      },
      {
        "costOfGoodsSold": 1740,
        "dilutedAverageSharesOutstanding": 119.6,
        "dilutedEPS": 2.2743,
        "ebit": 325,
        "grossIncome": 584,
        "interestExpense": 57,
        "interestIncomeExpense": -56,
        "minorityInterest": 0,
        "netIncome": 272,
        "netIncomeAfterTaxes": 272,
        "nonRecurringItems": 0,
        "otherOperatingExpensesTotal": 14,
        "period": "2023-06-30",
        "pretaxIncome": 269,
        "provisionforIncomeTaxes": -3,
        "researchDevelopment": 60,
        "revenue": 2324,
        "sgaExpense": 185,
        "totalOperatingExpense": 259
      },
      {
        "costOfGoodsSold": 1883,
        "dilutedAverageSharesOutstanding": 119.7,
        "dilutedEPS": 1.1195,
        "ebit": 276,
        "grossIncome": 529,
        "interestExpense": 55,
        "interestIncomeExpense": -60,
        "minorityInterest": 0,
        "netIncome": 134,
        "netIncomeAfterTaxes": 134,
        "nonRecurringItems": -22,
        "otherOperatingExpensesTotal": 0,
        "period": "2023-03-31",
        "pretaxIncome": 194,
        "provisionforIncomeTaxes": 60,
        "researchDevelopment": 62,
        "revenue": 2412,
        "sgaExpense": 191,
        "totalOperatingExpense": 253
      },
      {
        "costOfGoodsSold": 1997,
        "dilutedAverageSharesOutstanding": 120.4,
        "dilutedEPS": 0.0083,
        "ebit": 154,
        "grossIncome": 376,
        "interestExpense": 51,
        "interestIncomeExpense": -47,
        "minorityInterest": -1,
        "netIncome": 1,
        "netIncomeAfterTaxes": 2,
        "nonRecurringItems": -79,
        "otherOperatingExpensesTotal": -14,
        "period": "2022-12-31",
        "pretaxIncome": 28,
        "provisionforIncomeTaxes": 26,
        "researchDevelopment": 64,
        "revenue": 2373,
        "sgaExpense": 172,
        "totalOperatingExpense": 222
      },
      {
        "costOfGoodsSold": 2168,
        "dilutedAverageSharesOutstanding": 122.3,
        "dilutedEPS": 2.4612,
        "ebit": 334,
        "grossIncome": 541,
        "interestExpense": 45,
        "interestIncomeExpense": -48,
        "minorityInterest": 0,
        "netIncome": 301,
        "netIncomeAfterTaxes": 301,
        "nonRecurringItems": -5,
        "otherOperatingExpensesTotal": -34,
        "period": "2022-09-30",
        "pretaxIncome": 281,
        "provisionforIncomeTaxes": -20,
        "researchDevelopment": 68,
        "revenue": 2709,
        "sgaExpense": 173,
        "totalOperatingExpense": 207
      },
      {
        "costOfGoodsSold": 2114,
        "dilutedAverageSharesOutstanding": 126.4,
        "dilutedEPS": 2.0253,
        "ebit": 444,
        "grossIncome": 670,
        "interestExpense": 45,
        "interestIncomeExpense": -49,
        "minorityInterest": -1,
        "netIncome": 256,
        "netIncomeAfterTaxes": 257,
        "nonRecurringItems": -14,
        "otherOperatingExpensesTotal": -24,
        "period": "2022-06-30",
        "pretaxIncome": 381,
        "provisionforIncomeTaxes": 124,
        "researchDevelopment": 67,
        "revenue": 2784,
        "sgaExpense": 183,
        "totalOperatingExpense": 226
      },
      {
        "costOfGoodsSold": 2164,
        "dilutedAverageSharesOutstanding": 130.7,
        "dilutedEPS": 1.798,
        "ebit": 330,
        "grossIncome": 550,
        "interestExpense": 47,
        "interestIncomeExpense": -35,
        "minorityInterest": -1,
        "netIncome": 235,
        "netIncomeAfterTaxes": 236,
        "nonRecurringItems": -8,
        "otherOperatingExpensesTotal": -32,
        "period": "2022-03-31",
        "pretaxIncome": 287,
        "provisionforIncomeTaxes": 51,
        "researchDevelopment": 65,
        "revenue": 2714,
        "sgaExpense": 187,
        "totalOperatingExpense": 220
      },
      {
        "costOfGoodsSold": 2135,
        "dilutedAverageSharesOutstanding": 135.6,
        "dilutedEPS": 2.7876,
        "ebit": 592,
        "grossIncome": 559,
        "interestExpense": 49,
        "interestIncomeExpense": -47,
        "minorityInterest": -2,
        "netIncome": 378,
        "netIncomeAfterTaxes": 380,
        "nonRecurringItems": -16,
        "otherOperatingExpensesTotal": -308,
        "period": "2021-12-31",
        "pretaxIncome": 529,
        "provisionforIncomeTaxes": 149,
        "researchDevelopment": 67,
        "revenue": 2694,
        "sgaExpense": 208,
        "totalOperatingExpense": -33
      },
      {
        "costOfGoodsSold": 2058,
        "dilutedAverageSharesOutstanding": 137,
        "dilutedEPS": 2.562,
        "ebit": 436,
        "grossIncome": 662,
        "interestExpense": 50,
        "interestIncomeExpense": -48,
        "minorityInterest": -3,
        "netIncome": 351,
        "netIncomeAfterTaxes": 354,
        "nonRecurringItems": -67,
        "otherOperatingExpensesTotal": -41,
        "period": "2021-09-30",
        "pretaxIncome": 321,
        "provisionforIncomeTaxes": -33,
        "researchDevelopment": 66,
        "revenue": 2720,
        "sgaExpense": 201,
        "totalOperatingExpense": 226
      },
      {
        "costOfGoodsSold": 1972,
        "dilutedAverageSharesOutstanding": 135.9,
        "dilutedEPS": -1.0743,
        "ebit": 452,
        "grossIncome": 681,
        "interestExpense": 51,
        "interestIncomeExpense": -49,
        "minorityInterest": -2,
        "netIncome": -146,
        "netIncomeAfterTaxes": -144,
        "nonRecurringItems": -510,
        "otherOperatingExpensesTotal": -36,
        "period": "2021-06-30",
        "pretaxIncome": -107,
        "provisionforIncomeTaxes": 37,
        "researchDevelopment": 63,
        "revenue": 2653,
        "sgaExpense": 202,
        "totalOperatingExpense": 229
      },
      {
        "costOfGoodsSold": 1811,
        "dilutedAverageSharesOutstanding": 137.6,
        "dilutedEPS": 1.99,
        "ebit": 394,
        "grossIncome": 598,
        "interestExpense": 51,
        "interestIncomeExpense": -48,
        "minorityInterest": -3,
        "netIncome": 274,
        "netIncomeAfterTaxes": 277,
        "nonRecurringItems": -7,
        "otherOperatingExpensesTotal": -38,
        "period": "2021-03-31",
        "pretaxIncome": 339,
        "provisionforIncomeTaxes": 62,
        "researchDevelopment": 58,
        "revenue": 2409,
        "sgaExpense": 184,
        "totalOperatingExpense": 204
      },
      {
        "costOfGoodsSold": 1660,
        "depreciationAmortization": 1,
        "dilutedAverageSharesOutstanding": 136.8,
        "dilutedEPS": 0.23,
        "ebit": 84,
        "grossIncome": 526,
        "interestExpense": 52,
        "interestIncomeExpense": -48,
        "minorityInterest": -2,
        "netIncome": 32,
        "netIncomeAfterTaxes": 34,
        "nonRecurringItems": -11,
        "otherOperatingExpensesTotal": 210,
        "period": "2020-12-31",
        "pretaxIncome": 25,
        "provisionforIncomeTaxes": -9,
        "researchDevelopment": 57,
        "revenue": 2186,
        "sgaExpense": 174,
        "totalOperatingExpense": 442
      },
      {
        "costOfGoodsSold": 1621,
        "depreciationAmortization": 7,
        "dilutedAverageSharesOutstanding": 136.3,
        "dilutedEPS": 1.18,
        "ebit": 301,
        "grossIncome": 501,
        "interestExpense": 54,
        "interestIncomeExpense": -57,
        "minorityInterest": -4,
        "netIncome": 161,
        "netIncomeAfterTaxes": 165,
        "nonRecurringItems": -54,
        "otherOperatingExpensesTotal": -28,
        "period": "2020-09-30",
        "pretaxIncome": 190,
        "provisionforIncomeTaxes": 25,
        "researchDevelopment": 56,
        "revenue": 2122,
        "sgaExpense": 165,
        "totalOperatingExpense": 200
      },
      {
        "costOfGoodsSold": 1553,
        "dilutedAverageSharesOutstanding": 136.1,
        "dilutedEPS": 0.2,
        "ebit": 195,
        "grossIncome": 371,
        "interestExpense": 55,
        "interestIncomeExpense": -55,
        "minorityInterest": -3,
        "netIncome": 27,
        "netIncomeAfterTaxes": 30,
        "nonRecurringItems": -141,
        "otherOperatingExpensesTotal": -31,
        "period": "2020-06-30",
        "pretaxIncome": -1,
        "provisionforIncomeTaxes": -31,
        "researchDevelopment": 52,
        "revenue": 1924,
        "sgaExpense": 155,
        "totalOperatingExpense": 176
      },
      {
        "costOfGoodsSold": 1664,
        "dilutedAverageSharesOutstanding": 136.5,
        "dilutedEPS": 1.89,
        "ebit": 384,
        "grossIncome": 577,
        "interestExpense": 53,
        "interestIncomeExpense": -54,
        "minorityInterest": -2,
        "netIncome": 258,
        "netIncomeAfterTaxes": 260,
        "nonRecurringItems": -14,
        "otherOperatingExpensesTotal": -28,
        "period": "2020-03-31",
        "pretaxIncome": 316,
        "provisionforIncomeTaxes": 56,
        "researchDevelopment": 61,
        "revenue": 2241,
        "sgaExpense": 160,
        "totalOperatingExpense": 193
      },
      {
        "costOfGoodsSold": 1708,
        "dilutedAverageSharesOutstanding": 137.3,
        "dilutedEPS": 0.19,
        "ebit": 137,
        "grossIncome": 497,
        "interestExpense": 54,
        "interestIncomeExpense": -54,
        "minorityInterest": -1,
        "netIncome": 26,
        "netIncomeAfterTaxes": 27,
        "nonRecurringItems": -74,
        "otherOperatingExpensesTotal": 124,
        "period": "2019-12-31",
        "pretaxIncome": 9,
        "provisionforIncomeTaxes": -18,
        "researchDevelopment": 60,
        "revenue": 2205,
        "sgaExpense": 176,
        "totalOperatingExpense": 360
      },
      {
        "costOfGoodsSold": 1751,
        "dilutedAverageSharesOutstanding": 137.8,
        "dilutedEPS": 1.93,
        "ebit": 371,
        "grossIncome": 574,
        "interestExpense": 55,
        "interestIncomeExpense": -56,
        "minorityInterest": -1,
        "netIncome": 266,
        "netIncomeAfterTaxes": 267,
        "nonRecurringItems": -2,
        "otherOperatingExpensesTotal": -19,
        "period": "2019-09-30",
        "pretaxIncome": 313,
        "provisionforIncomeTaxes": 46,
        "researchDevelopment": 59,
        "revenue": 2325,
        "sgaExpense": 163,
        "totalOperatingExpense": 203
      },
      {
        "costOfGoodsSold": 1774,
        "dilutedAverageSharesOutstanding": 139.1,
        "dilutedEPS": 1.85,
        "ebit": 388,
        "grossIncome": 589,
        "interestExpense": 55,
        "interestIncomeExpense": -54,
        "minorityInterest": -1,
        "netIncome": 258,
        "netIncomeAfterTaxes": 259,
        "nonRecurringItems": -18,
        "otherOperatingExpensesTotal": -21,
        "period": "2019-06-30",
        "pretaxIncome": 316,
        "provisionforIncomeTaxes": 57,
        "researchDevelopment": 57,
        "revenue": 2363,
        "sgaExpense": 165,
        "totalOperatingExpense": 201
      },
      {
        "costOfGoodsSold": 1806,
        "dilutedAverageSharesOutstanding": 140.1,
        "dilutedEPS": 1.49,
        "ebit": 349,
        "grossIncome": 574,
        "interestExpense": 57,
        "interestIncomeExpense": -53,
        "minorityInterest": 0,
        "netIncome": 209,
        "netIncomeAfterTaxes": 209,
        "nonRecurringItems": -32,
        "otherOperatingExpensesTotal": -20,
        "period": "2019-03-31",
        "pretaxIncome": 264,
        "provisionforIncomeTaxes": 55,
        "researchDevelopment": 58,
        "revenue": 2380,
        "sgaExpense": 187,
        "totalOperatingExpense": 225
      },
      {
        "costOfGoodsSold": 1910,
        "dilutedAverageSharesOutstanding": 140.5,
        "dilutedEPS": 0.24,
        "ebit": 171,
        "grossIncome": 466,
        "interestExpense": 57,
        "interestIncomeExpense": -54,
        "minorityInterest": -1,
        "netIncome": 34,
        "netIncomeAfterTaxes": 11,
        "nonRecurringItems": -46,
        "otherOperatingExpensesTotal": 69,
        "period": "2018-12-31",
        "pretaxIncome": 71,
        "provisionforIncomeTaxes": 60,
        "researchDevelopment": 59,
        "revenue": 2376,
        "sgaExpense": 167,
        "totalOperatingExpense": 295
      },
      {
        "costOfGoodsSold": 1819,
        "dilutedAverageSharesOutstanding": 142.4,
        "dilutedEPS": 2.89,
        "ebit": 521,
        "grossIncome": 728,
        "interestExpense": 58,
        "interestIncomeExpense": -61,
        "minorityInterest": -1,
        "netIncome": 412,
        "netIncomeAfterTaxes": 427,
        "nonRecurringItems": -1,
        "otherOperatingExpensesTotal": -27,
        "period": "2018-09-30",
        "pretaxIncome": 459,
        "provisionforIncomeTaxes": 32,
        "researchDevelopment": 60,
        "revenue": 2547,
        "sgaExpense": 174,
        "totalOperatingExpense": 207
      },
      {
        "costOfGoodsSold": 1917,
        "dilutedAverageSharesOutstanding": 144,
        "dilutedEPS": 2.38,
        "ebit": 488,
        "grossIncome": 704,
        "interestExpense": 63,
        "interestIncomeExpense": -61,
        "minorityInterest": -2,
        "netIncome": 344,
        "netIncomeAfterTaxes": 336,
        "nonRecurringItems": 3,
        "otherOperatingExpensesTotal": -30,
        "period": "2018-06-30",
        "pretaxIncome": 430,
        "provisionforIncomeTaxes": 94,
        "researchDevelopment": 60,
        "revenue": 2621,
        "sgaExpense": 186,
        "totalOperatingExpense": 216
      },
      {
        "costOfGoodsSold": 2026,
        "dilutedAverageSharesOutstanding": 144.8,
        "dilutedEPS": 2,
        "ebit": 367,
        "grossIncome": 581,
        "interestExpense": 60,
        "interestIncomeExpense": -54,
        "minorityInterest": 0,
        "netIncome": 290,
        "netIncomeAfterTaxes": 290,
        "nonRecurringItems": 37,
        "otherOperatingExpensesTotal": -29,
        "period": "2018-03-31",
        "pretaxIncome": 350,
        "provisionforIncomeTaxes": 60,
        "researchDevelopment": 56,
        "revenue": 2607,
        "sgaExpense": 187,
        "totalOperatingExpense": 214
      },
      {
        "costOfGoodsSold": 1905,
        "dilutedAverageSharesOutstanding": 144.9,
        "dilutedEPS": 3.38,
        "ebit": 262,
        "grossIncome": 457,
        "interestExpense": 60,
        "interestIncomeExpense": -59,
        "minorityInterest": 0,
        "netIncome": 491,
        "netIncomeAfterTaxes": 152,
        "nonRecurringItems": -17,
        "otherOperatingExpensesTotal": -47,
        "period": "2017-12-31",
        "pretaxIncome": 186,
        "provisionforIncomeTaxes": 34,
        "researchDevelopment": 53,
        "revenue": 2362,
        "sgaExpense": 189,
        "totalOperatingExpense": 195
      },
      {
        "costOfGoodsSold": 1794,
        "dilutedAverageSharesOutstanding": 145.5,
        "dilutedEPS": 2.22,
        "ebit": 458,
        "grossIncome": 671,
        "interestExpense": 62,
        "interestIncomeExpense": -58,
        "minorityInterest": -1,
        "netIncome": 323,
        "netIncomeAfterTaxes": 324,
        "nonRecurringItems": 3,
        "otherOperatingExpensesTotal": -26,
        "period": "2017-09-30",
        "pretaxIncome": 403,
        "provisionforIncomeTaxes": 79,
        "researchDevelopment": 59,
        "revenue": 2465,
        "sgaExpense": 180,
        "totalOperatingExpense": 213
      },
      {
        "costOfGoodsSold": 1789,
        "dilutedAverageSharesOutstanding": 146.4,
        "dilutedEPS": 1.99,
        "ebit": 420,
        "grossIncome": 630,
        "interestExpense": 61,
        "interestIncomeExpense": -61,
        "minorityInterest": -2,
        "netIncome": 292,
        "netIncomeAfterTaxes": 294,
        "nonRecurringItems": 0,
        "otherOperatingExpensesTotal": -29,
        "period": "2017-06-30",
        "pretaxIncome": 359,
        "provisionforIncomeTaxes": 65,
        "researchDevelopment": 58,
        "revenue": 2419,
        "sgaExpense": 181,
        "totalOperatingExpense": 210
      },
      {
        "costOfGoodsSold": 1698,
        "dilutedAverageSharesOutstanding": 147.2,
        "dilutedEPS": 1.89,
        "ebit": 397,
        "grossIncome": 605,
        "interestExpense": 61,
        "interestIncomeExpense": -56,
        "minorityInterest": -1,
        "netIncome": 278,
        "netIncomeAfterTaxes": 279,
        "nonRecurringItems": 0,
        "otherOperatingExpensesTotal": -28,
        "period": "2017-03-31",
        "pretaxIncome": 341,
        "provisionforIncomeTaxes": 62,
        "researchDevelopment": 57,
        "revenue": 2303,
        "sgaExpense": 179,
        "totalOperatingExpense": 208
      },
      {
        "costOfGoodsSold": 1698,
        "dilutedAverageSharesOutstanding": 147.8,
        "dilutedEPS": 0.78,
        "ebit": 269,
        "grossIncome": 490,
        "interestExpense": 46,
        "interestIncomeExpense": -67,
        "minorityInterest": -2,
        "netIncome": 116,
        "netIncomeAfterTaxes": 118,
        "nonRecurringItems": -93,
        "period": "2016-12-31",
        "pretaxIncome": 113,
        "provisionforIncomeTaxes": -5,
        "researchDevelopment": 56,
        "revenue": 2188,
        "sgaExpense": 165,
        "totalOperatingExpense": 221,
        "totalOtherIncomeExpenseNet": 4
      },
      {
        "costOfGoodsSold": 1666,
        "dilutedAverageSharesOutstanding": 148.2,
        "dilutedEPS": 1.57,
        "ebit": 386,
        "grossIncome": 621,
        "interestExpense": 71,
        "interestIncomeExpense": -65,
        "minorityInterest": -1,
        "netIncome": 232,
        "netIncomeAfterTaxes": 233,
        "nonRecurringItems": -30,
        "period": "2016-09-30",
        "pretaxIncome": 289,
        "provisionforIncomeTaxes": 56,
        "researchDevelopment": 54,
        "revenue": 2287,
        "sgaExpense": 181,
        "totalOperatingExpense": 235,
        "totalOtherIncomeExpenseNet": -2
      },
      {
        "costOfGoodsSold": 1692,
        "dilutedAverageSharesOutstanding": 148.9,
        "dilutedEPS": 1.71,
        "ebit": 376,
        "grossIncome": 605,
        "interestExpense": 71,
        "interestIncomeExpense": -62,
        "minorityInterest": -2,
        "netIncome": 255,
        "netIncomeAfterTaxes": 257,
        "nonRecurringItems": 8,
        "period": "2016-06-30",
        "pretaxIncome": 324,
        "provisionforIncomeTaxes": 67,
        "researchDevelopment": 55,
        "revenue": 2297,
        "sgaExpense": 174,
        "totalOperatingExpense": 229,
        "totalOtherIncomeExpenseNet": 2
      },
      {
        "costOfGoodsSold": 1602,
        "dilutedAverageSharesOutstanding": 148.8,
        "dilutedEPS": 1.69,
        "ebit": 397,
        "grossIncome": 634,
        "interestExpense": 70,
        "interestIncomeExpense": -73,
        "minorityInterest": 0,
        "netIncome": 251,
        "netIncomeAfterTaxes": 251,
        "nonRecurringItems": 2,
        "period": "2016-03-31",
        "pretaxIncome": 323,
        "provisionforIncomeTaxes": 72,
        "researchDevelopment": 54,
        "revenue": 2236,
        "sgaExpense": 183,
        "totalOperatingExpense": 237,
        "totalOtherIncomeExpenseNet": -3
      },
      {
        "costOfGoodsSold": 1716,
        "dilutedAverageSharesOutstanding": 149.8,
        "dilutedEPS": 0.83,
        "ebit": 225,
        "grossIncome": 509,
        "interestExpense": 65,
        "interestIncomeExpense": -65,
        "minorityInterest": -1,
        "netIncome": 124,
        "netIncomeAfterTaxes": 125,
        "nonRecurringItems": -53,
        "period": "2015-12-31",
        "pretaxIncome": 117,
        "provisionforIncomeTaxes": -8,
        "researchDevelopment": 65,
        "revenue": 2225,
        "sgaExpense": 219,
        "totalOperatingExpense": 284,
        "totalOtherIncomeExpenseNet": 10
      },
      {
        "costOfGoodsSold": 1752,
        "dilutedAverageSharesOutstanding": 149.8,
        "dilutedEPS": 1.71,
        "ebit": 453,
        "grossIncome": 695,
        "interestExpense": 70,
        "interestIncomeExpense": -54,
        "minorityInterest": -2,
        "netIncome": 256,
        "netIncomeAfterTaxes": 258,
        "nonRecurringItems": -21,
        "period": "2015-09-30",
        "pretaxIncome": 353,
        "provisionforIncomeTaxes": 95,
        "researchDevelopment": 64,
        "revenue": 2447,
        "sgaExpense": 178,
        "totalOperatingExpense": 242,
        "totalOtherIncomeExpenseNet": -25
      }
    ],
    "symbol": "EMN"
  }
}