{
  "symbol": "HUM",
  "statement": "ic",
  "frequency": "quarterly",
  "timestamp": "2025-09-19T14:01:47.289248",
  "data": {
    "financials": [
      {
        "benefitsClaimsLossAdjustment": 27565,
        "depreciationAmortization": 178,
        "dilutedAverageSharesOutstanding": 120.745,
        "dilutedEPS": 4.5136,
        "ebit": 1127,
        "equityEarningsAffiliates": -19,
        "grossPremiumsEarned": 32116,
        "interestExpense": 157,
        "interestIncomeExpense": -157,
        "minorityInterest": 2,
        "netIncome": 545,
        "netIncomeAfterTaxes": 562,
        "nonRecurringItems": -29,
        "otherOperatingExpensesTotal": 3518,
        "period": "2025-06-30",
        "pretaxIncome": 741,
        "provisionforIncomeTaxes": 179,
        "revenue": 32388,
        "totalOperatingExpense": 31261,
        "totalOtherIncomeExpenseNet": -200
      },
      {
        "benefitsClaimsLossAdjustment": 26535,
        "depreciationAmortization": 183,
        "dilutedAverageSharesOutstanding": 120.844,
        "dilutedEPS": 10.2943,
        "ebit": 2038,
        "equityEarningsAffiliates": -43,
        "grossPremiumsEarned": 31848,
        "interestExpense": 160,
        "interestIncomeExpense": -160,
        "minorityInterest": 2,
        "netIncome": 1244,
        "netIncomeAfterTaxes": 1285,
        "nonRecurringItems": -24,
        "otherOperatingExpensesTotal": 3356,
        "period": "2025-03-31",
        "pretaxIncome": 1691,
        "provisionforIncomeTaxes": 406,
        "revenue": 32112,
        "totalOperatingExpense": 30074,
        "totalOtherIncomeExpenseNet": -163
      },
      {
        "benefitsClaimsLossAdjustment": 25381,
        "depreciationAmortization": 208,
        "dilutedAverageSharesOutstanding": 120.457,
        "dilutedEPS": -5.7531,
        "ebit": -413,
        "equityEarningsAffiliates": -37,
        "grossPremiumsEarned": 28916,
        "interestExpense": 164,
        "interestIncomeExpense": -164,
        "minorityInterest": -10,
        "netIncome": -693,
        "netIncomeAfterTaxes": -646,
        "nonRecurringItems": -130,
        "otherOperatingExpensesTotal": 4037,
        "period": "2024-12-31",
        "pretaxIncome": -862,
        "provisionforIncomeTaxes": -216,
        "revenue": 29213,
        "totalOperatingExpense": 29626,
        "totalOtherIncomeExpenseNet": -155
      },
      {
        "benefitsClaimsLossAdjustment": 25120,
        "depreciationAmortization": 210,
        "dilutedAverageSharesOutstanding": 120.764,
        "dilutedEPS": 3.9747,
        "ebit": 783,
        "equityEarningsAffiliates": -16,
        "grossPremiumsEarned": 29054,
        "interestExpense": 169,
        "interestIncomeExpense": -169,
        "minorityInterest": 0,
        "netIncome": 480,
        "netIncomeAfterTaxes": 496,
        "nonRecurringItems": -55,
        "otherOperatingExpensesTotal": 3284,
        "period": "2024-09-30",
        "pretaxIncome": 651,
        "provisionforIncomeTaxes": 155,
        "revenue": 29397,
        "totalOperatingExpense": 28614,
        "totalOtherIncomeExpenseNet": 92
      },
      {
        "benefitsClaimsLossAdjustment": 25039,
        "depreciationAmortization": 212,
        "dilutedAverageSharesOutstanding": 120.665,
        "dilutedEPS": 5.6272,
        "ebit": 1209,
        "equityEarningsAffiliates": -17,
        "grossPremiumsEarned": 29242,
        "interestExpense": 168,
        "interestIncomeExpense": -168,
        "minorityInterest": 1,
        "netIncome": 679,
        "netIncomeAfterTaxes": 695,
        "nonRecurringItems": -68,
        "otherOperatingExpensesTotal": 3080,
        "period": "2024-06-30",
        "pretaxIncome": 918,
        "provisionforIncomeTaxes": 223,
        "revenue": 29540,
        "totalOperatingExpense": 28331,
        "totalOtherIncomeExpenseNet": -55
      },
      {
        "benefitsClaimsLossAdjustment": 25124,
        "depreciationAmortization": 209,
        "dilutedAverageSharesOutstanding": 121.268,
        "dilutedEPS": 6.1104,
        "ebit": 1265,
        "equityEarningsAffiliates": -24,
        "grossPremiumsEarned": 29323,
        "interestExpense": 159,
        "interestIncomeExpense": -159,
        "minorityInterest": 2,
        "netIncome": 741,
        "netIncomeAfterTaxes": 763,
        "nonRecurringItems": -29,
        "otherOperatingExpensesTotal": 3013,
        "period": "2024-03-31",
        "pretaxIncome": 1014,
        "provisionforIncomeTaxes": 251,
        "revenue": 29611,
        "totalOperatingExpense": 28346,
        "totalOtherIncomeExpenseNet": -63
      },
      {
        "benefitsClaimsLossAdjustment": 22782,
        "depreciationAmortization": 201,
        "dilutedAverageSharesOutstanding": 122.459,
        "dilutedEPS": -4.4178,
        "ebit": 196,
        "equityEarningsAffiliates": -24,
        "grossPremiumsEarned": 26168,
        "interestExpense": 146,
        "interestIncomeExpense": -146,
        "minorityInterest": -1,
        "netIncome": -541,
        "netIncomeAfterTaxes": -516,
        "nonRecurringItems": -544,
        "otherOperatingExpensesTotal": 3283,
        "period": "2023-12-31",
        "pretaxIncome": -591,
        "provisionforIncomeTaxes": -75,
        "revenue": 26462,
        "totalOperatingExpense": 26266,
        "totalOtherIncomeExpenseNet": -97
      },
      {
        "benefitsClaimsLossAdjustment": 21745,
        "depreciationAmortization": 201,
        "dilutedAverageSharesOutstanding": 124,
        "dilutedEPS": 6.71,
        "ebit": 1206,
        "equityEarningsAffiliates": -12,
        "grossPremiumsEarned": 26115,
        "interestExpense": 114,
        "interestIncomeExpense": -114,
        "minorityInterest": 2,
        "netIncome": 832,
        "netIncomeAfterTaxes": 842,
        "nonRecurringItems": 0,
        "otherOperatingExpensesTotal": 3271,
        "period": "2023-09-30",
        "pretaxIncome": 1098,
        "provisionforIncomeTaxes": 256,
        "revenue": 26423,
        "totalOperatingExpense": 25217,
        "totalOtherIncomeExpenseNet": 6
      },
      {
        "benefitsClaimsLossAdjustment": 22009,
        "depreciationAmortization": 191,
        "dilutedAverageSharesOutstanding": 125,
        "dilutedEPS": 7.67,
        "ebit": 1440,
        "equityEarningsAffiliates": -10,
        "grossPremiumsEarned": 26473,
        "interestExpense": 120,
        "interestIncomeExpense": -120,
        "minorityInterest": 3,
        "netIncome": 959,
        "netIncomeAfterTaxes": 966,
        "nonRecurringItems": -4,
        "otherOperatingExpensesTotal": 3107,
        "period": "2023-06-30",
        "pretaxIncome": 1262,
        "provisionforIncomeTaxes": 296,
        "revenue": 26747,
        "totalOperatingExpense": 25307,
        "totalOtherIncomeExpenseNet": -54
      },
      {
        "benefitsClaimsLossAdjustment": 21858,
        "depreciationAmortization": 186,
        "dilutedAverageSharesOutstanding": 126,
        "dilutedEPS": 9.83,
        "ebit": 1668,
        "equityEarningsAffiliates": -17,
        "grossPremiumsEarned": 26549,
        "interestExpense": 113,
        "interestIncomeExpense": -113,
        "minorityInterest": 1,
        "netIncome": 1239,
        "netIncomeAfterTaxes": 1255,
        "nonRecurringItems": 51,
        "otherOperatingExpensesTotal": 3030,
        "period": "2023-03-31",
        "pretaxIncome": 1614,
        "provisionforIncomeTaxes": 359,
        "revenue": 26742,
        "totalOperatingExpense": 25074,
        "totalOtherIncomeExpenseNet": 8
      },
      {
        "benefitsClaimsLossAdjustment": 18582,
        "depreciationAmortization": 182,
        "dilutedAverageSharesOutstanding": 126,
        "dilutedEPS": -0.12,
        "ebit": 263,
        "equityEarningsAffiliates": -5,
        "grossPremiumsEarned": 22279,
        "interestExpense": 108,
        "interestIncomeExpense": -108,
        "minorityInterest": 3,
        "netIncome": -15,
        "netIncomeAfterTaxes": -13,
        "nonRecurringItems": -142,
        "otherOperatingExpensesTotal": 3412,
        "period": "2022-12-31",
        "pretaxIncome": -71,
        "provisionforIncomeTaxes": -58,
        "revenue": 22439,
        "totalOperatingExpense": 22176,
        "totalOtherIncomeExpenseNet": -84
      },
      {
        "benefitsClaimsLossAdjustment": 18384,
        "depreciationAmortization": 182,
        "dilutedAverageSharesOutstanding": 127,
        "dilutedEPS": 9.4,
        "ebit": 1193,
        "equityEarningsAffiliates": 3,
        "grossPremiumsEarned": 22627,
        "interestExpense": 102,
        "interestIncomeExpense": -102,
        "minorityInterest": 2,
        "netIncome": 1195,
        "netIncomeAfterTaxes": 1190,
        "nonRecurringItems": 219,
        "otherOperatingExpensesTotal": 3040,
        "period": "2022-09-30",
        "pretaxIncome": 1297,
        "provisionforIncomeTaxes": 107,
        "revenue": 22799,
        "totalOperatingExpense": 21606,
        "totalOtherIncomeExpenseNet": -13
      },
      {
        "benefitsClaimsLossAdjustment": 19099,
        "depreciationAmortization": 175,
        "dilutedAverageSharesOutstanding": 127,
        "dilutedEPS": 5.48,
        "ebit": 1391,
        "equityEarningsAffiliates": 2,
        "grossPremiumsEarned": 23615,
        "interestExpense": 101,
        "interestIncomeExpense": -101,
        "minorityInterest": -1,
        "netIncome": 696,
        "netIncomeAfterTaxes": 695,
        "nonRecurringItems": -176,
        "otherOperatingExpensesTotal": 2997,
        "period": "2022-06-30",
        "pretaxIncome": 1122,
        "provisionforIncomeTaxes": 427,
        "revenue": 23662,
        "totalOperatingExpense": 22271,
        "totalOtherIncomeExpenseNet": 8
      },
      {
        "benefitsClaimsLossAdjustment": 19625,
        "depreciationAmortization": 170,
        "dilutedAverageSharesOutstanding": 127,
        "dilutedEPS": 7.32,
        "ebit": 1306,
        "equityEarningsAffiliates": -4,
        "grossPremiumsEarned": 23967,
        "interestExpense": 90,
        "interestIncomeExpense": -90,
        "minorityInterest": 0,
        "netIncome": 930,
        "netIncomeAfterTaxes": 934,
        "nonRecurringItems": -17,
        "otherOperatingExpensesTotal": 2869,
        "period": "2022-03-31",
        "pretaxIncome": 1220,
        "provisionforIncomeTaxes": 286,
        "revenue": 23970,
        "totalOperatingExpense": 22664,
        "totalOtherIncomeExpenseNet": 21
      },
      {
        "benefitsClaimsLossAdjustment": 17438,
        "depreciationAmortization": 160,
        "dilutedAverageSharesOutstanding": 129,
        "dilutedEPS": -0.11,
        "ebit": 96,
        "equityEarningsAffiliates": -4,
        "grossPremiumsEarned": 21088,
        "interestExpense": 91,
        "interestIncomeExpense": -91,
        "minorityInterest": -1,
        "netIncome": -14,
        "netIncomeAfterTaxes": -9,
        "nonRecurringItems": -35,
        "otherOperatingExpensesTotal": 3360,
        "period": "2021-12-31",
        "pretaxIncome": -60,
        "provisionforIncomeTaxes": -51,
        "revenue": 21054,
        "totalOperatingExpense": 20958,
        "totalOtherIncomeExpenseNet": -30
      },
      {
        "benefitsClaimsLossAdjustment": 17316,
        "depreciationAmortization": 150,
        "dilutedAverageSharesOutstanding": 129,
        "dilutedEPS": 11.86,
        "ebit": 699,
        "equityEarningsAffiliates": 15,
        "grossPremiumsEarned": 20730,
        "interestExpense": 88,
        "interestIncomeExpense": -88,
        "minorityInterest": 0,
        "netIncome": 1531,
        "netIncomeAfterTaxes": 1516,
        "nonRecurringItems": -71,
        "otherOperatingExpensesTotal": 2532,
        "period": "2021-09-30",
        "pretaxIncome": 1636,
        "provisionforIncomeTaxes": 120,
        "revenue": 20697,
        "totalOperatingExpense": 19998,
        "totalOtherIncomeExpenseNet": 1096
      },
      {
        "benefitsClaimsLossAdjustment": 17149,
        "depreciationAmortization": 144,
        "dilutedAverageSharesOutstanding": 129,
        "dilutedEPS": 4.54,
        "ebit": 1258,
        "equityEarningsAffiliates": 33,
        "grossPremiumsEarned": 20469,
        "interestExpense": 79,
        "interestIncomeExpense": -79,
        "netIncome": 588,
        "netIncomeAfterTaxes": 555,
        "nonRecurringItems": -22,
        "otherOperatingExpensesTotal": 2094,
        "period": "2021-06-30",
        "pretaxIncome": 738,
        "provisionforIncomeTaxes": 183,
        "revenue": 20645,
        "totalOperatingExpense": 19387,
        "totalOtherIncomeExpenseNet": -419
      },
      {
        "benefitsClaimsLossAdjustment": 17296,
        "depreciationAmortization": 142,
        "dilutedAverageSharesOutstanding": 130,
        "dilutedEPS": 6.36,
        "ebit": 1223,
        "equityEarningsAffiliates": 21,
        "grossPremiumsEarned": 20590,
        "interestExpense": 68,
        "interestIncomeExpense": -68,
        "netIncome": 828,
        "netIncomeAfterTaxes": 807,
        "otherOperatingExpensesTotal": 2007,
        "period": "2021-03-31",
        "pretaxIncome": 1040,
        "provisionforIncomeTaxes": 233,
        "revenue": 20668,
        "totalOperatingExpense": 19445,
        "totalOtherIncomeExpenseNet": -115
      },
      {
        "benefitsClaimsLossAdjustment": 16213,
        "depreciationAmortization": 127,
        "dilutedAverageSharesOutstanding": 132,
        "dilutedEPS": -2.07,
        "ebit": -346,
        "equityEarningsAffiliates": 6,
        "grossPremiumsEarned": 18848,
        "interestExpense": 72,
        "interestIncomeExpense": -72,
        "netIncome": -274,
        "netIncomeAfterTaxes": -280,
        "nonRecurringItems": 0,
        "otherOperatingExpensesTotal": 3068,
        "period": "2020-12-31",
        "pretaxIncome": -458,
        "provisionforIncomeTaxes": -178,
        "revenue": 19062,
        "totalOperatingExpense": 19408,
        "totalOtherIncomeExpenseNet": -40
      },
      {
        "benefitsClaimsLossAdjustment": 15611,
        "depreciationAmortization": 128,
        "dilutedAverageSharesOutstanding": 133,
        "dilutedEPS": 10.06,
        "ebit": 1823,
        "equityEarningsAffiliates": 35,
        "grossPremiumsEarned": 19361,
        "interestExpense": 75,
        "interestIncomeExpense": -75,
        "netIncome": 1340,
        "netIncomeAfterTaxes": 1305,
        "otherOperatingExpensesTotal": 2513,
        "period": "2020-09-30",
        "pretaxIncome": 1755,
        "provisionforIncomeTaxes": 450,
        "revenue": 20075,
        "totalOperatingExpense": 18252,
        "totalOtherIncomeExpenseNet": 7
      },
      {
        "benefitsClaimsLossAdjustment": 14175,
        "depreciationAmortization": 119,
        "dilutedAverageSharesOutstanding": 133,
        "dilutedEPS": 13.74,
        "ebit": 2435,
        "equityEarningsAffiliates": 25,
        "grossPremiumsEarned": 19006,
        "interestExpense": 76,
        "interestIncomeExpense": -76,
        "netIncome": 1828,
        "netIncomeAfterTaxes": 1803,
        "otherOperatingExpensesTotal": 2354,
        "period": "2020-06-30",
        "pretaxIncome": 2586,
        "provisionforIncomeTaxes": 783,
        "revenue": 19083,
        "totalOperatingExpense": 16648,
        "totalOtherIncomeExpenseNet": 227
      },
      {
        "benefitsClaimsLossAdjustment": 15629,
        "depreciationAmortization": 115,
        "dilutedAverageSharesOutstanding": 133,
        "dilutedEPS": 3.56,
        "ebit": 1074,
        "equityEarningsAffiliates": 8,
        "grossPremiumsEarned": 18786,
        "interestExpense": 60,
        "interestIncomeExpense": -60,
        "netIncome": 473,
        "netIncomeAfterTaxes": 465,
        "otherOperatingExpensesTotal": 2117,
        "period": "2020-03-31",
        "pretaxIncome": 717,
        "provisionforIncomeTaxes": 252,
        "revenue": 18935,
        "totalOperatingExpense": 17861,
        "totalOtherIncomeExpenseNet": -297
      },
      {
        "benefitsClaimsLossAdjustment": 13689,
        "depreciationAmortization": 115,
        "dilutedAverageSharesOutstanding": 133,
        "dilutedEPS": 3.84,
        "ebit": 362,
        "equityEarningsAffiliates": -2,
        "grossPremiumsEarned": 16145,
        "interestExpense": 58,
        "interestIncomeExpense": -58,
        "netIncome": 512,
        "netIncomeAfterTaxes": 514,
        "nonRecurringItems": 0,
        "otherOperatingExpensesTotal": 2064,
        "period": "2019-12-31",
        "pretaxIncome": 593,
        "provisionforIncomeTaxes": 79,
        "revenue": 16295,
        "sgaExpense": 65,
        "totalOperatingExpense": 15933,
        "totalOtherIncomeExpenseNet": 289
      },
      {
        "benefitsClaimsLossAdjustment": 13357,
        "depreciationAmortization": 127,
        "dilutedAverageSharesOutstanding": 134,
        "dilutedEPS": 5.14,
        "ebit": 868,
        "equityEarningsAffiliates": 1,
        "grossPremiumsEarned": 16105,
        "interestExpense": 62,
        "interestIncomeExpense": -62,
        "netIncome": 689,
        "netIncomeAfterTaxes": 688,
        "nonRecurringItems": 0,
        "otherOperatingExpensesTotal": 1831,
        "period": "2019-09-30",
        "pretaxIncome": 888,
        "provisionforIncomeTaxes": 200,
        "revenue": 16241,
        "sgaExpense": 58,
        "totalOperatingExpense": 15373,
        "totalOtherIncomeExpenseNet": 82
      },
      {
        "benefitsClaimsLossAdjustment": 13318,
        "depreciationAmortization": 109,
        "dilutedAverageSharesOutstanding": 136,
        "dilutedEPS": 6.93,
        "ebit": 1115,
        "equityEarningsAffiliates": 12,
        "grossPremiumsEarned": 16131,
        "interestExpense": 60,
        "interestIncomeExpense": -60,
        "netIncome": 940,
        "netIncomeAfterTaxes": 928,
        "nonRecurringItems": 0,
        "otherOperatingExpensesTotal": 1645,
        "period": "2019-06-30",
        "pretaxIncome": 1229,
        "provisionforIncomeTaxes": 301,
        "revenue": 16245,
        "sgaExpense": 58,
        "totalOperatingExpense": 15130,
        "totalOtherIncomeExpenseNet": 174
      },
      {
        "benefitsClaimsLossAdjustment": 13493,
        "depreciationAmortization": 107,
        "dilutedAverageSharesOutstanding": 136,
        "dilutedEPS": 4.16,
        "ebit": 847,
        "equityEarningsAffiliates": 3,
        "grossPremiumsEarned": 16006,
        "interestExpense": 62,
        "interestIncomeExpense": -62,
        "netIncome": 566,
        "netIncomeAfterTaxes": 563,
        "otherOperatingExpensesTotal": 1605,
        "period": "2019-03-31",
        "pretaxIncome": 746,
        "provisionforIncomeTaxes": 183,
        "revenue": 16107,
        "sgaExpense": 55,
        "totalOperatingExpense": 15260,
        "totalOtherIncomeExpenseNet": -39
      },
      {
        "benefitsClaimsLossAdjustment": 11433,
        "depreciationAmortization": 103,
        "dilutedAverageSharesOutstanding": 138,
        "dilutedEPS": 2.58,
        "ebit": 517,
        "equityEarningsAffiliates": 2,
        "grossPremiumsEarned": 14072,
        "interestExpense": 59,
        "interestIncomeExpense": -59,
        "netIncome": 355,
        "netIncomeAfterTaxes": 353,
        "nonRecurringItems": 0,
        "otherOperatingExpensesTotal": 2115,
        "period": "2018-12-31",
        "pretaxIncome": 436,
        "provisionforIncomeTaxes": 83,
        "revenue": 14168,
        "totalOperatingExpense": 13651,
        "totalOtherIncomeExpenseNet": -22
      },
      {
        "benefitsClaimsLossAdjustment": 11243,
        "depreciationAmortization": 102,
        "dilutedAverageSharesOutstanding": 139,
        "dilutedEPS": 4.63,
        "ebit": 961,
        "equityEarningsAffiliates": 9,
        "grossPremiumsEarned": 14093,
        "interestExpense": 53,
        "interestIncomeExpense": -53,
        "netIncome": 644,
        "netIncomeAfterTaxes": 662,
        "nonRecurringItems": 4,
        "otherOperatingExpensesTotal": 1900,
        "period": "2018-09-30",
        "pretaxIncome": 901,
        "provisionforIncomeTaxes": 239,
        "revenue": 14206,
        "totalOperatingExpense": 13245,
        "totalOtherIncomeExpenseNet": -11
      },
      {
        "benefitsClaimsLossAdjustment": 11536,
        "depreciationAmortization": 100,
        "dilutedAverageSharesOutstanding": 139,
        "dilutedEPS": 1.38,
        "ebit": 862,
        "grossPremiumsEarned": 14095,
        "interestExpense": 53,
        "interestIncomeExpense": -53,
        "netIncome": 193,
        "netIncomeAfterTaxes": 199,
        "nonRecurringItems": -790,
        "otherOperatingExpensesTotal": 1761,
        "period": "2018-06-30",
        "pretaxIncome": 19,
        "provisionforIncomeTaxes": -180,
        "revenue": 14259,
        "totalOperatingExpense": 13397
      },
      {
        "benefitsClaimsLossAdjustment": 11670,
        "depreciationAmortization": 100,
        "dilutedAverageSharesOutstanding": 139,
        "dilutedEPS": 3.53,
        "ebit": 760,
        "grossPremiumsEarned": 14138,
        "interestExpense": 53,
        "interestIncomeExpense": -53,
        "netIncome": 491,
        "netIncomeAfterTaxes": 498,
        "nonRecurringItems": 0,
        "otherOperatingExpensesTotal": 1749,
        "period": "2018-03-31",
        "pretaxIncome": 707,
        "provisionforIncomeTaxes": 209,
        "revenue": 14279,
        "totalOperatingExpense": 13519
      },
      {
        "benefitsClaimsLossAdjustment": 10639,
        "depreciationAmortization": 100,
        "dilutedAverageSharesOutstanding": 142,
        "dilutedEPS": 1.29,
        "ebit": 577,
        "grossPremiumsEarned": 13100,
        "interestExpense": 76,
        "interestIncomeExpense": -76,
        "netIncome": 184,
        "netIncomeAfterTaxes": 317,
        "nonRecurringItems": -11,
        "otherOperatingExpensesTotal": 1873,
        "period": "2017-12-31",
        "pretaxIncome": 490,
        "provisionforIncomeTaxes": 173,
        "revenue": 13189,
        "totalOperatingExpense": 12612
      },
      {
        "benefitsClaimsLossAdjustment": 10642,
        "depreciationAmortization": 94,
        "dilutedAverageSharesOutstanding": 145,
        "dilutedEPS": 3.43,
        "ebit": 858,
        "grossPremiumsEarned": 13178,
        "interestExpense": 59,
        "interestIncomeExpense": -59,
        "netIncome": 499,
        "netIncomeAfterTaxes": 499,
        "nonRecurringItems": 0,
        "otherOperatingExpensesTotal": 1688,
        "period": "2017-09-30",
        "pretaxIncome": 799,
        "provisionforIncomeTaxes": 300,
        "revenue": 13282,
        "totalOperatingExpense": 12424
      },
      {
        "benefitsClaimsLossAdjustment": 10889,
        "depreciationAmortization": 92,
        "dilutedAverageSharesOutstanding": 146,
        "dilutedEPS": 4.46,
        "ebit": 1100,
        "grossPremiumsEarned": 13433,
        "interestExpense": 58,
        "interestIncomeExpense": -58,
        "netIncome": 650,
        "netIncomeAfterTaxes": 650,
        "nonRecurringItems": 0,
        "otherOperatingExpensesTotal": 1453,
        "period": "2017-06-30",
        "pretaxIncome": 1042,
        "provisionforIncomeTaxes": 392,
        "revenue": 13534,
        "totalOperatingExpense": 12434
      },
      {
        "benefitsClaimsLossAdjustment": 11326,
        "depreciationAmortization": 92,
        "dilutedAverageSharesOutstanding": 149,
        "dilutedEPS": 7.49,
        "ebit": 791,
        "grossPremiumsEarned": 13651,
        "interestExpense": 49,
        "interestIncomeExpense": -49,
        "netIncome": 1115,
        "netIncomeAfterTaxes": 1115,
        "nonRecurringItems": 947,
        "otherOperatingExpensesTotal": 1553,
        "period": "2017-03-31",
        "pretaxIncome": 1689,
        "provisionforIncomeTaxes": 574,
        "revenue": 13762,
        "totalOperatingExpense": 12971
      },
      {
        "benefitsClaimsLossAdjustment": 11201,
        "depreciationAmortization": 91,
        "dilutedAverageSharesOutstanding": 150,
        "dilutedEPS": -2.68,
        "ebit": -438,
        "grossPremiumsEarned": 12780,
        "interestExpense": 48,
        "interestIncomeExpense": -48,
        "netIncome": -401,
        "netIncomeAfterTaxes": -401,
        "nonRecurringItems": 0,
        "otherOperatingExpensesTotal": 2024,
        "period": "2016-12-31",
        "pretaxIncome": -486,
        "provisionforIncomeTaxes": -85,
        "revenue": 12878,
        "totalOperatingExpense": 13316
      },
      {
        "benefitsClaimsLossAdjustment": 10900,
        "depreciationAmortization": 86,
        "dilutedAverageSharesOutstanding": 151,
        "dilutedEPS": 2.98,
        "ebit": 949,
        "grossPremiumsEarned": 13598,
        "interestExpense": 47,
        "interestIncomeExpense": -47,
        "netIncome": 450,
        "netIncomeAfterTaxes": 450,
        "nonRecurringItems": 0,
        "otherOperatingExpensesTotal": 1759,
        "period": "2016-09-30",
        "pretaxIncome": 902,
        "provisionforIncomeTaxes": 452,
        "revenue": 13694,
        "totalOperatingExpense": 12745
      },
      {
        "benefitsClaimsLossAdjustment": 11509,
        "depreciationAmortization": 89,
        "dilutedAverageSharesOutstanding": 151,
        "dilutedEPS": 2.06,
        "ebit": 683,
        "grossPremiumsEarned": 13912,
        "interestExpense": 47,
        "interestIncomeExpense": -47,
        "netIncome": 311,
        "netIncomeAfterTaxes": 311,
        "nonRecurringItems": 0,
        "otherOperatingExpensesTotal": 1726,
        "period": "2016-06-30",
        "pretaxIncome": 636,
        "provisionforIncomeTaxes": 325,
        "revenue": 14007,
        "totalOperatingExpense": 13324
      },
      {
        "benefitsClaimsLossAdjustment": 11397,
        "depreciationAmortization": 88,
        "dilutedAverageSharesOutstanding": 151,
        "dilutedEPS": 1.68,
        "ebit": 581,
        "grossPremiumsEarned": 13700,
        "interestExpense": 47,
        "interestIncomeExpense": -47,
        "netIncome": 254,
        "netIncomeAfterTaxes": 254,
        "nonRecurringItems": -34,
        "otherOperatingExpensesTotal": 1734,
        "period": "2016-03-31",
        "pretaxIncome": 500,
        "provisionforIncomeTaxes": 246,
        "revenue": 13800,
        "totalOperatingExpense": 13219
      },
      {
        "benefitsClaimsLossAdjustment": 11116,
        "depreciationAmortization": 88,
        "dilutedAverageSharesOutstanding": 151,
        "dilutedEPS": 0.67,
        "ebit": 289,
        "grossPremiumsEarned": 13225,
        "interestExpense": 46,
        "interestIncomeExpense": -46,
        "netIncome": 101,
        "netIncomeAfterTaxes": 101,
        "nonRecurringItems": 3,
        "otherOperatingExpensesTotal": 1868,
        "period": "2015-12-31",
        "pretaxIncome": 246,
        "provisionforIncomeTaxes": 145,
        "revenue": 13361,
        "totalOperatingExpense": 13072
      },
      {
        "benefitsClaimsLossAdjustment": 10896,
        "depreciationAmortization": 84,
        "dilutedAverageSharesOutstanding": 150,
        "dilutedEPS": 2.09,
        "ebit": 695,
        "grossPremiumsEarned": 13233,
        "interestExpense": 47,
        "interestIncomeExpense": -47,
        "netIncome": 314,
        "netIncomeAfterTaxes": 314,
        "nonRecurringItems": 0,
        "otherOperatingExpensesTotal": 1688,
        "period": "2015-09-30",
        "pretaxIncome": 648,
        "provisionforIncomeTaxes": 334,
        "revenue": 13363,
        "totalOperatingExpense": 12668
      }
    ],
    "symbol": "HUM"
  }
}