{
  "symbol": "JCI",
  "statement": "ic",
  "frequency": "annual",
  "timestamp": "2025-09-19T14:02:33.893981",
  "data": {
    "financials": [
      {
        "costOfGoodsSold": 14875,
        "dilutedAverageSharesOutstanding": 676,
        "dilutedEPS": 2.52,
        "ebit": 2416,
        "grossIncome": 8077,
        "interestExpense": 381,
        "interestIncomeExpense": -371,
        "minorityInterest": -4,
        "netIncome": 1705,
        "netIncomeAfterTaxes": 1411,
        "nonRecurringItems": -485,
        "period": "2024-09-30",
        "pretaxIncome": 1522,
        "provisionforIncomeTaxes": 111,
        "researchDevelopment": 267,
        "revenue": 22952,
        "sgaExpense": 5394,
        "totalOperatingExpense": 5661,
        "totalOtherIncomeExpenseNet": -38,
        "year": 2024
      },
      {
        "costOfGoodsSold": 17822,
        "dilutedAverageSharesOutstanding": 687.4,
        "dilutedEPS": 2.69,
        "ebit": 2790,
        "grossIncome": 8971,
        "interestExpense": 297,
        "interestIncomeExpense": 11,
        "minorityInterest": -184,
        "netIncome": 1849,
        "netIncomeAfterTaxes": 2033,
        "nonRecurringItems": -1039,
        "period": "2023-09-30",
        "pretaxIncome": 1710,
        "provisionforIncomeTaxes": -323,
        "researchDevelopment": 320,
        "revenue": 26793,
        "sgaExpense": 5861,
        "totalOperatingExpense": 6181,
        "totalOtherIncomeExpenseNet": -52,
        "year": 2023
      },
      {
        "costOfGoodsSold": 16956,
        "dilutedAverageSharesOutstanding": 699.6,
        "dilutedEPS": 2.19,
        "ebit": 2398,
        "grossIncome": 8343,
        "interestExpense": 221,
        "interestIncomeExpense": 60,
        "minorityInterest": -191,
        "netIncome": 1532,
        "netIncomeAfterTaxes": 1723,
        "nonRecurringItems": -721,
        "period": "2022-09-30",
        "pretaxIncome": 1710,
        "provisionforIncomeTaxes": -13,
        "researchDevelopment": 295,
        "revenue": 25299,
        "sgaExpense": 5650,
        "totalOperatingExpense": 5945,
        "totalOtherIncomeExpenseNet": -27,
        "year": 2022
      },
      {
        "costOfGoodsSold": 15609,
        "dilutedAverageSharesOutstanding": 721.1,
        "dilutedEPS": 2.27,
        "ebit": 2801,
        "grossIncome": 8059,
        "interestExpense": 219,
        "interestIncomeExpense": 80,
        "minorityInterest": -233,
        "netIncome": 1637,
        "netIncomeAfterTaxes": 1746,
        "nonRecurringItems": -242,
        "period": "2021-09-30",
        "pretaxIncome": 2614,
        "provisionforIncomeTaxes": 868,
        "researchDevelopment": 275,
        "revenue": 23668,
        "sgaExpense": 4983,
        "totalOperatingExpense": 5258,
        "totalOtherIncomeExpenseNet": -25,
        "year": 2021
      },
      {
        "costOfGoodsSold": 14906,
        "dilutedAverageSharesOutstanding": 753.6,
        "dilutedEPS": 0.84,
        "ebit": 1746,
        "grossIncome": 7411,
        "interestExpense": 240,
        "interestIncomeExpense": -34,
        "minorityInterest": -164,
        "netIncome": 631,
        "netIncomeAfterTaxes": 795,
        "nonRecurringItems": -783,
        "period": "2020-09-30",
        "pretaxIncome": 903,
        "provisionforIncomeTaxes": 108,
        "researchDevelopment": 274,
        "revenue": 22317,
        "sgaExpense": 5391,
        "totalOperatingExpense": 5665,
        "totalOtherIncomeExpenseNet": -26,
        "year": 2020
      },
      {
        "costOfGoodsSold": 16275,
        "dilutedAverageSharesOutstanding": 874.3,
        "dilutedEPS": 6.48,
        "ebit": 1449,
        "grossIncome": 7693,
        "interestExpense": 335,
        "interestIncomeExpense": -70,
        "minorityInterest": -189,
        "netIncome": 5674,
        "netIncomeAfterTaxes": 1289,
        "nonRecurringItems": -295,
        "period": "2019-09-30",
        "pretaxIncome": 1056,
        "provisionforIncomeTaxes": -233,
        "researchDevelopment": 319,
        "revenue": 23968,
        "sgaExpense": 5925,
        "totalOperatingExpense": 6244,
        "totalOtherIncomeExpenseNet": -28,
        "year": 2019
      },
      {
        "costOfGoodsSold": 15733,
        "dilutedAverageSharesOutstanding": 931.7,
        "dilutedEPS": 2.32,
        "ebit": 2025,
        "grossIncome": 7667,
        "interestExpense": 409,
        "interestIncomeExpense": -194,
        "minorityInterest": -174,
        "netIncome": 2162,
        "netIncomeAfterTaxes": 1457,
        "nonRecurringItems": -255,
        "period": "2018-09-30",
        "pretaxIncome": 1546,
        "provisionforIncomeTaxes": 89,
        "researchDevelopment": 310,
        "revenue": 23400,
        "sgaExpense": 5332,
        "totalOperatingExpense": 5642,
        "totalOtherIncomeExpenseNet": -30,
        "year": 2018
      },
      {
        "costOfGoodsSold": 15305,
        "dilutedAverageSharesOutstanding": 944.6,
        "dilutedEPS": 1.7,
        "ebit": 1807,
        "grossIncome": 7530,
        "interestExpense": 446,
        "interestIncomeExpense": -260,
        "minorityInterest": -157,
        "netIncome": 1611,
        "netIncomeAfterTaxes": 829,
        "nonRecurringItems": -347,
        "period": "2017-09-30",
        "pretaxIncome": 1151,
        "provisionforIncomeTaxes": 322,
        "researchDevelopment": 307,
        "revenue": 22835,
        "sgaExpense": 5416,
        "totalOperatingExpense": 5723,
        "totalOtherIncomeExpenseNet": -49,
        "year": 2017
      },
      {
        "costOfGoodsSold": 15183,
        "dilutedAverageSharesOutstanding": 667.4,
        "dilutedEPS": -1.3,
        "ebit": 1464,
        "grossIncome": 5654,
        "interestExpense": 293,
        "interestIncomeExpense": -85,
        "minorityInterest": -132,
        "netIncome": -868,
        "netIncomeAfterTaxes": 864,
        "nonRecurringItems": -288,
        "period": "2016-09-30",
        "pretaxIncome": 1061,
        "provisionforIncomeTaxes": 197,
        "researchDevelopment": 158,
        "revenue": 20837,
        "sgaExpense": 4032,
        "totalOperatingExpense": 4190,
        "totalOtherIncomeExpenseNet": -30,
        "year": 2016
      },
      {
        "costOfGoodsSold": 6270,
        "dilutedAverageSharesOutstanding": 407.785,
        "dilutedEPS": 1.35,
        "ebit": 1211,
        "equityEarningsAffiliates": 0,
        "grossIncome": 3632,
        "interestExpense": 102,
        "interestIncomeExpense": -87,
        "minorityInterest": 2,
        "netIncome": 551,
        "netIncomeAfterTaxes": 615,
        "nonRecurringItems": -408,
        "period": "2015-09-25",
        "pretaxIncome": 715,
        "provisionforIncomeTaxes": 100,
        "revenue": 9902,
        "sgaExpense": 2421,
        "totalOperatingExpense": 2421,
        "totalOtherIncomeExpenseNet": -1,
        "year": 2015
      }
    ],
    "symbol": "JCI"
  }
}