{
  "symbol": "GWW",
  "statement": "ic",
  "frequency": "quarterly",
  "timestamp": "2025-09-19T14:08:31.648689",
  "data": {
    "financials": [
      {
        "costOfGoodsSold": 2799,
        "dilutedAverageSharesOutstanding": 48.1,
        "dilutedEPS": 10.0208,
        "ebit": 678,
        "grossIncome": 1755,
        "interestExpense": 20,
        "interestIncomeExpense": -20,
        "minorityInterest": -26,
        "netIncome": 482,
        "netIncomeAfterTaxes": 508,
        "period": "2025-06-30",
        "pretaxIncome": 661,
        "provisionforIncomeTaxes": 153,
        "revenue": 4554,
        "sgaExpense": 1077,
        "totalOperatingExpense": 1077,
        "totalOtherIncomeExpenseNet": 3
      },
      {
        "costOfGoodsSold": 2596,
        "dilutedAverageSharesOutstanding": 48.3,
        "dilutedEPS": 9.9172,
        "ebit": 672,
        "grossIncome": 1710,
        "interestExpense": 21,
        "interestIncomeExpense": -21,
        "minorityInterest": -21,
        "netIncome": 479,
        "netIncomeAfterTaxes": 500,
        "period": "2025-03-31",
        "pretaxIncome": 657,
        "provisionforIncomeTaxes": 157,
        "revenue": 4306,
        "sgaExpense": 1038,
        "totalOperatingExpense": 1038,
        "totalOtherIncomeExpenseNet": 6
      },
      {
        "costOfGoodsSold": 2557,
        "dilutedAverageSharesOutstanding": 48.6,
        "dilutedEPS": 9.7737,
        "ebit": 633,
        "grossIncome": 1676,
        "interestExpense": 17,
        "interestIncomeExpense": -17,
        "minorityInterest": -22,
        "netIncome": 475,
        "netIncomeAfterTaxes": 497,
        "nonRecurringItems": 0,
        "period": "2024-12-31",
        "pretaxIncome": 622,
        "provisionforIncomeTaxes": 125,
        "revenue": 4233,
        "sgaExpense": 1043,
        "totalOperatingExpense": 1043,
        "totalOtherIncomeExpenseNet": 6
      },
      {
        "costOfGoodsSold": 2668,
        "dilutedAverageSharesOutstanding": 48.9,
        "dilutedEPS": 9.9387,
        "ebit": 686,
        "grossIncome": 1720,
        "interestExpense": 19,
        "interestIncomeExpense": -19,
        "minorityInterest": -19,
        "netIncome": 486,
        "netIncomeAfterTaxes": 505,
        "nonRecurringItems": 0,
        "period": "2024-09-30",
        "pretaxIncome": 671,
        "provisionforIncomeTaxes": 166,
        "revenue": 4388,
        "sgaExpense": 1034,
        "totalOperatingExpense": 1034,
        "totalOtherIncomeExpenseNet": 4
      },
      {
        "costOfGoodsSold": 2618,
        "dilutedAverageSharesOutstanding": 49.2,
        "dilutedEPS": 9.5529,
        "ebit": 665,
        "grossIncome": 1694,
        "interestExpense": 20,
        "interestIncomeExpense": -20,
        "minorityInterest": -20,
        "netIncome": 470,
        "netIncomeAfterTaxes": 490,
        "nonRecurringItems": -16,
        "period": "2024-06-30",
        "pretaxIncome": 636,
        "provisionforIncomeTaxes": 146,
        "revenue": 4312,
        "sgaExpense": 1029,
        "totalOperatingExpense": 1029,
        "totalOtherIncomeExpenseNet": 7
      },
      {
        "costOfGoodsSold": 2567,
        "dilutedAverageSharesOutstanding": 49.4,
        "dilutedEPS": 9.6761,
        "ebit": 669,
        "grossIncome": 1668,
        "interestExpense": 21,
        "interestIncomeExpense": -21,
        "minorityInterest": -19,
        "netIncome": 478,
        "netIncomeAfterTaxes": 497,
        "period": "2024-03-31",
        "pretaxIncome": 655,
        "provisionforIncomeTaxes": 158,
        "revenue": 4235,
        "sgaExpense": 999,
        "totalOperatingExpense": 999,
        "totalOtherIncomeExpenseNet": 7
      },
      {
        "costOfGoodsSold": 2434,
        "dilutedAverageSharesOutstanding": 49.5,
        "dilutedEPS": 7.9798,
        "ebit": 583,
        "grossIncome": 1563,
        "interestExpense": 23,
        "interestIncomeExpense": -23,
        "minorityInterest": -17,
        "netIncome": 395,
        "netIncomeAfterTaxes": 412,
        "nonRecurringItems": -26,
        "period": "2023-12-31",
        "pretaxIncome": 541,
        "provisionforIncomeTaxes": 129,
        "revenue": 3997,
        "sgaExpense": 980,
        "totalOperatingExpense": 980,
        "totalOtherIncomeExpenseNet": 7
      },
      {
        "costOfGoodsSold": 2553,
        "dilutedAverageSharesOutstanding": 50.1,
        "dilutedEPS": 9.5,
        "ebit": 667,
        "grossIncome": 1655,
        "interestExpense": 22,
        "interestIncomeExpense": -22,
        "minorityInterest": -17,
        "netIncome": 476,
        "netIncomeAfterTaxes": 493,
        "period": "2023-09-30",
        "pretaxIncome": 652,
        "provisionforIncomeTaxes": 159,
        "revenue": 4208,
        "sgaExpense": 988,
        "totalOperatingExpense": 988,
        "totalOtherIncomeExpenseNet": 7
      },
      {
        "costOfGoodsSold": 2538,
        "dilutedAverageSharesOutstanding": 50.3,
        "dilutedEPS": 9.34,
        "ebit": 661,
        "grossIncome": 1644,
        "interestExpense": 24,
        "interestIncomeExpense": -24,
        "minorityInterest": -20,
        "netIncome": 470,
        "netIncomeAfterTaxes": 490,
        "period": "2023-06-30",
        "pretaxIncome": 645,
        "provisionforIncomeTaxes": 155,
        "revenue": 4182,
        "sgaExpense": 983,
        "totalOperatingExpense": 983,
        "totalOtherIncomeExpenseNet": 8
      },
      {
        "costOfGoodsSold": 2457,
        "dilutedAverageSharesOutstanding": 50.5,
        "dilutedEPS": 9.66,
        "ebit": 680,
        "grossIncome": 1634,
        "interestExpense": 24,
        "interestIncomeExpense": -24,
        "minorityInterest": -20,
        "netIncome": 488,
        "netIncomeAfterTaxes": 508,
        "period": "2023-03-31",
        "pretaxIncome": 662,
        "provisionforIncomeTaxes": 154,
        "revenue": 4091,
        "sgaExpense": 954,
        "totalOperatingExpense": 954,
        "totalOtherIncomeExpenseNet": 6
      },
      {
        "costOfGoodsSold": 2296,
        "dilutedAverageSharesOutstanding": 50.6,
        "dilutedEPS": 7.59,
        "ebit": 523,
        "grossIncome": 1506,
        "interestExpense": 23,
        "interestIncomeExpense": -23,
        "minorityInterest": -13,
        "netIncome": 384,
        "netIncomeAfterTaxes": 397,
        "nonRecurringItems": 21,
        "period": "2022-12-31",
        "pretaxIncome": 525,
        "provisionforIncomeTaxes": 128,
        "revenue": 3802,
        "sgaExpense": 983,
        "totalOperatingExpense": 983,
        "totalOtherIncomeExpenseNet": 4
      },
      {
        "costOfGoodsSold": 2423,
        "dilutedAverageSharesOutstanding": 51.1,
        "dilutedEPS": 8.34,
        "ebit": 603,
        "grossIncome": 1519,
        "interestExpense": 25,
        "interestIncomeExpense": -25,
        "minorityInterest": -16,
        "netIncome": 426,
        "netIncomeAfterTaxes": 442,
        "period": "2022-09-30",
        "pretaxIncome": 587,
        "provisionforIncomeTaxes": 145,
        "revenue": 3942,
        "sgaExpense": 916,
        "totalOperatingExpense": 916,
        "totalOtherIncomeExpenseNet": 9
      },
      {
        "costOfGoodsSold": 2396,
        "dilutedAverageSharesOutstanding": 51.3,
        "dilutedEPS": 7.23,
        "ebit": 534,
        "grossIncome": 1441,
        "interestExpense": 22,
        "interestIncomeExpense": -22,
        "minorityInterest": -18,
        "netIncome": 371,
        "netIncomeAfterTaxes": 389,
        "period": "2022-06-30",
        "pretaxIncome": 517,
        "provisionforIncomeTaxes": 128,
        "revenue": 3837,
        "sgaExpense": 907,
        "totalOperatingExpense": 907,
        "totalOtherIncomeExpenseNet": 5
      },
      {
        "costOfGoodsSold": 2264,
        "dilutedAverageSharesOutstanding": 51.4,
        "dilutedEPS": 7.12,
        "ebit": 534,
        "grossIncome": 1383,
        "interestExpense": 23,
        "interestIncomeExpense": -23,
        "minorityInterest": -19,
        "netIncome": 366,
        "netIncomeAfterTaxes": 385,
        "period": "2022-03-31",
        "pretaxIncome": 517,
        "provisionforIncomeTaxes": 132,
        "revenue": 3647,
        "sgaExpense": 849,
        "totalOperatingExpense": 849,
        "totalOtherIncomeExpenseNet": 6
      },
      {
        "costOfGoodsSold": 2106,
        "dilutedAverageSharesOutstanding": 51.6,
        "dilutedEPS": 5.48,
        "ebit": 417,
        "grossIncome": 1253,
        "interestExpense": 22,
        "interestIncomeExpense": -22,
        "minorityInterest": -18,
        "netIncome": 283,
        "netIncomeAfterTaxes": 301,
        "nonRecurringItems": 0,
        "period": "2021-12-31",
        "pretaxIncome": 401,
        "provisionforIncomeTaxes": 100,
        "revenue": 3359,
        "sgaExpense": 836,
        "totalOperatingExpense": 836,
        "totalOtherIncomeExpenseNet": 6
      },
      {
        "costOfGoodsSold": 2122,
        "dilutedAverageSharesOutstanding": 52.1,
        "dilutedEPS": 5.7,
        "ebit": 438,
        "grossIncome": 1250,
        "interestExpense": 22,
        "interestIncomeExpense": -22,
        "minorityInterest": -18,
        "netIncome": 297,
        "netIncomeAfterTaxes": 315,
        "period": "2021-09-30",
        "pretaxIncome": 422,
        "provisionforIncomeTaxes": 107,
        "revenue": 3372,
        "sgaExpense": 812,
        "totalOperatingExpense": 812,
        "totalOtherIncomeExpenseNet": 6
      },
      {
        "costOfGoodsSold": 2083,
        "dilutedAverageSharesOutstanding": 52.5,
        "dilutedEPS": 4.29,
        "ebit": 334,
        "grossIncome": 1124,
        "interestExpense": 22,
        "interestIncomeExpense": -22,
        "minorityInterest": -18,
        "netIncome": 225,
        "netIncomeAfterTaxes": 243,
        "nonRecurringItems": 0,
        "period": "2021-06-30",
        "pretaxIncome": 319,
        "provisionforIncomeTaxes": 76,
        "revenue": 3207,
        "sgaExpense": 790,
        "totalOperatingExpense": 790,
        "totalOtherIncomeExpenseNet": 7
      },
      {
        "costOfGoodsSold": 1991,
        "dilutedAverageSharesOutstanding": 52.6,
        "dilutedEPS": 4.52,
        "ebit": 495,
        "grossIncome": 1093,
        "interestExpense": 21,
        "interestIncomeExpense": -21,
        "minorityInterest": -17,
        "netIncome": 238,
        "netIncomeAfterTaxes": 255,
        "nonRecurringItems": -137,
        "period": "2021-03-31",
        "pretaxIncome": 343,
        "provisionforIncomeTaxes": 88,
        "revenue": 3084,
        "sgaExpense": 598,
        "totalOperatingExpense": 598,
        "totalOtherIncomeExpenseNet": 6
      },
      {
        "costOfGoodsSold": 1914,
        "dilutedAverageSharesOutstanding": 53.4,
        "dilutedEPS": 3.15,
        "ebit": 295,
        "grossIncome": 1027,
        "interestExpense": 21,
        "interestIncomeExpense": -21,
        "minorityInterest": -17,
        "netIncome": 168,
        "netIncomeAfterTaxes": 185,
        "nonRecurringItems": -20,
        "period": "2020-12-31",
        "pretaxIncome": 259,
        "provisionforIncomeTaxes": 74,
        "revenue": 2941,
        "sgaExpense": 732,
        "totalOperatingExpense": 732,
        "totalOtherIncomeExpenseNet": 5
      },
      {
        "costOfGoodsSold": 1944,
        "dilutedAverageSharesOutstanding": 53.9,
        "dilutedEPS": 4.45,
        "ebit": 374,
        "grossIncome": 1074,
        "interestExpense": 23,
        "interestIncomeExpense": -23,
        "minorityInterest": -16,
        "netIncome": 240,
        "netIncomeAfterTaxes": 256,
        "nonRecurringItems": 6,
        "period": "2020-09-30",
        "pretaxIncome": 362,
        "provisionforIncomeTaxes": 106,
        "revenue": 3018,
        "sgaExpense": 700,
        "totalOperatingExpense": 700,
        "totalOtherIncomeExpenseNet": 5
      },
      {
        "costOfGoodsSold": 1821,
        "dilutedAverageSharesOutstanding": 53.7,
        "dilutedEPS": 2.12,
        "ebit": 315,
        "grossIncome": 1016,
        "interestExpense": 28,
        "interestIncomeExpense": -28,
        "minorityInterest": -15,
        "netIncome": 114,
        "netIncomeAfterTaxes": 129,
        "nonRecurringItems": -110,
        "period": "2020-06-30",
        "pretaxIncome": 184,
        "provisionforIncomeTaxes": 55,
        "revenue": 2837,
        "sgaExpense": 701,
        "totalOperatingExpense": 701,
        "totalOtherIncomeExpenseNet": 7
      },
      {
        "costOfGoodsSold": 1880,
        "dilutedAverageSharesOutstanding": 53.8,
        "dilutedEPS": 3.22,
        "ebit": 343,
        "grossIncome": 1121,
        "interestExpense": 21,
        "interestIncomeExpense": -21,
        "minorityInterest": -12,
        "netIncome": 173,
        "netIncomeAfterTaxes": 185,
        "nonRecurringItems": -184,
        "period": "2020-03-31",
        "pretaxIncome": 142,
        "provisionforIncomeTaxes": -43,
        "revenue": 3001,
        "sgaExpense": 778,
        "totalOperatingExpense": 778,
        "totalOtherIncomeExpenseNet": 4
      },
      {
        "costOfGoodsSold": 1765,
        "dilutedAverageSharesOutstanding": 53.9,
        "dilutedEPS": 1.91,
        "ebit": 187,
        "grossIncome": 1082,
        "interestExpense": 19,
        "interestIncomeExpense": -19,
        "minorityInterest": -14,
        "netIncome": 103,
        "netIncomeAfterTaxes": 117,
        "nonRecurringItems": -6,
        "period": "2019-12-31",
        "pretaxIncome": 170,
        "provisionforIncomeTaxes": 53,
        "revenue": 2847,
        "sgaExpense": 895,
        "totalOperatingExpense": 895,
        "totalOtherIncomeExpenseNet": 8
      },
      {
        "costOfGoodsSold": 1848,
        "dilutedAverageSharesOutstanding": 54.4,
        "dilutedEPS": 4.29,
        "ebit": 338,
        "grossIncome": 1099,
        "interestExpense": 21,
        "interestIncomeExpense": -20,
        "minorityInterest": -11,
        "netIncome": 233,
        "netIncomeAfterTaxes": 244,
        "period": "2019-09-30",
        "pretaxIncome": 322,
        "provisionforIncomeTaxes": 78,
        "revenue": 2947,
        "sgaExpense": 761,
        "totalOperatingExpense": 761,
        "totalOtherIncomeExpenseNet": 4
      },
      {
        "costOfGoodsSold": 1772,
        "dilutedAverageSharesOutstanding": 55.4,
        "dilutedEPS": 4.69,
        "ebit": 380,
        "grossIncome": 1121,
        "interestExpense": 22,
        "interestIncomeExpense": -21,
        "minorityInterest": -12,
        "netIncome": 260,
        "netIncomeAfterTaxes": 272,
        "period": "2019-06-30",
        "pretaxIncome": 366,
        "provisionforIncomeTaxes": 94,
        "revenue": 2893,
        "sgaExpense": 741,
        "totalOperatingExpense": 741,
        "totalOtherIncomeExpenseNet": 7
      },
      {
        "costOfGoodsSold": 1704,
        "dilutedAverageSharesOutstanding": 55.9,
        "dilutedEPS": 4.47,
        "ebit": 363,
        "grossIncome": 1095,
        "interestExpense": 21,
        "interestIncomeExpense": -19,
        "minorityInterest": -9,
        "netIncome": 250,
        "netIncomeAfterTaxes": 262,
        "period": "2019-03-31",
        "pretaxIncome": 351,
        "provisionforIncomeTaxes": 89,
        "revenue": 2799,
        "sgaExpense": 732,
        "totalOperatingExpense": 732,
        "totalOtherIncomeExpenseNet": 7
      },
      {
        "costOfGoodsSold": 1697,
        "dilutedAverageSharesOutstanding": 56.2,
        "dilutedEPS": 3.72,
        "ebit": 310,
        "grossIncome": 1066,
        "interestExpense": 16,
        "interestIncomeExpense": -16,
        "minorityInterest": -10,
        "netIncome": 209,
        "netIncomeAfterTaxes": 219,
        "nonRecurringItems": -20,
        "period": "2018-12-31",
        "pretaxIncome": 279,
        "provisionforIncomeTaxes": 60,
        "revenue": 2763,
        "sgaExpense": 756,
        "totalOperatingExpense": 756,
        "totalOtherIncomeExpenseNet": 5
      },
      {
        "costOfGoodsSold": 1752,
        "dilutedAverageSharesOutstanding": 56.8,
        "dilutedEPS": 1.83,
        "ebit": 193,
        "grossIncome": 1079,
        "interestExpense": 22,
        "interestIncomeExpense": -20,
        "minorityInterest": -11,
        "netIncome": 104,
        "netIncomeAfterTaxes": 115,
        "nonRecurringItems": -4,
        "period": "2018-09-30",
        "pretaxIncome": 171,
        "provisionforIncomeTaxes": 56,
        "revenue": 2831,
        "sgaExpense": 886,
        "totalOperatingExpense": 886,
        "totalOtherIncomeExpenseNet": 2
      },
      {
        "costOfGoodsSold": 1750,
        "dilutedAverageSharesOutstanding": 56.6,
        "dilutedEPS": 4.19,
        "ebit": 359,
        "grossIncome": 1111,
        "interestExpense": 23,
        "interestIncomeExpense": -21,
        "minorityInterest": -11,
        "netIncome": 237,
        "netIncomeAfterTaxes": 248,
        "nonRecurringItems": -15,
        "period": "2018-06-30",
        "pretaxIncome": 324,
        "provisionforIncomeTaxes": 76,
        "revenue": 2861,
        "sgaExpense": 752,
        "totalOperatingExpense": 752,
        "totalOtherIncomeExpenseNet": 1
      },
      {
        "costOfGoodsSold": 1674,
        "dilutedAverageSharesOutstanding": 56.4,
        "dilutedEPS": 4.08,
        "ebit": 343,
        "grossIncome": 1092,
        "interestExpense": 25,
        "interestIncomeExpense": -36,
        "minorityInterest": -9,
        "netIncome": 230,
        "netIncomeAfterTaxes": 241,
        "nonRecurringItems": -8,
        "period": "2018-03-31",
        "pretaxIncome": 307,
        "provisionforIncomeTaxes": 66,
        "revenue": 2766,
        "sgaExpense": 749,
        "totalOperatingExpense": 749,
        "totalOtherIncomeExpenseNet": 8
      },
      {
        "costOfGoodsSold": 1610.9,
        "dilutedAverageSharesOutstanding": 57,
        "dilutedEPS": 2.71,
        "ebit": 318.8,
        "grossIncome": 1021.7,
        "interestExpense": 22.394,
        "interestIncomeExpense": 2.7,
        "minorityInterest": -11,
        "netIncome": 154.9,
        "netIncomeAfterTaxes": 159.4,
        "nonRecurringItems": -83.1,
        "period": "2017-12-31",
        "pretaxIncome": 208.1,
        "provisionforIncomeTaxes": 48.8,
        "revenue": 2632.6,
        "sgaExpense": 702.9,
        "totalOperatingExpense": 702.9,
        "totalOtherIncomeExpenseNet": -30.3
      },
      {
        "costOfGoodsSold": 1618.3,
        "dilutedAverageSharesOutstanding": 57.5,
        "dilutedEPS": 2.79,
        "ebit": 303.7,
        "grossIncome": 1017.7,
        "interestExpense": 23.79,
        "interestIncomeExpense": -33.7,
        "minorityInterest": -8.8,
        "netIncome": 160.6,
        "netIncomeAfterTaxes": 170.8,
        "nonRecurringItems": -26,
        "period": "2017-09-30",
        "pretaxIncome": 250,
        "provisionforIncomeTaxes": 79.2,
        "revenue": 2636,
        "sgaExpense": 713.9,
        "totalOperatingExpense": 714,
        "totalOtherIncomeExpenseNet": 6
      },
      {
        "costOfGoodsSold": 1572.7,
        "dilutedAverageSharesOutstanding": 58.3,
        "dilutedEPS": 1.67,
        "ebit": 291.2,
        "grossIncome": 1042.5,
        "interestExpense": 22.468,
        "interestIncomeExpense": -28.1,
        "minorityInterest": -9,
        "netIncome": 97.3,
        "netIncomeAfterTaxes": 107,
        "nonRecurringItems": -62.1,
        "period": "2017-06-30",
        "pretaxIncome": 207.2,
        "provisionforIncomeTaxes": 100.2,
        "revenue": 2615.3,
        "sgaExpense": 751.4,
        "totalOperatingExpense": 751.4,
        "totalOtherIncomeExpenseNet": 6.2
      },
      {
        "costOfGoodsSold": 1521.9,
        "dilutedAverageSharesOutstanding": 58.5,
        "dilutedEPS": 2.96,
        "ebit": 287.3,
        "grossIncome": 1019.2,
        "interestExpense": 18.713,
        "interestIncomeExpense": -26.9,
        "minorityInterest": -8.1,
        "netIncome": 173.3,
        "netIncomeAfterTaxes": 182.9,
        "nonRecurringItems": 5.2,
        "period": "2017-03-31",
        "pretaxIncome": 270.7,
        "provisionforIncomeTaxes": 87.8,
        "revenue": 2541.1,
        "sgaExpense": 731.9,
        "totalOperatingExpense": 731.9,
        "totalOtherIncomeExpenseNet": 5.1
      },
      {
        "costOfGoodsSold": 1481,
        "dilutedAverageSharesOutstanding": 59.6,
        "dilutedEPS": 1.01,
        "ebit": 174.2,
        "grossIncome": 989.7,
        "interestExpense": 17.776,
        "interestIncomeExpense": -26.6,
        "minorityInterest": -7.7,
        "netIncome": 60.2,
        "netIncomeAfterTaxes": 68.3,
        "period": "2016-12-31",
        "pretaxIncome": 145.3,
        "provisionforIncomeTaxes": 77,
        "revenue": 2470.7,
        "sgaExpense": 815.5,
        "totalOperatingExpense": 815.5,
        "totalOtherIncomeExpenseNet": -2.3
      },
      {
        "costOfGoodsSold": 1556.5,
        "dilutedAverageSharesOutstanding": 60.4,
        "dilutedEPS": 3.05,
        "ebit": 322.6,
        "grossIncome": 1039.8,
        "interestExpense": 18.024,
        "interestIncomeExpense": -28.2,
        "minorityInterest": -7.5,
        "netIncome": 184.2,
        "netIncomeAfterTaxes": 193.4,
        "period": "2016-09-30",
        "pretaxIncome": 293.2,
        "provisionforIncomeTaxes": 99.8,
        "revenue": 2596.3,
        "sgaExpense": 717.2,
        "totalOperatingExpense": 717.2,
        "totalOtherIncomeExpenseNet": -1.2
      },
      {
        "costOfGoodsSold": 1523.6,
        "dilutedAverageSharesOutstanding": 61.3,
        "dilutedEPS": 2.79,
        "ebit": 305.6,
        "grossIncome": 1040.1,
        "interestExpense": 16.806,
        "interestIncomeExpense": -22.1,
        "minorityInterest": -6.8,
        "netIncome": 171.1,
        "netIncomeAfterTaxes": 179.4,
        "period": "2016-06-30",
        "pretaxIncome": 283,
        "provisionforIncomeTaxes": 103.5,
        "revenue": 2563.7,
        "sgaExpense": 734.5,
        "totalOperatingExpense": 734.5,
        "totalOtherIncomeExpenseNet": -0.5
      },
      {
        "costOfGoodsSold": 1461.5,
        "dilutedAverageSharesOutstanding": 62.1,
        "dilutedEPS": 2.98,
        "ebit": 317.1,
        "grossIncome": 1045.1,
        "interestExpense": 13.725,
        "interestIncomeExpense": -19.9,
        "minorityInterest": -4.9,
        "netIncome": 185,
        "netIncomeAfterTaxes": 191.6,
        "period": "2016-03-31",
        "pretaxIncome": 297.6,
        "provisionforIncomeTaxes": 105.9,
        "revenue": 2506.5,
        "sgaExpense": 728,
        "totalOperatingExpense": 727.9,
        "totalOtherIncomeExpenseNet": 0.4
      },
      {
        "costOfGoodsSold": 1475.9,
        "dilutedAverageSharesOutstanding": 62.5,
        "dilutedEPS": 2.3,
        "ebit": 251.6,
        "grossIncome": 1002.4,
        "interestExpense": 13.852,
        "interestIncomeExpense": -15.1,
        "minorityInterest": -3.9,
        "netIncome": 143.9,
        "netIncomeAfterTaxes": 149.2,
        "period": "2015-12-31",
        "pretaxIncome": 234.9,
        "provisionforIncomeTaxes": 85.8,
        "revenue": 2478.3,
        "sgaExpense": 750.7,
        "totalOperatingExpense": 750.7,
        "totalOtherIncomeExpenseNet": -1.6
      },
      {
        "costOfGoodsSold": 1471,
        "dilutedAverageSharesOutstanding": 65.3,
        "dilutedEPS": 2.92,
        "ebit": 340.7,
        "grossIncome": 1061.9,
        "interestExpense": 13.899,
        "interestIncomeExpense": -19.4,
        "minorityInterest": -4.4,
        "netIncome": 190.4,
        "netIncomeAfterTaxes": 196.6,
        "period": "2015-09-30",
        "pretaxIncome": 319.4,
        "provisionforIncomeTaxes": 122.8,
        "revenue": 2532.9,
        "sgaExpense": 721.2,
        "totalOperatingExpense": 721.2,
        "totalOtherIncomeExpenseNet": -1.9
      }
    ],
    "symbol": "GWW"
  }
}