{
  "symbol": "CINF",
  "statement": "ic",
  "frequency": "quarterly",
  "timestamp": "2025-09-19T13:57:56.820361",
  "data": {
    "financials": [
      {
        "benefitsClaimsLossAdjustment": 2369,
        "dilutedAverageSharesOutstanding": 157.8,
        "dilutedEPS": 4.3409,
        "ebit": 869,
        "grossPremiumsEarned": 2495,
        "interestExpense": 14,
        "interestIncomeExpense": -14,
        "netIncome": 685,
        "netIncomeAfterTaxes": 685,
        "otherOperatingExpensesTotal": 10,
        "period": "2025-06-30",
        "pretaxIncome": 855,
        "provisionforIncomeTaxes": 170,
        "revenue": 3248,
        "totalOperatingExpense": 2379
      },
      {
        "benefitsClaimsLossAdjustment": 2670,
        "dilutedAverageSharesOutstanding": 156.4,
        "dilutedEPS": -0.5755,
        "ebit": -115,
        "grossPremiumsEarned": 2360,
        "interestExpense": 13,
        "interestIncomeExpense": -13,
        "netIncome": -90,
        "netIncomeAfterTaxes": -90,
        "otherOperatingExpensesTotal": 11,
        "period": "2025-03-31",
        "pretaxIncome": -128,
        "provisionforIncomeTaxes": -38,
        "revenue": 2566,
        "totalOperatingExpense": 2681
      },
      {
        "benefitsClaimsLossAdjustment": 2033,
        "dilutedAverageSharesOutstanding": 158.1,
        "dilutedEPS": 2.5617,
        "ebit": 492,
        "grossPremiumsEarned": 2381,
        "interestExpense": 13,
        "interestIncomeExpense": -13,
        "netIncome": 405,
        "netIncomeAfterTaxes": 405,
        "otherOperatingExpensesTotal": 13,
        "period": "2024-12-31",
        "pretaxIncome": 479,
        "provisionforIncomeTaxes": 74,
        "revenue": 2538,
        "totalOperatingExpense": 2046
      },
      {
        "benefitsClaimsLossAdjustment": 2261,
        "dilutedAverageSharesOutstanding": 157.7,
        "dilutedEPS": 5.1998,
        "ebit": 1053,
        "grossPremiumsEarned": 2311,
        "interestExpense": 13,
        "interestIncomeExpense": -13,
        "netIncome": 820,
        "netIncomeAfterTaxes": 820,
        "otherOperatingExpensesTotal": 6,
        "period": "2024-09-30",
        "pretaxIncome": 1040,
        "provisionforIncomeTaxes": 220,
        "revenue": 3320,
        "totalOperatingExpense": 2267
      },
      {
        "benefitsClaimsLossAdjustment": 2135,
        "dilutedAverageSharesOutstanding": 157.5,
        "dilutedEPS": 1.981,
        "ebit": 400,
        "grossPremiumsEarned": 2169,
        "interestExpense": 14,
        "interestIncomeExpense": -14,
        "netIncome": 312,
        "netIncomeAfterTaxes": 312,
        "otherOperatingExpensesTotal": 9,
        "period": "2024-06-30",
        "pretaxIncome": 386,
        "provisionforIncomeTaxes": 74,
        "revenue": 2544,
        "totalOperatingExpense": 2144
      },
      {
        "benefitsClaimsLossAdjustment": 1965,
        "dilutedAverageSharesOutstanding": 157.9,
        "dilutedEPS": 4.7815,
        "ebit": 966,
        "grossPremiumsEarned": 2085,
        "interestExpense": 13,
        "interestIncomeExpense": -13,
        "netIncome": 755,
        "netIncomeAfterTaxes": 755,
        "otherOperatingExpensesTotal": 4,
        "period": "2024-03-31",
        "pretaxIncome": 953,
        "provisionforIncomeTaxes": 198,
        "revenue": 2935,
        "totalOperatingExpense": 1969
      },
      {
        "benefitsClaimsLossAdjustment": 1844,
        "dilutedAverageSharesOutstanding": 157.8,
        "dilutedEPS": 7.4968,
        "ebit": 1504,
        "grossPremiumsEarned": 2081,
        "interestExpense": 14,
        "interestIncomeExpense": -14,
        "netIncome": 1183,
        "netIncomeAfterTaxes": 1183,
        "otherOperatingExpensesTotal": 8,
        "period": "2023-12-31",
        "pretaxIncome": 1490,
        "provisionforIncomeTaxes": 307,
        "revenue": 3356,
        "totalOperatingExpense": 1852
      },
      {
        "benefitsClaimsLossAdjustment": 1941,
        "dilutedAverageSharesOutstanding": 156.9,
        "dilutedEPS": -0.63,
        "ebit": -135,
        "grossPremiumsEarned": 2047,
        "interestExpense": 13,
        "interestIncomeExpense": -13,
        "netIncome": -99,
        "netIncomeAfterTaxes": -99,
        "otherOperatingExpensesTotal": 5,
        "period": "2023-09-30",
        "pretaxIncome": -148,
        "provisionforIncomeTaxes": -49,
        "revenue": 1811,
        "totalOperatingExpense": 1946
      },
      {
        "benefitsClaimsLossAdjustment": 1919,
        "dilutedAverageSharesOutstanding": 158,
        "dilutedEPS": 3.38,
        "ebit": 679,
        "grossPremiumsEarned": 1957,
        "interestExpense": 13,
        "interestIncomeExpense": -13,
        "netIncome": 534,
        "netIncomeAfterTaxes": 534,
        "otherOperatingExpensesTotal": 7,
        "period": "2023-06-30",
        "pretaxIncome": 666,
        "provisionforIncomeTaxes": 132,
        "revenue": 2605,
        "totalOperatingExpense": 1926
      },
      {
        "benefitsClaimsLossAdjustment": 1954,
        "dilutedAverageSharesOutstanding": 158.5,
        "dilutedEPS": 1.42,
        "ebit": 282,
        "grossPremiumsEarned": 1932,
        "interestExpense": 14,
        "interestIncomeExpense": -14,
        "netIncome": 225,
        "netIncomeAfterTaxes": 225,
        "otherOperatingExpensesTotal": 5,
        "period": "2023-03-31",
        "pretaxIncome": 268,
        "provisionforIncomeTaxes": 43,
        "revenue": 2241,
        "totalOperatingExpense": 1959
      },
      {
        "benefitsClaimsLossAdjustment": 1804,
        "dilutedAverageSharesOutstanding": 157.3,
        "dilutedEPS": 6.44,
        "ebit": 1300,
        "grossPremiumsEarned": 1884,
        "interestExpense": 13,
        "interestIncomeExpense": -13,
        "netIncome": 1013,
        "netIncomeAfterTaxes": 1013,
        "otherOperatingExpensesTotal": 10,
        "period": "2022-12-31",
        "pretaxIncome": 1287,
        "provisionforIncomeTaxes": 274,
        "revenue": 3114,
        "totalOperatingExpense": 1814
      },
      {
        "benefitsClaimsLossAdjustment": 1969,
        "dilutedAverageSharesOutstanding": 158,
        "dilutedEPS": -2.65,
        "ebit": -565,
        "grossPremiumsEarned": 1892,
        "interestExpense": 14,
        "interestIncomeExpense": -14,
        "netIncome": -418,
        "netIncomeAfterTaxes": -418,
        "otherOperatingExpensesTotal": 4,
        "period": "2022-09-30",
        "pretaxIncome": -579,
        "provisionforIncomeTaxes": -161,
        "revenue": 1408,
        "totalOperatingExpense": 1973
      },
      {
        "benefitsClaimsLossAdjustment": 1855,
        "dilutedAverageSharesOutstanding": 159.6,
        "dilutedEPS": -5.13,
        "ebit": -1040,
        "grossPremiumsEarned": 1781,
        "interestExpense": 13,
        "interestIncomeExpense": -13,
        "netIncome": -818,
        "netIncomeAfterTaxes": -818,
        "otherOperatingExpensesTotal": 5,
        "period": "2022-06-30",
        "pretaxIncome": -1053,
        "provisionforIncomeTaxes": -235,
        "revenue": 820,
        "totalOperatingExpense": 1860
      },
      {
        "benefitsClaimsLossAdjustment": 1552,
        "dilutedAverageSharesOutstanding": 160.4,
        "dilutedEPS": -1.66,
        "ebit": -338,
        "grossPremiumsEarned": 1700,
        "interestExpense": 13,
        "interestIncomeExpense": -13,
        "netIncome": -266,
        "netIncomeAfterTaxes": -266,
        "otherOperatingExpensesTotal": 4,
        "period": "2022-03-31",
        "pretaxIncome": -351,
        "provisionforIncomeTaxes": -85,
        "revenue": 1218,
        "totalOperatingExpense": 1556
      },
      {
        "benefitsClaimsLossAdjustment": 1457,
        "dilutedAverageSharesOutstanding": 162.4,
        "dilutedEPS": 9.05,
        "ebit": 1860,
        "grossPremiumsEarned": 1682,
        "interestExpense": 14,
        "interestIncomeExpense": -14,
        "netIncome": 1470,
        "netIncomeAfterTaxes": 1470,
        "otherOperatingExpensesTotal": 6,
        "period": "2021-12-31",
        "pretaxIncome": 1846,
        "provisionforIncomeTaxes": 376,
        "revenue": 3323,
        "totalOperatingExpense": 1463
      },
      {
        "benefitsClaimsLossAdjustment": 1583,
        "dilutedAverageSharesOutstanding": 162.9,
        "dilutedEPS": 0.94,
        "ebit": 197,
        "grossPremiumsEarned": 1676,
        "interestExpense": 13,
        "interestIncomeExpense": -13,
        "netIncome": 153,
        "netIncomeAfterTaxes": 153,
        "otherOperatingExpensesTotal": 5,
        "period": "2021-09-30",
        "pretaxIncome": 184,
        "provisionforIncomeTaxes": 31,
        "revenue": 1785,
        "totalOperatingExpense": 1588
      },
      {
        "benefitsClaimsLossAdjustment": 1405,
        "dilutedAverageSharesOutstanding": 162.9,
        "dilutedEPS": 4.32,
        "ebit": 885,
        "grossPremiumsEarned": 1600,
        "interestExpense": 13,
        "interestIncomeExpense": -13,
        "netIncome": 703,
        "netIncomeAfterTaxes": 703,
        "otherOperatingExpensesTotal": 5,
        "period": "2021-06-30",
        "pretaxIncome": 872,
        "provisionforIncomeTaxes": 169,
        "revenue": 2295,
        "totalOperatingExpense": 1410
      },
      {
        "benefitsClaimsLossAdjustment": 1442,
        "dilutedAverageSharesOutstanding": 162.5,
        "dilutedEPS": 3.82,
        "ebit": 781,
        "grossPremiumsEarned": 1549,
        "interestExpense": 13,
        "interestIncomeExpense": -13,
        "netIncome": 620,
        "netIncomeAfterTaxes": 620,
        "otherOperatingExpensesTotal": 4,
        "period": "2021-03-31",
        "pretaxIncome": 768,
        "provisionforIncomeTaxes": 148,
        "revenue": 2227,
        "totalOperatingExpense": 1446
      },
      {
        "benefitsClaimsLossAdjustment": 1359,
        "dilutedAverageSharesOutstanding": 162.1,
        "dilutedEPS": 6.47,
        "ebit": 1330,
        "grossPremiumsEarned": 1525,
        "interestExpense": 14,
        "interestIncomeExpense": -14,
        "netIncome": 1049,
        "netIncomeAfterTaxes": 1049,
        "otherOperatingExpensesTotal": 5,
        "period": "2020-12-31",
        "pretaxIncome": 1316,
        "provisionforIncomeTaxes": 267,
        "revenue": 2694,
        "totalOperatingExpense": 1364
      },
      {
        "benefitsClaimsLossAdjustment": 1595,
        "dilutedAverageSharesOutstanding": 162,
        "dilutedEPS": 2.99,
        "ebit": 627,
        "grossPremiumsEarned": 1527,
        "interestExpense": 13,
        "interestIncomeExpense": -13,
        "netIncome": 484,
        "netIncomeAfterTaxes": 484,
        "otherOperatingExpensesTotal": 5,
        "period": "2020-09-30",
        "pretaxIncome": 614,
        "provisionforIncomeTaxes": 130,
        "revenue": 2227,
        "totalOperatingExpense": 1600
      },
      {
        "benefitsClaimsLossAdjustment": 1550,
        "dilutedAverageSharesOutstanding": 161.5,
        "dilutedEPS": 5.63,
        "ebit": 1159,
        "grossPremiumsEarned": 1488,
        "interestExpense": 14,
        "interestIncomeExpense": -14,
        "netIncome": 909,
        "netIncomeAfterTaxes": 909,
        "otherOperatingExpensesTotal": 5,
        "period": "2020-06-30",
        "pretaxIncome": 1145,
        "provisionforIncomeTaxes": 236,
        "revenue": 2714,
        "totalOperatingExpense": 1555
      },
      {
        "benefitsClaimsLossAdjustment": 1459,
        "dilutedAverageSharesOutstanding": 162.2,
        "dilutedEPS": -7.56,
        "ebit": -1563,
        "grossPremiumsEarned": 1461,
        "interestExpense": 13,
        "interestIncomeExpense": -13,
        "netIncome": -1226,
        "netIncomeAfterTaxes": -1226,
        "otherOperatingExpensesTotal": 5,
        "period": "2020-03-31",
        "pretaxIncome": -1576,
        "provisionforIncomeTaxes": -350,
        "revenue": -99,
        "totalOperatingExpense": 1464
      },
      {
        "benefitsClaimsLossAdjustment": 1352,
        "dilutedAverageSharesOutstanding": 165.1,
        "dilutedEPS": 3.79,
        "ebit": 794,
        "grossPremiumsEarned": 1447,
        "interestExpense": 13,
        "interestIncomeExpense": -13,
        "netIncome": 626,
        "netIncomeAfterTaxes": 626,
        "otherOperatingExpensesTotal": 6,
        "period": "2019-12-31",
        "pretaxIncome": 781,
        "provisionforIncomeTaxes": 155,
        "revenue": 2152,
        "totalOperatingExpense": 1358
      },
      {
        "benefitsClaimsLossAdjustment": 1387,
        "dilutedAverageSharesOutstanding": 165.6,
        "dilutedEPS": 1.5,
        "ebit": 308,
        "grossPremiumsEarned": 1453,
        "interestExpense": 14,
        "interestIncomeExpense": -14,
        "netIncome": 248,
        "netIncomeAfterTaxes": 248,
        "otherOperatingExpensesTotal": 5,
        "period": "2019-09-30",
        "pretaxIncome": 294,
        "provisionforIncomeTaxes": 46,
        "revenue": 1700,
        "totalOperatingExpense": 1392
      },
      {
        "benefitsClaimsLossAdjustment": 1366,
        "dilutedAverageSharesOutstanding": 165.2,
        "dilutedEPS": 2.59,
        "ebit": 543,
        "grossPremiumsEarned": 1389,
        "interestExpense": 13,
        "interestIncomeExpense": -13,
        "netIncome": 428,
        "netIncomeAfterTaxes": 428,
        "otherOperatingExpensesTotal": 4,
        "period": "2019-06-30",
        "pretaxIncome": 530,
        "provisionforIncomeTaxes": 102,
        "revenue": 1913,
        "totalOperatingExpense": 1370
      },
      {
        "benefitsClaimsLossAdjustment": 1271,
        "dilutedAverageSharesOutstanding": 164.6,
        "dilutedEPS": 4.22,
        "ebit": 880,
        "grossPremiumsEarned": 1339,
        "interestExpense": 13,
        "interestIncomeExpense": -13,
        "netIncome": 695,
        "netIncomeAfterTaxes": 695,
        "otherOperatingExpensesTotal": 8,
        "period": "2019-03-31",
        "pretaxIncome": 867,
        "provisionforIncomeTaxes": 172,
        "revenue": 2159,
        "totalOperatingExpense": 1279
      },
      {
        "benefitsClaimsLossAdjustment": 1272,
        "dilutedAverageSharesOutstanding": 162.9,
        "dilutedEPS": -2.77,
        "ebit": -568,
        "grossPremiumsEarned": 1323,
        "interestExpense": 13,
        "interestIncomeExpense": -13,
        "netIncome": -452,
        "netIncomeAfterTaxes": -452,
        "otherOperatingExpensesTotal": 6,
        "period": "2018-12-31",
        "pretaxIncome": -581,
        "provisionforIncomeTaxes": -129,
        "revenue": 710,
        "totalOperatingExpense": 1278
      },
      {
        "benefitsClaimsLossAdjustment": 1280,
        "dilutedAverageSharesOutstanding": 164,
        "dilutedEPS": 3.37,
        "ebit": 632,
        "grossPremiumsEarned": 1303,
        "interestExpense": 14,
        "interestIncomeExpense": -14,
        "netIncome": 553,
        "netIncomeAfterTaxes": 553,
        "otherOperatingExpensesTotal": 3,
        "period": "2018-09-30",
        "pretaxIncome": 618,
        "provisionforIncomeTaxes": 65,
        "revenue": 1915,
        "totalOperatingExpense": 1283
      },
      {
        "benefitsClaimsLossAdjustment": 1278,
        "dilutedAverageSharesOutstanding": 164.5,
        "dilutedEPS": 1.32,
        "ebit": 277,
        "grossPremiumsEarned": 1299,
        "interestExpense": 13,
        "interestIncomeExpense": -13,
        "netIncome": 217,
        "netIncomeAfterTaxes": 217,
        "otherOperatingExpensesTotal": 3,
        "period": "2018-06-30",
        "pretaxIncome": 264,
        "provisionforIncomeTaxes": 47,
        "revenue": 1558,
        "totalOperatingExpense": 1281
      },
      {
        "benefitsClaimsLossAdjustment": 1257,
        "dilutedAverageSharesOutstanding": 164,
        "dilutedEPS": -0.19,
        "ebit": -37,
        "grossPremiumsEarned": 1265,
        "interestExpense": 13,
        "interestIncomeExpense": -13,
        "netIncome": -31,
        "netIncomeAfterTaxes": -31,
        "otherOperatingExpensesTotal": 4,
        "period": "2018-03-31",
        "pretaxIncome": -50,
        "provisionforIncomeTaxes": -19,
        "revenue": 1224,
        "totalOperatingExpense": 1261
      },
      {
        "benefitsClaimsLossAdjustment": 1198,
        "dilutedAverageSharesOutstanding": 165.7,
        "dilutedEPS": 3.87,
        "ebit": 211,
        "grossPremiumsEarned": 1263,
        "interestExpense": 14,
        "interestIncomeExpense": -14,
        "netIncome": 642,
        "netIncomeAfterTaxes": 147,
        "otherOperatingExpensesTotal": 2,
        "period": "2017-12-31",
        "pretaxIncome": 197,
        "provisionforIncomeTaxes": 50,
        "revenue": 1411,
        "totalOperatingExpense": 1200
      },
      {
        "benefitsClaimsLossAdjustment": 1267,
        "dilutedAverageSharesOutstanding": 165.9,
        "dilutedEPS": 0.61,
        "ebit": 142,
        "grossPremiumsEarned": 1252,
        "interestExpense": 13,
        "interestIncomeExpense": -13,
        "netIncome": 102,
        "netIncomeAfterTaxes": 102,
        "otherOperatingExpensesTotal": 3,
        "period": "2017-09-30",
        "pretaxIncome": 129,
        "provisionforIncomeTaxes": 27,
        "revenue": 1412,
        "totalOperatingExpense": 1270
      },
      {
        "benefitsClaimsLossAdjustment": 1241,
        "dilutedAverageSharesOutstanding": 166,
        "dilutedEPS": 0.6,
        "ebit": 141,
        "grossPremiumsEarned": 1246,
        "interestExpense": 13,
        "interestIncomeExpense": -13,
        "netIncome": 100,
        "netIncomeAfterTaxes": 100,
        "otherOperatingExpensesTotal": 4,
        "period": "2017-06-30",
        "pretaxIncome": 128,
        "provisionforIncomeTaxes": 28,
        "revenue": 1386,
        "totalOperatingExpense": 1245
      },
      {
        "benefitsClaimsLossAdjustment": 1230,
        "dilutedAverageSharesOutstanding": 166.5,
        "dilutedEPS": 1.21,
        "ebit": 289,
        "grossPremiumsEarned": 1214,
        "interestExpense": 13,
        "interestIncomeExpense": -13,
        "netIncome": 201,
        "netIncomeAfterTaxes": 201,
        "otherOperatingExpensesTotal": 4,
        "period": "2017-03-31",
        "pretaxIncome": 276,
        "provisionforIncomeTaxes": 75,
        "revenue": 1523,
        "totalOperatingExpense": 1234
      },
      {
        "benefitsClaimsLossAdjustment": 1168,
        "dilutedAverageSharesOutstanding": 166.5,
        "dilutedEPS": 0.6,
        "ebit": 142,
        "grossPremiumsEarned": 1196,
        "interestExpense": 14,
        "interestIncomeExpense": -14,
        "netIncome": 100,
        "netIncomeAfterTaxes": 100,
        "otherOperatingExpensesTotal": 2,
        "period": "2016-12-31",
        "pretaxIncome": 128,
        "provisionforIncomeTaxes": 28,
        "revenue": 1312,
        "totalOperatingExpense": 1170
      },
      {
        "benefitsClaimsLossAdjustment": 1133,
        "dilutedAverageSharesOutstanding": 166.8,
        "dilutedEPS": 1.08,
        "ebit": 266,
        "grossPremiumsEarned": 1198,
        "interestExpense": 13,
        "interestIncomeExpense": -13,
        "netIncome": 180,
        "netIncomeAfterTaxes": 180,
        "otherOperatingExpensesTotal": 3,
        "period": "2016-09-30",
        "pretaxIncome": 253,
        "provisionforIncomeTaxes": 73,
        "revenue": 1402,
        "totalOperatingExpense": 1136
      },
      {
        "benefitsClaimsLossAdjustment": 1187,
        "dilutedAverageSharesOutstanding": 166.5,
        "dilutedEPS": 0.74,
        "ebit": 179,
        "grossPremiumsEarned": 1178,
        "interestExpense": 13,
        "interestIncomeExpense": -13,
        "netIncome": 123,
        "netIncomeAfterTaxes": 123,
        "otherOperatingExpensesTotal": 5,
        "period": "2016-06-30",
        "pretaxIncome": 166,
        "provisionforIncomeTaxes": 43,
        "revenue": 1371,
        "totalOperatingExpense": 1192
      },
      {
        "benefitsClaimsLossAdjustment": 1084,
        "dilutedAverageSharesOutstanding": 166,
        "dilutedEPS": 1.13,
        "ebit": 278,
        "grossPremiumsEarned": 1158,
        "interestExpense": 13,
        "interestIncomeExpense": -13,
        "netIncome": 188,
        "netIncomeAfterTaxes": 188,
        "otherOperatingExpensesTotal": 2,
        "period": "2016-03-31",
        "pretaxIncome": 265,
        "provisionforIncomeTaxes": 77,
        "revenue": 1364,
        "totalOperatingExpense": 1086
      },
      {
        "benefitsClaimsLossAdjustment": 1031,
        "dilutedAverageSharesOutstanding": 165.9,
        "dilutedEPS": 0.94,
        "ebit": 229,
        "grossPremiumsEarned": 1153,
        "interestExpense": 13,
        "interestIncomeExpense": -13,
        "netIncome": 156,
        "netIncomeAfterTaxes": 156,
        "otherOperatingExpensesTotal": 3,
        "period": "2015-12-31",
        "pretaxIncome": 216,
        "provisionforIncomeTaxes": 60,
        "revenue": 1263,
        "totalOperatingExpense": 1034
      },
      {
        "benefitsClaimsLossAdjustment": 1018,
        "dilutedAverageSharesOutstanding": 166.8,
        "dilutedEPS": 1.04,
        "ebit": 257,
        "grossPremiumsEarned": 1132,
        "interestExpense": 14,
        "interestIncomeExpense": -14,
        "netIncome": 174,
        "netIncomeAfterTaxes": 174,
        "otherOperatingExpensesTotal": 3,
        "period": "2015-09-30",
        "pretaxIncome": 243,
        "provisionforIncomeTaxes": 69,
        "revenue": 1278,
        "totalOperatingExpense": 1021
      }
    ],
    "symbol": "CINF"
  }
}