{
  "symbol": "KO",
  "statement": "ic",
  "frequency": "annual",
  "timestamp": "2025-09-19T13:58:11.597095",
  "data": {
    "financials": [
      {
        "costOfGoodsSold": 18324,
        "dilutedAverageSharesOutstanding": 4320,
        "dilutedEPS": 2.46,
        "ebit": 11046,
        "grossIncome": 28737,
        "interestExpense": 1656,
        "interestIncomeExpense": 1417,
        "minorityInterest": -18,
        "netIncome": 10631,
        "netIncomeAfterTaxes": 10649,
        "nonRecurringItems": 654,
        "otherOperatingExpensesTotal": 3109,
        "period": "2024-12-31",
        "pretaxIncome": 13086,
        "provisionforIncomeTaxes": 2437,
        "revenue": 47061,
        "sgaExpense": 14582,
        "totalOperatingExpense": 17691,
        "totalOtherIncomeExpenseNet": -31,
        "year": 2024
      },
      {
        "costOfGoodsSold": 18520,
        "depreciationAmortization": 15,
        "dilutedAverageSharesOutstanding": 4339,
        "dilutedEPS": 2.47,
        "ebit": 11545,
        "grossIncome": 27234,
        "interestExpense": 1527,
        "interestIncomeExpense": 1256,
        "minorityInterest": 11,
        "netIncome": 10714,
        "netIncomeAfterTaxes": 10703,
        "nonRecurringItems": 228,
        "otherOperatingExpensesTotal": 1702,
        "period": "2023-12-31",
        "pretaxIncome": 12952,
        "provisionforIncomeTaxes": 2249,
        "revenue": 45754,
        "sgaExpense": 13972,
        "totalOperatingExpense": 15689,
        "totalOtherIncomeExpenseNet": -77,
        "year": 2023
      },
      {
        "costOfGoodsSold": 18000,
        "dilutedAverageSharesOutstanding": 4350,
        "dilutedEPS": 2.19,
        "ebit": 11127,
        "grossIncome": 25004,
        "interestExpense": 882,
        "interestIncomeExpense": 543,
        "minorityInterest": -29,
        "netIncome": 9542,
        "netIncomeAfterTaxes": 9571,
        "nonRecurringItems": -185,
        "otherOperatingExpensesTotal": 997,
        "period": "2022-12-31",
        "pretaxIncome": 11686,
        "provisionforIncomeTaxes": 2115,
        "revenue": 43004,
        "sgaExpense": 12880,
        "totalOperatingExpense": 13877,
        "totalOtherIncomeExpenseNet": 201,
        "year": 2022
      },
      {
        "costOfGoodsSold": 15357,
        "dilutedAverageSharesOutstanding": 4340,
        "dilutedEPS": 2.25,
        "ebit": 10785,
        "grossIncome": 23298,
        "interestExpense": 947,
        "interestIncomeExpense": 1246,
        "minorityInterest": -33,
        "netIncome": 9771,
        "netIncomeAfterTaxes": 9804,
        "nonRecurringItems": 133,
        "otherOperatingExpensesTotal": 369,
        "period": "2021-12-31",
        "pretaxIncome": 12425,
        "provisionforIncomeTaxes": 2621,
        "revenue": 38655,
        "sgaExpense": 12144,
        "totalOperatingExpense": 12513,
        "totalOtherIncomeExpenseNet": 261,
        "year": 2021
      },
      {
        "costOfGoodsSold": 13433,
        "dilutedAverageSharesOutstanding": 4323,
        "dilutedEPS": 1.79,
        "ebit": 9773,
        "grossIncome": 19581,
        "interestExpense": 1437,
        "interestIncomeExpense": 4,
        "minorityInterest": -21,
        "netIncome": 7747,
        "netIncomeAfterTaxes": 7768,
        "nonRecurringItems": -194,
        "otherOperatingExpensesTotal": 77,
        "period": "2020-12-31",
        "pretaxIncome": 9749,
        "provisionforIncomeTaxes": 1981,
        "revenue": 33014,
        "sgaExpense": 9731,
        "totalOperatingExpense": 9808,
        "totalOtherIncomeExpenseNet": 166,
        "year": 2020
      },
      {
        "costOfGoodsSold": 14619,
        "dilutedAverageSharesOutstanding": 4314,
        "dilutedEPS": 2.07,
        "ebit": 10440,
        "gainLossOnDispositionOfAssets": 739,
        "grossIncome": 22647,
        "interestExpense": 945,
        "interestIncomeExpense": 887,
        "minorityInterest": -65,
        "netIncome": 8920,
        "netIncomeAfterTaxes": 8985,
        "nonRecurringItems": -1283,
        "otherOperatingExpensesTotal": 57,
        "period": "2019-12-31",
        "pretaxIncome": 10786,
        "provisionforIncomeTaxes": 1801,
        "revenue": 37266,
        "sgaExpense": 12150,
        "totalOperatingExpense": 12207,
        "totalOtherIncomeExpenseNet": 3,
        "year": 2019
      },
      {
        "costOfGoodsSold": 13067,
        "dilutedAverageSharesOutstanding": 4299,
        "dilutedEPS": 1.5,
        "ebit": 10232,
        "grossIncome": 21233,
        "interestExpense": 964,
        "interestIncomeExpense": -9,
        "minorityInterest": -42,
        "netIncome": 6434,
        "netIncomeAfterTaxes": 6484,
        "nonRecurringItems": -2731,
        "otherOperatingExpensesTotal": 17,
        "period": "2018-12-31",
        "pretaxIncome": 8225,
        "provisionforIncomeTaxes": 1741,
        "revenue": 34300,
        "sgaExpense": 10984,
        "totalOperatingExpense": 11001,
        "totalOtherIncomeExpenseNet": 733,
        "year": 2018
      },
      {
        "costOfGoodsSold": 13721,
        "dilutedAverageSharesOutstanding": 4324,
        "dilutedEPS": 0.28,
        "ebit": 9375,
        "grossIncome": 22491,
        "interestExpense": 811,
        "interestIncomeExpense": 1320,
        "minorityInterest": -35,
        "netIncome": 1248,
        "netIncomeAfterTaxes": 4893,
        "nonRecurringItems": -3931,
        "otherOperatingExpensesTotal": 235,
        "period": "2017-12-31",
        "pretaxIncome": 6890,
        "provisionforIncomeTaxes": 1997,
        "revenue": 36212,
        "sgaExpense": 12881,
        "totalOperatingExpense": 13116,
        "totalOtherIncomeExpenseNet": 126,
        "year": 2017
      },
      {
        "costOfGoodsSold": 16465,
        "dilutedAverageSharesOutstanding": 4367,
        "dilutedEPS": 1.49,
        "ebit": 9656,
        "grossIncome": 25398,
        "interestExpense": 749,
        "interestIncomeExpense": 486,
        "minorityInterest": -23,
        "netIncome": 6527,
        "netIncomeAfterTaxes": 6550,
        "nonRecurringItems": -2278,
        "otherOperatingExpensesTotal": 350,
        "period": "2016-12-31",
        "pretaxIncome": 8136,
        "provisionforIncomeTaxes": 1586,
        "revenue": 41863,
        "sgaExpense": 15392,
        "totalOperatingExpense": 15742,
        "totalOtherIncomeExpenseNet": 272,
        "year": 2016
      },
      {
        "costOfGoodsSold": 17482,
        "dilutedAverageSharesOutstanding": 4405,
        "dilutedEPS": 1.67,
        "ebit": 10205,
        "grossIncome": 26812,
        "interestExpense": 854,
        "interestIncomeExpense": 2055,
        "minorityInterest": -15,
        "netIncome": 7351,
        "netIncomeAfterTaxes": 7366,
        "nonRecurringItems": -2507,
        "otherOperatingExpensesTotal": 156,
        "period": "2015-12-31",
        "pretaxIncome": 9605,
        "provisionforIncomeTaxes": 2239,
        "revenue": 44294,
        "sgaExpense": 16451,
        "totalOperatingExpense": 16607,
        "totalOtherIncomeExpenseNet": -148,
        "year": 2015
      }
    ],
    "symbol": "KO"
  }
}