{
  "symbol": "JBL",
  "statement": "ic",
  "frequency": "quarterly",
  "timestamp": "2025-09-19T14:02:26.233896",
  "data": {
    "financials": [
      {
        "costOfGoodsSold": 7147,
        "depreciationAmortization": 17,
        "dilutedAverageSharesOutstanding": 109.3,
        "dilutedEPS": 2.0311,
        "ebit": 383,
        "grossIncome": 681,
        "interestExpense": 37,
        "interestIncomeExpense": -83,
        "minorityInterest": 0,
        "netIncome": 222,
        "netIncomeAfterTaxes": 222,
        "nonRecurringItems": 20,
        "period": "2025-05-31",
        "pretaxIncome": 290,
        "provisionforIncomeTaxes": 68,
        "researchDevelopment": 7,
        "revenue": 7828,
        "sgaExpense": 274,
        "totalOperatingExpense": 298,
        "totalOtherIncomeExpenseNet": -30
      },
      {
        "costOfGoodsSold": 6152,
        "depreciationAmortization": 15,
        "dilutedAverageSharesOutstanding": 111.1,
        "dilutedEPS": 1.0531,
        "ebit": 298,
        "grossIncome": 576,
        "interestExpense": 37,
        "interestIncomeExpense": -37,
        "minorityInterest": 0,
        "netIncome": 117,
        "netIncomeAfterTaxes": 117,
        "nonRecurringItems": -53,
        "period": "2025-02-28",
        "pretaxIncome": 184,
        "provisionforIncomeTaxes": 67,
        "researchDevelopment": 7,
        "revenue": 6728,
        "sgaExpense": 256,
        "totalOperatingExpense": 278,
        "totalOtherIncomeExpenseNet": -24
      },
      {
        "costOfGoodsSold": 6388,
        "depreciationAmortization": 13,
        "dilutedAverageSharesOutstanding": 114,
        "dilutedEPS": 0.8772,
        "ebit": 280,
        "grossIncome": 606,
        "interestExpense": 38,
        "interestIncomeExpense": -38,
        "minorityInterest": 0,
        "netIncome": 100,
        "netIncomeAfterTaxes": 100,
        "nonRecurringItems": -83,
        "period": "2024-11-30",
        "pretaxIncome": 139,
        "provisionforIncomeTaxes": 39,
        "researchDevelopment": 8,
        "revenue": 6994,
        "sgaExpense": 305,
        "totalOperatingExpense": 326,
        "totalOtherIncomeExpenseNet": -20
      },
      {
        "costOfGoodsSold": 6301,
        "depreciationAmortization": 13,
        "dilutedAverageSharesOutstanding": 116.5,
        "dilutedEPS": 1.1846,
        "ebit": 370,
        "grossIncome": 663,
        "interestExpense": 41,
        "interestIncomeExpense": -41,
        "minorityInterest": 0,
        "netIncome": 138,
        "netIncomeAfterTaxes": 138,
        "nonRecurringItems": -52,
        "period": "2024-08-31",
        "pretaxIncome": 253,
        "provisionforIncomeTaxes": 115,
        "researchDevelopment": 10,
        "revenue": 6964,
        "sgaExpense": 270,
        "totalOperatingExpense": 293,
        "totalOtherIncomeExpenseNet": -24
      },
      {
        "costOfGoodsSold": 6157,
        "depreciationAmortization": 12,
        "dilutedAverageSharesOutstanding": 121.7,
        "dilutedEPS": 1.06,
        "ebit": 319,
        "grossIncome": 608,
        "interestExpense": 38,
        "interestIncomeExpense": -38,
        "netIncome": 129,
        "netIncomeAfterTaxes": 129,
        "nonRecurringItems": -58,
        "period": "2024-05-31",
        "pretaxIncome": 201,
        "provisionforIncomeTaxes": 72,
        "researchDevelopment": 9,
        "revenue": 6765,
        "sgaExpense": 268,
        "totalOperatingExpense": 289,
        "totalOtherIncomeExpenseNet": -22
      },
      {
        "costOfGoodsSold": 6137,
        "depreciationAmortization": 9,
        "dilutedAverageSharesOutstanding": 126.9,
        "dilutedEPS": 7.305,
        "ebit": 303,
        "grossIncome": 630,
        "interestExpense": 47,
        "interestIncomeExpense": -47,
        "minorityInterest": 0,
        "netIncome": 927,
        "netIncomeAfterTaxes": 927,
        "nonRecurringItems": 828,
        "period": "2024-02-29",
        "pretaxIncome": 1062,
        "provisionforIncomeTaxes": 135,
        "researchDevelopment": 10,
        "revenue": 6767,
        "sgaExpense": 308,
        "totalOperatingExpense": 327,
        "totalOtherIncomeExpenseNet": -22
      },
      {
        "costOfGoodsSold": 7612,
        "depreciationAmortization": 6,
        "dilutedAverageSharesOutstanding": 132.1,
        "dilutedEPS": 1.4686,
        "ebit": 445,
        "grossIncome": 775,
        "interestExpense": 47,
        "interestIncomeExpense": -47,
        "minorityInterest": 0,
        "netIncome": 194,
        "netIncomeAfterTaxes": 194,
        "nonRecurringItems": -142,
        "period": "2023-11-30",
        "pretaxIncome": 235,
        "provisionforIncomeTaxes": 41,
        "researchDevelopment": 10,
        "revenue": 8387,
        "sgaExpense": 314,
        "totalOperatingExpense": 330,
        "totalOtherIncomeExpenseNet": -21
      },
      {
        "costOfGoodsSold": 7692,
        "depreciationAmortization": 9,
        "dilutedAverageSharesOutstanding": 134.4,
        "dilutedEPS": 1.15,
        "ebit": 453,
        "grossIncome": 766,
        "interestIncomeExpense": -52,
        "minorityInterest": 0,
        "netIncome": 155,
        "netIncomeAfterTaxes": 155,
        "nonRecurringItems": -12,
        "period": "2023-08-31",
        "pretaxIncome": 370,
        "provisionforIncomeTaxes": 215,
        "researchDevelopment": 9,
        "revenue": 8458,
        "sgaExpense": 295,
        "totalOperatingExpense": 313,
        "totalOtherIncomeExpenseNet": -19
      },
      {
        "costOfGoodsSold": 7778,
        "depreciationAmortization": 7,
        "dilutedAverageSharesOutstanding": 135.1,
        "dilutedEPS": 1.72,
        "ebit": 375,
        "grossIncome": 697,
        "interestExpense": 83,
        "interestIncomeExpense": -51,
        "minorityInterest": 0,
        "netIncome": 233,
        "netIncomeAfterTaxes": 233,
        "nonRecurringItems": 0,
        "period": "2023-05-31",
        "pretaxIncome": 306,
        "provisionforIncomeTaxes": 73,
        "researchDevelopment": 8,
        "revenue": 8475,
        "sgaExpense": 307,
        "totalOperatingExpense": 322,
        "totalOtherIncomeExpenseNet": -18
      },
      {
        "costOfGoodsSold": 7473,
        "depreciationAmortization": 9,
        "dilutedAverageSharesOutstanding": 136.3,
        "dilutedEPS": 1.52,
        "ebit": 359,
        "grossIncome": 661,
        "interestExpense": 72,
        "interestIncomeExpense": -55,
        "minorityInterest": 0,
        "netIncome": 207,
        "netIncomeAfterTaxes": 207,
        "nonRecurringItems": 0,
        "period": "2023-02-28",
        "pretaxIncome": 287,
        "provisionforIncomeTaxes": 80,
        "researchDevelopment": 8,
        "revenue": 8134,
        "sgaExpense": 285,
        "totalOperatingExpense": 302,
        "totalOtherIncomeExpenseNet": -17
      },
      {
        "costOfGoodsSold": 8892,
        "depreciationAmortization": 8,
        "dilutedAverageSharesOutstanding": 138,
        "dilutedEPS": 1.62,
        "ebit": 407,
        "grossIncome": 743,
        "interestExpense": 61,
        "interestIncomeExpense": -48,
        "minorityInterest": 0,
        "netIncome": 223,
        "netIncomeAfterTaxes": 223,
        "nonRecurringItems": -45,
        "period": "2022-11-30",
        "pretaxIncome": 299,
        "provisionforIncomeTaxes": 76,
        "researchDevelopment": 9,
        "revenue": 9635,
        "sgaExpense": 319,
        "totalOperatingExpense": 336,
        "totalOtherIncomeExpenseNet": -15
      },
      {
        "costOfGoodsSold": 8301,
        "depreciationAmortization": 10,
        "dilutedAverageSharesOutstanding": 140.2,
        "dilutedEPS": 2.25,
        "ebit": 427,
        "grossIncome": 729,
        "interestExpense": 46,
        "interestIncomeExpense": -43,
        "minorityInterest": 0,
        "netIncome": 315,
        "netIncomeAfterTaxes": 315,
        "nonRecurringItems": -18,
        "period": "2022-08-31",
        "pretaxIncome": 352,
        "provisionforIncomeTaxes": 37,
        "researchDevelopment": 8,
        "revenue": 9030,
        "sgaExpense": 284,
        "totalOperatingExpense": 302,
        "totalOtherIncomeExpenseNet": -14
      },
      {
        "costOfGoodsSold": 7709,
        "depreciationAmortization": 8,
        "dilutedAverageSharesOutstanding": 143.3,
        "dilutedEPS": 1.52,
        "ebit": 321,
        "grossIncome": 619,
        "interestExpense": 39,
        "interestIncomeExpense": -38,
        "minorityInterest": 0,
        "netIncome": 218,
        "netIncomeAfterTaxes": 218,
        "nonRecurringItems": -4,
        "period": "2022-05-31",
        "pretaxIncome": 278,
        "provisionforIncomeTaxes": 60,
        "researchDevelopment": 8,
        "revenue": 8328,
        "sgaExpense": 282,
        "totalOperatingExpense": 298,
        "totalOtherIncomeExpenseNet": -1
      },
      {
        "costOfGoodsSold": 6944,
        "depreciationAmortization": 8,
        "dilutedAverageSharesOutstanding": 146.4,
        "dilutedEPS": 1.52,
        "ebit": 313,
        "grossIncome": 609,
        "interestExpense": 33,
        "interestIncomeExpense": -33,
        "minorityInterest": 0,
        "netIncome": 222,
        "netIncomeAfterTaxes": 222,
        "nonRecurringItems": 0,
        "period": "2022-02-28",
        "pretaxIncome": 284,
        "provisionforIncomeTaxes": 62,
        "researchDevelopment": 8,
        "revenue": 7553,
        "sgaExpense": 280,
        "totalOperatingExpense": 296,
        "totalOtherIncomeExpenseNet": 4
      },
      {
        "costOfGoodsSold": 7892,
        "depreciationAmortization": 8,
        "dilutedAverageSharesOutstanding": 147.7,
        "dilutedEPS": 1.63,
        "ebit": 350,
        "grossIncome": 675,
        "interestExpense": 33,
        "interestIncomeExpense": -32,
        "minorityInterest": 0,
        "netIncome": 241,
        "netIncomeAfterTaxes": 241,
        "nonRecurringItems": 0,
        "period": "2021-11-30",
        "pretaxIncome": 317,
        "provisionforIncomeTaxes": 76,
        "researchDevelopment": 9,
        "revenue": 8567,
        "sgaExpense": 308,
        "totalOperatingExpense": 325,
        "totalOtherIncomeExpenseNet": -1
      },
      {
        "costOfGoodsSold": 6822.6,
        "depreciationAmortization": 11.8,
        "dilutedAverageSharesOutstanding": 149.9,
        "dilutedEPS": 1.16,
        "ebit": 269.2,
        "grossIncome": 586.7,
        "interestExpense": 32.825,
        "interestIncomeExpense": -32.3,
        "minorityInterest": -0.2,
        "netIncome": 174.4,
        "netIncomeAfterTaxes": 174.6,
        "nonRecurringItems": -4.3,
        "period": "2021-08-31",
        "pretaxIncome": 236.8,
        "provisionforIncomeTaxes": 62.1,
        "researchDevelopment": 6.9,
        "revenue": 7409.3,
        "sgaExpense": 298.7,
        "totalOperatingExpense": 317.5,
        "totalOtherIncomeExpenseNet": 4.2
      },
      {
        "costOfGoodsSold": 6646.8,
        "depreciationAmortization": 12.1,
        "dilutedAverageSharesOutstanding": 152,
        "dilutedEPS": 1.12,
        "ebit": 240.5,
        "grossIncome": 567.8,
        "interestExpense": 33.803,
        "interestIncomeExpense": -32.2,
        "minorityInterest": -0.5,
        "netIncome": 169.5,
        "netIncomeAfterTaxes": 170,
        "nonRecurringItems": 1.7,
        "period": "2021-05-31",
        "pretaxIncome": 213.3,
        "provisionforIncomeTaxes": 43.3,
        "researchDevelopment": 9.7,
        "revenue": 7214.6,
        "sgaExpense": 305.6,
        "totalOperatingExpense": 327.4,
        "totalOtherIncomeExpenseNet": 3.4
      },
      {
        "costOfGoodsSold": 6258.6,
        "depreciationAmortization": 11.6,
        "dilutedAverageSharesOutstanding": 153,
        "dilutedEPS": 0.99,
        "ebit": 243,
        "grossIncome": 569.9,
        "interestExpense": 31.026,
        "interestIncomeExpense": -29.4,
        "minorityInterest": -0.7,
        "netIncome": 151.7,
        "netIncomeAfterTaxes": 152.4,
        "nonRecurringItems": -6.6,
        "period": "2021-02-28",
        "pretaxIncome": 208.5,
        "provisionforIncomeTaxes": 56.2,
        "researchDevelopment": 9.4,
        "revenue": 6828.5,
        "sgaExpense": 305.9,
        "totalOperatingExpense": 327,
        "totalOtherIncomeExpenseNet": 1.6
      },
      {
        "costOfGoodsSold": 7198,
        "depreciationAmortization": 11.5,
        "dilutedAverageSharesOutstanding": 152.9,
        "dilutedEPS": 1.31,
        "ebit": 312.3,
        "grossIncome": 634.6,
        "interestExpense": 32.346,
        "interestIncomeExpense": -30.5,
        "minorityInterest": -0.6,
        "netIncome": 200.4,
        "netIncomeAfterTaxes": 201,
        "nonRecurringItems": 1.7,
        "period": "2020-11-30",
        "pretaxIncome": 285.4,
        "provisionforIncomeTaxes": 84.4,
        "researchDevelopment": 8.1,
        "revenue": 7832.5,
        "sgaExpense": 302.8,
        "totalOperatingExpense": 322.3,
        "totalOtherIncomeExpenseNet": 1.9
      },
      {
        "costOfGoodsSold": 6798.1,
        "depreciationAmortization": 12.6,
        "dilutedAverageSharesOutstanding": 165.2,
        "dilutedEPS": 0.41,
        "ebit": 231.1,
        "grossIncome": 501.9,
        "interestExpense": 40.91,
        "interestIncomeExpense": -39.5,
        "minorityInterest": -1.2,
        "netIncome": 67.7,
        "netIncomeAfterTaxes": 68.9,
        "nonRecurringItems": -70.5,
        "period": "2020-08-31",
        "pretaxIncome": 115.2,
        "provisionforIncomeTaxes": 46.3,
        "researchDevelopment": 10.5,
        "revenue": 7300,
        "sgaExpense": 247.6,
        "totalOperatingExpense": 270.8,
        "totalOtherIncomeExpenseNet": -5.9
      },
      {
        "costOfGoodsSold": 5828.6,
        "depreciationAmortization": 13.2,
        "dilutedAverageSharesOutstanding": 150.7,
        "dilutedEPS": -0.34,
        "ebit": 196,
        "grossIncome": 507,
        "interestExpense": 41.873,
        "interestIncomeExpense": -40,
        "minorityInterest": -0.7,
        "netIncome": -51,
        "netIncomeAfterTaxes": -50.3,
        "nonRecurringItems": -136.6,
        "period": "2020-05-31",
        "pretaxIncome": 13.8,
        "provisionforIncomeTaxes": 64,
        "researchDevelopment": 11.6,
        "revenue": 6335.6,
        "sgaExpense": 286.3,
        "totalOperatingExpense": 311.1,
        "totalOtherIncomeExpenseNet": -5.6
      },
      {
        "costOfGoodsSold": 5648.3,
        "depreciationAmortization": 13.6,
        "dilutedAverageSharesOutstanding": 152.1,
        "dilutedEPS": -0.02,
        "ebit": 173.2,
        "grossIncome": 476.8,
        "interestExpense": 46.183,
        "interestIncomeExpense": -40.8,
        "minorityInterest": -0.7,
        "netIncome": -3.3,
        "netIncomeAfterTaxes": -2.6,
        "nonRecurringItems": -94.8,
        "period": "2020-02-29",
        "pretaxIncome": 29.1,
        "provisionforIncomeTaxes": 31.7,
        "researchDevelopment": 11.3,
        "revenue": 6125.1,
        "sgaExpense": 278.7,
        "totalOperatingExpense": 303.6,
        "totalOtherIncomeExpenseNet": -8.5
      },
      {
        "costOfGoodsSold": 6951.9,
        "depreciationAmortization": 16.1,
        "dilutedAverageSharesOutstanding": 156.5,
        "dilutedEPS": 0.26,
        "ebit": 198.1,
        "grossIncome": 553.8,
        "interestExpense": 44.911,
        "interestIncomeExpense": -39,
        "minorityInterest": -0.3,
        "netIncome": 40.4,
        "netIncomeAfterTaxes": 40.7,
        "nonRecurringItems": -45.3,
        "period": "2019-11-30",
        "pretaxIncome": 102.6,
        "provisionforIncomeTaxes": 61.9,
        "researchDevelopment": 10.8,
        "revenue": 7505.7,
        "sgaExpense": 328.9,
        "totalOperatingExpense": 355.7,
        "totalOtherIncomeExpenseNet": -11.2
      },
      {
        "costOfGoodsSold": 6078.4,
        "depreciationAmortization": 8.9,
        "dilutedAverageSharesOutstanding": 157.5,
        "dilutedEPS": 0.33,
        "ebit": 199.5,
        "grossIncome": 495.1,
        "interestExpense": 49.404,
        "interestIncomeExpense": -43.8,
        "minorityInterest": -1.1,
        "netIncome": 52.7,
        "netIncomeAfterTaxes": 53.8,
        "nonRecurringItems": -39.4,
        "period": "2019-08-31",
        "pretaxIncome": 101.9,
        "provisionforIncomeTaxes": 48.2,
        "researchDevelopment": 10.1,
        "revenue": 6573.5,
        "sgaExpense": 276.6,
        "totalOperatingExpense": 295.5,
        "totalOtherIncomeExpenseNet": -14.4
      },
      {
        "costOfGoodsSold": 5691.8,
        "depreciationAmortization": 7.6,
        "dilutedAverageSharesOutstanding": 155.7,
        "dilutedEPS": 0.28,
        "ebit": 150.2,
        "grossIncome": 443.8,
        "interestExpense": 50.514,
        "interestIncomeExpense": -43.8,
        "minorityInterest": -0.6,
        "netIncome": 43.5,
        "netIncomeAfterTaxes": 44,
        "nonRecurringItems": -9.3,
        "period": "2019-05-31",
        "pretaxIncome": 83.1,
        "provisionforIncomeTaxes": 39,
        "researchDevelopment": 11.4,
        "revenue": 6135.6,
        "sgaExpense": 274.5,
        "totalOperatingExpense": 293.6,
        "totalOtherIncomeExpenseNet": -14.1
      },
      {
        "costOfGoodsSold": 5612.1,
        "depreciationAmortization": 7.8,
        "dilutedAverageSharesOutstanding": 156.7,
        "dilutedEPS": 0.43,
        "ebit": 154.8,
        "grossIncome": 454.9,
        "interestExpense": 46.16,
        "interestIncomeExpense": -41.4,
        "minorityInterest": -0.3,
        "netIncome": 67.4,
        "netIncomeAfterTaxes": 67.6,
        "nonRecurringItems": -0.8,
        "period": "2019-02-28",
        "pretaxIncome": 100.8,
        "provisionforIncomeTaxes": 33.2,
        "researchDevelopment": 10.2,
        "revenue": 6067,
        "sgaExpense": 282.1,
        "totalOperatingExpense": 300.1,
        "totalOtherIncomeExpenseNet": -11.8
      },
      {
        "costOfGoodsSold": 5986.6,
        "depreciationAmortization": 7.6,
        "dilutedAverageSharesOutstanding": 163.7,
        "dilutedEPS": 0.75,
        "ebit": 222.7,
        "grossIncome": 519.7,
        "interestExpense": 42.652,
        "interestIncomeExpense": -38.3,
        "minorityInterest": -0.5,
        "netIncome": 123.6,
        "netIncomeAfterTaxes": 110.8,
        "nonRecurringItems": -6,
        "period": "2018-11-30",
        "pretaxIncome": 164.9,
        "provisionforIncomeTaxes": 54.1,
        "researchDevelopment": 11.1,
        "revenue": 6506.3,
        "sgaExpense": 278.1,
        "totalOperatingExpense": 297,
        "totalOtherIncomeExpenseNet": -13.6
      },
      {
        "costOfGoodsSold": 5329.7,
        "depreciationAmortization": 8.6,
        "dilutedAverageSharesOutstanding": 166.9,
        "dilutedEPS": -0.34,
        "ebit": 161.3,
        "grossIncome": 442.1,
        "interestExpense": 38.782,
        "interestIncomeExpense": -34.3,
        "minorityInterest": -0.7,
        "netIncome": -57.3,
        "netIncomeAfterTaxes": 54.8,
        "nonRecurringItems": -7.4,
        "period": "2018-08-31",
        "pretaxIncome": 108.5,
        "provisionforIncomeTaxes": 53.8,
        "researchDevelopment": 11,
        "revenue": 5771.8,
        "sgaExpense": 261.2,
        "totalOperatingExpense": 280.8,
        "totalOtherIncomeExpenseNet": -11.1
      },
      {
        "costOfGoodsSold": 5038.7,
        "depreciationAmortization": 10,
        "dilutedAverageSharesOutstanding": 173.3,
        "dilutedEPS": 0.25,
        "ebit": 125.6,
        "grossIncome": 398.2,
        "interestExpense": 36.178,
        "interestIncomeExpense": -31.7,
        "minorityInterest": -0.2,
        "netIncome": 42.5,
        "netIncomeAfterTaxes": 42.7,
        "nonRecurringItems": -12.6,
        "period": "2018-05-31",
        "pretaxIncome": 71.2,
        "provisionforIncomeTaxes": 28.5,
        "researchDevelopment": 10.1,
        "revenue": 5437,
        "sgaExpense": 252.5,
        "totalOperatingExpense": 272.7,
        "totalOtherIncomeExpenseNet": -10.1
      },
      {
        "costOfGoodsSold": 4904,
        "depreciationAmortization": 9.9,
        "dilutedAverageSharesOutstanding": 177,
        "dilutedEPS": 0.21,
        "ebit": 134.9,
        "grossIncome": 397.1,
        "interestExpense": 37.796,
        "interestIncomeExpense": -32.8,
        "minorityInterest": -0.2,
        "netIncome": 37.3,
        "netIncomeAfterTaxes": 68.4,
        "nonRecurringItems": -5.4,
        "period": "2018-02-28",
        "pretaxIncome": 86.3,
        "provisionforIncomeTaxes": 17.8,
        "researchDevelopment": 8.3,
        "revenue": 5301.1,
        "sgaExpense": 243.9,
        "totalOperatingExpense": 262.2,
        "totalOtherIncomeExpenseNet": -10.5
      },
      {
        "costOfGoodsSold": 5116.2,
        "depreciationAmortization": 10,
        "dilutedAverageSharesOutstanding": 180.2,
        "dilutedEPS": 0.35,
        "ebit": 157.2,
        "grossIncome": 469.3,
        "interestExpense": 36.246,
        "interestIncomeExpense": -32.4,
        "minorityInterest": -0.1,
        "netIncome": 63.8,
        "netIncomeAfterTaxes": 63.9,
        "nonRecurringItems": -11.4,
        "period": "2017-11-30",
        "pretaxIncome": 107.4,
        "provisionforIncomeTaxes": 43.5,
        "researchDevelopment": 9.1,
        "revenue": 5585.5,
        "sgaExpense": 293.1,
        "totalOperatingExpense": 312.2,
        "totalOtherIncomeExpenseNet": -5.9
      },
      {
        "costOfGoodsSold": 4597.2,
        "depreciationAmortization": 9.3,
        "dilutedAverageSharesOutstanding": 183.5,
        "dilutedEPS": 0.25,
        "ebit": 167.1,
        "grossIncome": 425.8,
        "interestExpense": 35.987,
        "interestIncomeExpense": -31.9,
        "minorityInterest": -0.4,
        "netIncome": 45.7,
        "netIncomeAfterTaxes": 46,
        "nonRecurringItems": -49,
        "period": "2017-08-31",
        "pretaxIncome": 81.6,
        "provisionforIncomeTaxes": 35.6,
        "researchDevelopment": 7.7,
        "revenue": 5023,
        "sgaExpense": 241.8,
        "totalOperatingExpense": 258.8,
        "totalOtherIncomeExpenseNet": -4.6
      },
      {
        "costOfGoodsSold": 4163.1,
        "depreciationAmortization": 9.2,
        "dilutedAverageSharesOutstanding": 181,
        "dilutedEPS": -0.14,
        "ebit": 76.1,
        "grossIncome": 326.4,
        "interestExpense": 35.443,
        "interestIncomeExpense": -31.8,
        "minorityInterest": 0.4,
        "netIncome": -25.3,
        "netIncomeAfterTaxes": -25.7,
        "nonRecurringItems": -32.7,
        "period": "2017-05-31",
        "pretaxIncome": -4.2,
        "provisionforIncomeTaxes": 21.5,
        "researchDevelopment": 7.3,
        "revenue": 4489.6,
        "sgaExpense": 233.9,
        "totalOperatingExpense": 250.4,
        "totalOtherIncomeExpenseNet": -15.8
      },
      {
        "costOfGoodsSold": 4083.7,
        "depreciationAmortization": 8.8,
        "dilutedAverageSharesOutstanding": 185,
        "dilutedEPS": 0.11,
        "ebit": 128.1,
        "grossIncome": 361.9,
        "interestExpense": 33.8,
        "interestIncomeExpense": -31.5,
        "minorityInterest": 0.5,
        "netIncome": 20.7,
        "netIncomeAfterTaxes": 20.1,
        "nonRecurringItems": -44.9,
        "period": "2017-02-28",
        "pretaxIncome": 48.3,
        "provisionforIncomeTaxes": 28.2,
        "researchDevelopment": 7.1,
        "revenue": 4445.6,
        "sgaExpense": 217.9,
        "totalOperatingExpense": 233.9,
        "totalOtherIncomeExpenseNet": -3.4
      },
      {
        "costOfGoodsSold": 4673.4,
        "depreciationAmortization": 8.3,
        "dilutedAverageSharesOutstanding": 187.9,
        "dilutedEPS": 0.47,
        "ebit": 201.5,
        "grossIncome": 431.5,
        "interestExpense": 32.844,
        "interestIncomeExpense": -30.4,
        "minorityInterest": 1.3,
        "netIncome": 88,
        "netIncomeAfterTaxes": 86.7,
        "nonRecurringItems": -35.9,
        "period": "2016-11-30",
        "pretaxIncome": 130.5,
        "provisionforIncomeTaxes": 43.8,
        "researchDevelopment": 7.6,
        "revenue": 5104.9,
        "sgaExpense": 214.1,
        "totalOperatingExpense": 230,
        "totalOtherIncomeExpenseNet": -4.7
      },
      {
        "costOfGoodsSold": 4107.1,
        "depreciationAmortization": 11,
        "dilutedAverageSharesOutstanding": 191.8,
        "dilutedEPS": 0.2,
        "ebit": 96.8,
        "grossIncome": 323.6,
        "interestExpense": 34.027,
        "interestIncomeExpense": -31.6,
        "minorityInterest": -0.6,
        "netIncome": 38.1,
        "netIncomeAfterTaxes": 38.7,
        "nonRecurringItems": -3,
        "period": "2016-08-31",
        "pretaxIncome": 60.2,
        "provisionforIncomeTaxes": 21.5,
        "researchDevelopment": 7.5,
        "revenue": 4430.8,
        "sgaExpense": 208.3,
        "totalOperatingExpense": 226.9,
        "totalOtherIncomeExpenseNet": -2
      },
      {
        "costOfGoodsSold": 3989.7,
        "depreciationAmortization": 9.7,
        "dilutedAverageSharesOutstanding": 193.1,
        "dilutedEPS": 0.03,
        "ebit": 64.1,
        "grossIncome": 321.1,
        "interestExpense": 35.212,
        "interestIncomeExpense": -32.9,
        "minorityInterest": -0.6,
        "netIncome": 5.2,
        "netIncomeAfterTaxes": 5.8,
        "nonRecurringItems": -4.5,
        "period": "2016-05-31",
        "pretaxIncome": 24.3,
        "provisionforIncomeTaxes": 18.4,
        "researchDevelopment": 7.7,
        "revenue": 4310.8,
        "sgaExpense": 239.6,
        "totalOperatingExpense": 257,
        "totalOtherIncomeExpenseNet": -2.4
      },
      {
        "costOfGoodsSold": 4004.2,
        "depreciationAmortization": 8.6,
        "dilutedAverageSharesOutstanding": 193.3,
        "dilutedEPS": 0.41,
        "ebit": 157.4,
        "grossIncome": 399.4,
        "interestExpense": 34.262,
        "interestIncomeExpense": -32,
        "minorityInterest": 0.5,
        "netIncome": 78.9,
        "netIncomeAfterTaxes": 78.4,
        "nonRecurringItems": -2.5,
        "period": "2016-02-29",
        "pretaxIncome": 120.8,
        "provisionforIncomeTaxes": 42.4,
        "researchDevelopment": 8.5,
        "revenue": 4403.6,
        "sgaExpense": 224.9,
        "totalOperatingExpense": 242,
        "totalOtherIncomeExpenseNet": -2.2
      },
      {
        "costOfGoodsSold": 4724.4,
        "depreciationAmortization": 7.8,
        "dilutedAverageSharesOutstanding": 193.2,
        "dilutedEPS": 0.68,
        "ebit": 215.9,
        "grossIncome": 483.5,
        "interestExpense": 33.035,
        "interestIncomeExpense": -31,
        "minorityInterest": 0,
        "netIncome": 131.9,
        "netIncomeAfterTaxes": 131.9,
        "nonRecurringItems": -1.4,
        "period": "2015-11-30",
        "pretaxIncome": 181.8,
        "provisionforIncomeTaxes": 49.9,
        "researchDevelopment": 8.3,
        "revenue": 5208,
        "sgaExpense": 251.5,
        "totalOperatingExpense": 267.7,
        "totalOtherIncomeExpenseNet": -1.8
      },
      {
        "costOfGoodsSold": 4304.2,
        "depreciationAmortization": 7.4,
        "dilutedAverageSharesOutstanding": 196.6,
        "dilutedEPS": 0.46,
        "ebit": 151.6,
        "grossIncome": 376.6,
        "interestExpense": 32.207,
        "interestIncomeExpense": -28.7,
        "minorityInterest": -0.8,
        "netIncome": 87.7,
        "netIncomeAfterTaxes": 91,
        "nonRecurringItems": -1.2,
        "period": "2015-08-31",
        "pretaxIncome": 121.3,
        "provisionforIncomeTaxes": 30.3,
        "researchDevelopment": 8.1,
        "revenue": 4680.8,
        "sgaExpense": 209.5,
        "totalOperatingExpense": 225,
        "totalOtherIncomeExpenseNet": -0.4
      }
    ],
    "symbol": "JBL"
  }
}