{
  "symbol": "HPQ",
  "statement": "ic",
  "frequency": "annual",
  "timestamp": "2025-09-19T14:01:43.740124",
  "data": {
    "financials": [
      {
        "costOfGoodsSold": 41741,
        "depreciationAmortization": 318,
        "dilutedAverageSharesOutstanding": 989,
        "dilutedEPS": 2.81,
        "ebit": 4202,
        "grossIncome": 11818,
        "interestExpense": 452,
        "interestIncomeExpense": -452,
        "netIncome": 2775,
        "netIncomeAfterTaxes": 2775,
        "nonRecurringItems": -387,
        "period": "2024-10-31",
        "pretaxIncome": 3279,
        "provisionforIncomeTaxes": 504,
        "researchDevelopment": 1640,
        "revenue": 53559,
        "sgaExpense": 5658,
        "totalOperatingExpense": 7616,
        "totalOtherIncomeExpenseNet": -84,
        "year": 2024
      },
      {
        "costOfGoodsSold": 42210,
        "depreciationAmortization": 350,
        "dilutedAverageSharesOutstanding": 1000,
        "dilutedEPS": 3.26,
        "ebit": 4223,
        "grossIncome": 11508,
        "interestExpense": 548,
        "interestIncomeExpense": -548,
        "netIncome": 3263,
        "netIncomeAfterTaxes": 3263,
        "nonRecurringItems": -660,
        "period": "2023-10-31",
        "pretaxIncome": 2937,
        "provisionforIncomeTaxes": -326,
        "researchDevelopment": 1578,
        "revenue": 53718,
        "sgaExpense": 5357,
        "totalOperatingExpense": 7285,
        "totalOtherIncomeExpenseNet": -78,
        "year": 2023
      },
      {
        "costOfGoodsSold": 50647,
        "depreciationAmortization": 228,
        "dilutedAverageSharesOutstanding": 1050,
        "dilutedEPS": 2.98,
        "ebit": 5118,
        "grossIncome": 12263,
        "interestExpense": 359,
        "interestIncomeExpense": -359,
        "netIncome": 3132,
        "netIncomeAfterTaxes": 3132,
        "nonRecurringItems": -559,
        "period": "2022-10-31",
        "pretaxIncome": 4324,
        "provisionforIncomeTaxes": 1192,
        "researchDevelopment": 1653,
        "revenue": 62910,
        "sgaExpense": 5264,
        "totalOperatingExpense": 7145,
        "totalOtherIncomeExpenseNet": 124,
        "year": 2022
      },
      {
        "costOfGoodsSold": 50053,
        "depreciationAmortization": 154,
        "dilutedAverageSharesOutstanding": 1220,
        "dilutedEPS": 5.36,
        "ebit": 5678,
        "grossIncome": 13407,
        "interestExpense": 254,
        "interestIncomeExpense": -254,
        "netIncome": 6541,
        "netIncomeAfterTaxes": 6541,
        "nonRecurringItems": 1969,
        "period": "2021-10-31",
        "pretaxIncome": 7568,
        "provisionforIncomeTaxes": 1027,
        "researchDevelopment": 1848,
        "revenue": 63460,
        "sgaExpense": 5727,
        "totalOperatingExpense": 7729,
        "totalOtherIncomeExpenseNet": 175,
        "year": 2021
      },
      {
        "costOfGoodsSold": 46202,
        "depreciationAmortization": 113,
        "dilutedAverageSharesOutstanding": 1420,
        "dilutedEPS": 2,
        "ebit": 3940,
        "grossIncome": 10437,
        "interestExpense": 239,
        "interestIncomeExpense": -239,
        "netIncome": 2844,
        "netIncomeAfterTaxes": 2844,
        "nonRecurringItems": -518,
        "period": "2020-10-31",
        "pretaxIncome": 3231,
        "provisionforIncomeTaxes": 387,
        "researchDevelopment": 1478,
        "revenue": 56639,
        "sgaExpense": 4906,
        "totalOperatingExpense": 6497,
        "totalOtherIncomeExpenseNet": 48,
        "year": 2020
      },
      {
        "costOfGoodsSold": 47586,
        "depreciationAmortization": 116,
        "dilutedAverageSharesOutstanding": 1524,
        "dilutedEPS": 2.06,
        "ebit": 4187,
        "grossIncome": 11170,
        "interestExpense": 242,
        "interestIncomeExpense": -347,
        "netIncome": 3152,
        "netIncomeAfterTaxes": 3074,
        "nonRecurringItems": -310,
        "period": "2019-10-31",
        "pretaxIncome": 2523,
        "provisionforIncomeTaxes": -551,
        "researchDevelopment": 1499,
        "revenue": 58756,
        "sgaExpense": 5368,
        "totalOperatingExpense": 6983,
        "totalOtherIncomeExpenseNet": -1007,
        "year": 2019
      },
      {
        "costOfGoodsSold": 47803,
        "depreciationAmortization": 80,
        "dilutedAverageSharesOutstanding": 1634,
        "dilutedEPS": 3.26,
        "ebit": 4086,
        "grossIncome": 10669,
        "interestExpense": 312,
        "interestIncomeExpense": -286,
        "netIncome": 5327,
        "netIncomeAfterTaxes": 2863,
        "nonRecurringItems": -381,
        "period": "2018-10-31",
        "pretaxIncome": 3013,
        "provisionforIncomeTaxes": 150,
        "researchDevelopment": 1404,
        "revenue": 58472,
        "sgaExpense": 5099,
        "totalOperatingExpense": 6583,
        "totalOtherIncomeExpenseNet": -406,
        "year": 2018
      },
      {
        "costOfGoodsSold": 42478,
        "depreciationAmortization": 1,
        "dilutedAverageSharesOutstanding": 1702,
        "dilutedEPS": 1.48,
        "ebit": 3855,
        "grossIncome": 9578,
        "interestExpense": 309,
        "interestIncomeExpense": -338,
        "netIncome": 2526,
        "netIncomeAfterTaxes": 2526,
        "nonRecurringItems": -487,
        "period": "2017-10-31",
        "pretaxIncome": 3276,
        "provisionforIncomeTaxes": 750,
        "researchDevelopment": 1190,
        "revenue": 52056,
        "sgaExpense": 4532,
        "totalOperatingExpense": 5723,
        "totalOtherIncomeExpenseNet": 246,
        "year": 2017
      },
      {
        "costOfGoodsSold": 39240,
        "depreciationAmortization": 16,
        "dilutedAverageSharesOutstanding": 1743,
        "dilutedEPS": 1.43,
        "ebit": 3933,
        "grossIncome": 8998,
        "interestExpense": 273,
        "interestIncomeExpense": -313,
        "netIncome": 2496,
        "netIncomeAfterTaxes": 2666,
        "nonRecurringItems": -384,
        "period": "2016-10-31",
        "pretaxIncome": 3761,
        "provisionforIncomeTaxes": 1095,
        "researchDevelopment": 1209,
        "revenue": 48238,
        "sgaExpense": 3840,
        "totalOperatingExpense": 5065,
        "totalOtherIncomeExpenseNet": 525,
        "year": 2016
      },
      {
        "costOfGoodsSold": 41524,
        "depreciationAmortization": 102,
        "dilutedAverageSharesOutstanding": 1836,
        "dilutedEPS": 2.48,
        "ebit": 3926,
        "grossIncome": 9939,
        "interestExpense": 167,
        "interestIncomeExpense": 125,
        "netIncome": 4554,
        "netIncomeAfterTaxes": 3718,
        "nonRecurringItems": -6,
        "period": "2015-10-31",
        "pretaxIncome": 3532,
        "provisionforIncomeTaxes": -186,
        "researchDevelopment": 1191,
        "revenue": 51463,
        "sgaExpense": 4720,
        "totalOperatingExpense": 6013,
        "totalOtherIncomeExpenseNet": -513,
        "year": 2015
      }
    ],
    "symbol": "HPQ"
  }
}