{
  "symbol": "NOC",
  "statement": "ic",
  "frequency": "annual",
  "timestamp": "2025-09-19T14:04:46.790148",
  "data": {
    "financials": [
      {
        "costOfGoodsSold": 32671,
        "dilutedAverageSharesOutstanding": 147.3,
        "dilutedEPS": 28.3367,
        "ebit": 4370,
        "grossIncome": 8362,
        "interestExpense": 621,
        "interestIncomeExpense": -621,
        "netIncome": 4174,
        "netIncomeAfterTaxes": 4174,
        "period": "2024-12-31",
        "pretaxIncome": 5016,
        "provisionforIncomeTaxes": 842,
        "researchDevelopment": 1100,
        "revenue": 41033,
        "sgaExpense": 2892,
        "totalOperatingExpense": 3992,
        "totalOtherIncomeExpenseNet": 1267,
        "year": 2024
      },
      {
        "costOfGoodsSold": 32739,
        "dilutedAverageSharesOutstanding": 152,
        "dilutedEPS": 13.5263,
        "ebit": 2537,
        "grossIncome": 6551,
        "interestExpense": 545,
        "interestIncomeExpense": -545,
        "netIncome": 2056,
        "netIncomeAfterTaxes": 2056,
        "nonRecurringItems": 0,
        "period": "2023-12-31",
        "pretaxIncome": 2346,
        "provisionforIncomeTaxes": 290,
        "researchDevelopment": 1200,
        "revenue": 39290,
        "sgaExpense": 2814,
        "totalOperatingExpense": 4014,
        "totalOtherIncomeExpenseNet": 354,
        "year": 2023
      },
      {
        "costOfGoodsSold": 29128,
        "dilutedAverageSharesOutstanding": 156,
        "dilutedEPS": 31.38,
        "ebit": 3601,
        "grossIncome": 7474,
        "interestExpense": 506,
        "interestIncomeExpense": -506,
        "netIncome": 4896,
        "netIncomeAfterTaxes": 4896,
        "nonRecurringItems": 0,
        "period": "2022-12-31",
        "pretaxIncome": 5836,
        "provisionforIncomeTaxes": 940,
        "researchDevelopment": 1200,
        "revenue": 36602,
        "sgaExpense": 2673,
        "totalOperatingExpense": 3873,
        "totalOtherIncomeExpenseNet": 2741,
        "year": 2022
      },
      {
        "costOfGoodsSold": 28399,
        "dilutedAverageSharesOutstanding": 161,
        "dilutedEPS": 43.5,
        "ebit": 3671,
        "grossIncome": 7268,
        "interestExpense": 556,
        "interestIncomeExpense": -556,
        "netIncome": 7005,
        "netIncomeAfterTaxes": 7005,
        "nonRecurringItems": 1926,
        "period": "2021-12-31",
        "pretaxIncome": 8938,
        "provisionforIncomeTaxes": 1933,
        "researchDevelopment": 1100,
        "revenue": 35667,
        "sgaExpense": 2497,
        "totalOperatingExpense": 3597,
        "totalOtherIncomeExpenseNet": 3897,
        "year": 2021
      },
      {
        "costOfGoodsSold": 29321,
        "dilutedAverageSharesOutstanding": 168,
        "dilutedEPS": 18.98,
        "ebit": 4065,
        "grossIncome": 7478,
        "interestExpense": 593,
        "interestIncomeExpense": -593,
        "netIncome": 3189,
        "netIncomeAfterTaxes": 3189,
        "period": "2020-12-31",
        "pretaxIncome": 3728,
        "provisionforIncomeTaxes": 539,
        "researchDevelopment": 1100,
        "revenue": 36799,
        "sgaExpense": 2313,
        "totalOperatingExpense": 3413,
        "totalOtherIncomeExpenseNet": 256,
        "year": 2020
      },
      {
        "costOfGoodsSold": 26582,
        "dilutedAverageSharesOutstanding": 170,
        "dilutedEPS": 13.22,
        "ebit": 3969,
        "grossIncome": 7259,
        "interestExpense": 528,
        "interestIncomeExpense": -528,
        "netIncome": 2248,
        "netIncomeAfterTaxes": 2248,
        "period": "2019-12-31",
        "pretaxIncome": 2548,
        "provisionforIncomeTaxes": 300,
        "researchDevelopment": 953,
        "revenue": 33841,
        "sgaExpense": 2337,
        "totalOperatingExpense": 3290,
        "totalOtherIncomeExpenseNet": -893,
        "year": 2019
      },
      {
        "costOfGoodsSold": 23304,
        "dilutedAverageSharesOutstanding": 175,
        "dilutedEPS": 18.45,
        "ebit": 3780,
        "grossIncome": 6791,
        "interestExpense": 562,
        "interestIncomeExpense": -562,
        "netIncome": 3229,
        "netIncomeAfterTaxes": 3145,
        "period": "2018-12-31",
        "pretaxIncome": 3742,
        "provisionforIncomeTaxes": 597,
        "researchDevelopment": 764,
        "revenue": 30095,
        "sgaExpense": 2247,
        "totalOperatingExpense": 3011,
        "totalOtherIncomeExpenseNet": 524,
        "year": 2018
      },
      {
        "costOfGoodsSold": 20074,
        "dilutedAverageSharesOutstanding": 176,
        "dilutedEPS": 16.3,
        "ebit": 3218,
        "grossIncome": 5930,
        "interestExpense": 360,
        "interestIncomeExpense": -360,
        "netIncome": 2869,
        "netIncomeAfterTaxes": 3154,
        "period": "2017-12-31",
        "pretaxIncome": 4229,
        "provisionforIncomeTaxes": 1075,
        "researchDevelopment": 639,
        "revenue": 26004,
        "sgaExpense": 2073,
        "totalOperatingExpense": 2712,
        "totalOtherIncomeExpenseNet": 1371,
        "year": 2017
      },
      {
        "costOfGoodsSold": 18797,
        "dilutedAverageSharesOutstanding": 181,
        "dilutedEPS": 11.28,
        "ebit": 3277,
        "grossIncome": 5909,
        "interestExpense": 301,
        "interestIncomeExpense": -301,
        "netIncome": 2043,
        "netIncomeAfterTaxes": 2043,
        "period": "2016-12-31",
        "pretaxIncome": 2681,
        "provisionforIncomeTaxes": 638,
        "researchDevelopment": 705,
        "revenue": 24706,
        "sgaExpense": 1927,
        "totalOperatingExpense": 2632,
        "totalOtherIncomeExpenseNet": -295,
        "year": 2016
      },
      {
        "costOfGoodsSold": 17884,
        "dilutedAverageSharesOutstanding": 192,
        "dilutedEPS": 10.36,
        "ebit": 3076,
        "grossIncome": 5642,
        "interestExpense": 301,
        "interestIncomeExpense": -301,
        "netIncome": 1990,
        "netIncomeAfterTaxes": 1990,
        "period": "2015-12-31",
        "pretaxIncome": 2790,
        "provisionforIncomeTaxes": 800,
        "researchDevelopment": 712,
        "revenue": 23526,
        "sgaExpense": 1854,
        "totalOperatingExpense": 2566,
        "totalOtherIncomeExpenseNet": 15,
        "year": 2015
      }
    ],
    "symbol": "NOC"
  }
}