{
  "symbol": "MTCH",
  "statement": "ic",
  "frequency": "quarterly",
  "timestamp": "2025-09-19T14:03:42.335326",
  "data": {
    "financials": [
      {
        "costOfGoodsSold": 241.938,
        "depreciationAmortization": 28.559,
        "dilutedAverageSharesOutstanding": 263.773,
        "dilutedEPS": 0.4877,
        "ebit": 212.921,
        "grossIncome": 621.8,
        "interestExpense": 32.16,
        "interestIncomeExpense": -36.062,
        "minorityInterest": 0,
        "netIncome": 125.478,
        "netIncomeAfterTaxes": 125.478,
        "nonRecurringItems": -19,
        "period": "2025-06-30",
        "pretaxIncome": 157.705,
        "provisionforIncomeTaxes": 32.227,
        "researchDevelopment": 114.511,
        "revenue": 863.738,
        "sgaExpense": 265.809,
        "totalOperatingExpense": 408.879,
        "totalOtherIncomeExpenseNet": -0.154
      },
      {
        "costOfGoodsSold": 236.908,
        "depreciationAmortization": 32.207,
        "dilutedAverageSharesOutstanding": 271.928,
        "dilutedEPS": 0.444,
        "ebit": 172.593,
        "grossIncome": 594.27,
        "interestExpense": 35.256,
        "interestIncomeExpense": -32.719,
        "minorityInterest": -0.001,
        "netIncome": 117.57,
        "netIncomeAfterTaxes": 117.571,
        "period": "2025-03-31",
        "pretaxIncome": 139.953,
        "provisionforIncomeTaxes": 22.382,
        "researchDevelopment": 120.854,
        "revenue": 831.178,
        "sgaExpense": 268.616,
        "totalOperatingExpense": 421.677,
        "totalOtherIncomeExpenseNet": 0.079
      },
      {
        "costOfGoodsSold": 236.414,
        "depreciationAmortization": 35.95,
        "dilutedAverageSharesOutstanding": 272.487,
        "dilutedEPS": 0.5926,
        "ebit": 218.788,
        "grossIncome": 623.762,
        "interestExpense": 39.56,
        "interestIncomeExpense": -26.034,
        "minorityInterest": 0.018,
        "netIncome": 158.296,
        "netIncomeAfterTaxes": 158.278,
        "nonRecurringItems": 4.6,
        "period": "2024-12-31",
        "pretaxIncome": 197.544,
        "provisionforIncomeTaxes": 39.266,
        "researchDevelopment": 109.138,
        "revenue": 860.176,
        "sgaExpense": 259.886,
        "totalOperatingExpense": 404.974,
        "totalOtherIncomeExpenseNet": 0.19
      },
      {
        "costOfGoodsSold": 253.129,
        "depreciationAmortization": 32.192,
        "dilutedAverageSharesOutstanding": 275.738,
        "dilutedEPS": 0.5064,
        "ebit": 245.86,
        "grossIncome": 642.355,
        "interestExpense": 40.12,
        "interestIncomeExpense": -32.82,
        "minorityInterest": -0.013,
        "netIncome": 136.468,
        "netIncomeAfterTaxes": 136.481,
        "nonRecurringItems": -35.2,
        "period": "2024-09-30",
        "pretaxIncome": 177.64,
        "provisionforIncomeTaxes": 41.159,
        "researchDevelopment": 103.724,
        "revenue": 895.484,
        "sgaExpense": 260.579,
        "totalOperatingExpense": 396.495,
        "totalOtherIncomeExpenseNet": -0.2
      },
      {
        "costOfGoodsSold": 244.988,
        "depreciationAmortization": 32.044,
        "dilutedAverageSharesOutstanding": 281.882,
        "dilutedEPS": 0.4842,
        "ebit": 204.526,
        "grossIncome": 619.078,
        "interestExpense": 40.038,
        "interestIncomeExpense": -40.038,
        "minorityInterest": -0.006,
        "netIncome": 133.314,
        "netIncomeAfterTaxes": 133.32,
        "period": "2024-06-30",
        "pretaxIncome": 175.013,
        "provisionforIncomeTaxes": 41.693,
        "researchDevelopment": 113.576,
        "revenue": 864.066,
        "sgaExpense": 268.932,
        "totalOperatingExpense": 414.552,
        "totalOtherIncomeExpenseNet": 10.525
      },
      {
        "costOfGoodsSold": 256.742,
        "depreciationAmortization": 30.888,
        "dilutedAverageSharesOutstanding": 286.211,
        "dilutedEPS": 0.4415,
        "ebit": 184.738,
        "grossIncome": 602.905,
        "interestExpense": 40.353,
        "interestIncomeExpense": -40.353,
        "minorityInterest": -0.036,
        "netIncome": 123.198,
        "netIncomeAfterTaxes": 123.234,
        "period": "2024-03-31",
        "pretaxIncome": 153.859,
        "provisionforIncomeTaxes": 30.625,
        "researchDevelopment": 115.737,
        "revenue": 859.647,
        "sgaExpense": 271.542,
        "totalOperatingExpense": 418.167,
        "totalOtherIncomeExpenseNet": 9.474
      },
      {
        "costOfGoodsSold": 208.112,
        "depreciationAmortization": 33.19,
        "dilutedAverageSharesOutstanding": 288.148,
        "dilutedEPS": 0.8079,
        "ebit": 260.252,
        "grossIncome": 658.116,
        "interestExpense": 40.414,
        "interestIncomeExpense": -29.314,
        "minorityInterest": -0.022,
        "netIncome": 229.658,
        "netIncomeAfterTaxes": 229.68,
        "period": "2023-12-31",
        "pretaxIncome": 224.881,
        "provisionforIncomeTaxes": -4.799,
        "researchDevelopment": 97.571,
        "revenue": 866.228,
        "sgaExpense": 267.103,
        "totalOperatingExpense": 397.864,
        "totalOtherIncomeExpenseNet": -6.057
      },
      {
        "costOfGoodsSold": 255.6,
        "depreciationAmortization": 27.8,
        "dilutedAverageSharesOutstanding": 275.2,
        "dilutedEPS": 0.61,
        "ebit": 243.6,
        "grossIncome": 626,
        "interestExpense": 40.38,
        "interestIncomeExpense": -31.9,
        "minorityInterest": 0,
        "netIncome": 163.7,
        "netIncomeAfterTaxes": 163.8,
        "period": "2023-09-30",
        "pretaxIncome": 211.1,
        "provisionforIncomeTaxes": 47.3,
        "researchDevelopment": 94.1,
        "revenue": 881.6,
        "sgaExpense": 260.5,
        "totalOperatingExpense": 382.4,
        "totalOtherIncomeExpenseNet": -0.6
      },
      {
        "costOfGoodsSold": 250.3,
        "depreciationAmortization": 25.9,
        "dilutedAverageSharesOutstanding": 278.1,
        "dilutedEPS": 0.51,
        "ebit": 214.8,
        "grossIncome": 579.3,
        "interestExpense": 39.742,
        "interestIncomeExpense": -39.7,
        "minorityInterest": 0,
        "netIncome": 137.3,
        "netIncomeAfterTaxes": 137.3,
        "period": "2023-06-30",
        "pretaxIncome": 178.5,
        "provisionforIncomeTaxes": 41.1,
        "researchDevelopment": 94.3,
        "revenue": 829.6,
        "sgaExpense": 244.3,
        "totalOperatingExpense": 364.5,
        "totalOtherIncomeExpenseNet": 3.4
      },
      {
        "costOfGoodsSold": 240,
        "depreciationAmortization": 22.7,
        "dilutedAverageSharesOutstanding": 279.3,
        "dilutedEPS": 0.44,
        "ebit": 198.3,
        "grossIncome": 547.1,
        "interestExpense": 39.351,
        "interestIncomeExpense": -39.4,
        "minorityInterest": 0.1,
        "netIncome": 120.8,
        "netIncomeAfterTaxes": 120.7,
        "period": "2023-03-31",
        "pretaxIncome": 162.3,
        "provisionforIncomeTaxes": 41.6,
        "researchDevelopment": 98.2,
        "revenue": 787.1,
        "sgaExpense": 228,
        "totalOperatingExpense": 348.8,
        "totalOtherIncomeExpenseNet": 3.4
      },
      {
        "costOfGoodsSold": 235.9,
        "depreciationAmortization": 125.3,
        "dilutedAverageSharesOutstanding": 330,
        "dilutedEPS": 0.27,
        "ebit": 106.6,
        "grossIncome": 550.2,
        "interestExpense": 38.214,
        "interestIncomeExpense": -38.3,
        "minorityInterest": 1.2,
        "netIncome": 84.6,
        "netIncomeAfterTaxes": 85.6,
        "period": "2022-12-31",
        "pretaxIncome": 68,
        "provisionforIncomeTaxes": -17.6,
        "researchDevelopment": 80.6,
        "revenue": 786.2,
        "sgaExpense": 237.7,
        "totalOperatingExpense": 443.6,
        "totalOtherIncomeExpenseNet": -0.3
      },
      {
        "costOfGoodsSold": 247,
        "depreciationAmortization": 20.3,
        "dilutedAverageSharesOutstanding": 300,
        "dilutedEPS": 0.44,
        "ebit": 210.6,
        "grossIncome": 562.6,
        "interestExpense": 36.814,
        "interestIncomeExpense": -34.6,
        "minorityInterest": 0.4,
        "netIncome": 128.7,
        "netIncomeAfterTaxes": 128.3,
        "period": "2022-09-30",
        "pretaxIncome": 176.1,
        "provisionforIncomeTaxes": 47.9,
        "researchDevelopment": 87.9,
        "revenue": 809.5,
        "sgaExpense": 243.8,
        "totalOperatingExpense": 351.9,
        "totalOtherIncomeExpenseNet": 0.1
      },
      {
        "costOfGoodsSold": 240.8,
        "depreciationAmortization": 23.6,
        "dilutedAverageSharesOutstanding": 285.1,
        "dilutedEPS": -0.11,
        "ebit": 207.3,
        "grossIncome": 553.7,
        "interestExpense": 35.623,
        "interestIncomeExpense": -35.6,
        "minorityInterest": 0.5,
        "netIncome": -31.9,
        "netIncomeAfterTaxes": -32.4,
        "nonRecurringItems": -217.4,
        "period": "2022-06-30",
        "pretaxIncome": -40.4,
        "provisionforIncomeTaxes": -8,
        "researchDevelopment": 86.4,
        "revenue": 794.5,
        "sgaExpense": 236.3,
        "totalOperatingExpense": 346.4,
        "totalOtherIncomeExpenseNet": 5.3
      },
      {
        "costOfGoodsSold": 236.2,
        "depreciationAmortization": 23.2,
        "dilutedAverageSharesOutstanding": 284.5,
        "dilutedEPS": 0.65,
        "ebit": 207.8,
        "grossIncome": 562.4,
        "interestExpense": 34.896,
        "interestIncomeExpense": -34.9,
        "minorityInterest": -0.1,
        "netIncome": 180.5,
        "netIncomeAfterTaxes": 180.6,
        "period": "2022-03-31",
        "pretaxIncome": 173.7,
        "provisionforIncomeTaxes": -6.9,
        "researchDevelopment": 78.8,
        "revenue": 798.6,
        "sgaExpense": 252.6,
        "totalOperatingExpense": 354.6,
        "totalOtherIncomeExpenseNet": 0.8
      },
      {
        "costOfGoodsSold": 234.5,
        "depreciationAmortization": 23.8,
        "dilutedAverageSharesOutstanding": 283.1,
        "dilutedEPS": -0.6,
        "ebit": 231.9,
        "grossIncome": 571.5,
        "interestExpense": 34.586,
        "interestIncomeExpense": -12.4,
        "minorityInterest": 0.1,
        "netIncome": -168.6,
        "netIncomeAfterTaxes": -168.7,
        "period": "2021-12-31",
        "pretaxIncome": -226.8,
        "provisionforIncomeTaxes": -58.1,
        "researchDevelopment": 66.4,
        "revenue": 806.1,
        "sgaExpense": 249.4,
        "totalOperatingExpense": 339.7,
        "totalOtherIncomeExpenseNet": -446.4
      },
      {
        "costOfGoodsSold": 232.2,
        "depreciationAmortization": 25.2,
        "dilutedAverageSharesOutstanding": 317,
        "dilutedEPS": 0.41,
        "ebit": 220.6,
        "grossIncome": 569.6,
        "interestExpense": 31.85,
        "interestIncomeExpense": -69.1,
        "minorityInterest": 0.3,
        "netIncome": 131.2,
        "netIncomeAfterTaxes": 130.9,
        "period": "2021-09-30",
        "pretaxIncome": 149.5,
        "provisionforIncomeTaxes": 18.6,
        "researchDevelopment": 67,
        "revenue": 801.8,
        "sgaExpense": 256.9,
        "totalOperatingExpense": 349,
        "totalOtherIncomeExpenseNet": -2
      },
      {
        "costOfGoodsSold": 193.1,
        "depreciationAmortization": 10.3,
        "dilutedAverageSharesOutstanding": 311.1,
        "dilutedEPS": 0.45,
        "ebit": 209.9,
        "grossIncome": 514.7,
        "interestExpense": 32.219,
        "interestIncomeExpense": -32.2,
        "minorityInterest": 0.4,
        "netIncome": 140.9,
        "netIncomeAfterTaxes": 140,
        "nonRecurringItems": 0,
        "period": "2021-06-30",
        "pretaxIncome": 177.3,
        "provisionforIncomeTaxes": 37.3,
        "researchDevelopment": 52.1,
        "revenue": 707.8,
        "sgaExpense": 242.3,
        "totalOperatingExpense": 304.7,
        "totalOtherIncomeExpenseNet": -0.4
      },
      {
        "costOfGoodsSold": 179.5,
        "depreciationAmortization": 10.7,
        "dilutedAverageSharesOutstanding": 310.6,
        "dilutedEPS": 0.56,
        "ebit": 189.3,
        "grossIncome": 488.2,
        "interestExpense": 31.838,
        "interestIncomeExpense": -33.2,
        "minorityInterest": 0.4,
        "netIncome": 174.3,
        "netIncomeAfterTaxes": 173.8,
        "period": "2021-03-31",
        "pretaxIncome": 156.1,
        "provisionforIncomeTaxes": -17.7,
        "researchDevelopment": 55.6,
        "revenue": 667.6,
        "sgaExpense": 232.7,
        "totalOperatingExpense": 298.9,
        "totalOtherIncomeExpenseNet": 0.1
      },
      {
        "costOfGoodsSold": 173.3,
        "depreciationAmortization": 11,
        "dilutedAverageSharesOutstanding": 305.9,
        "dilutedEPS": 0.49,
        "ebit": 217.2,
        "grossIncome": 478.1,
        "interestExpense": 31.97,
        "interestIncomeExpense": -33.8,
        "minorityInterest": 0.4,
        "netIncome": 149,
        "netIncomeAfterTaxes": 148.6,
        "nonRecurringItems": -4.6,
        "otherOperatingExpensesTotal": -4.3,
        "period": "2020-12-31",
        "pretaxIncome": 177.1,
        "provisionforIncomeTaxes": 28.5,
        "researchDevelopment": 44.8,
        "revenue": 651.4,
        "sgaExpense": 209.5,
        "totalOperatingExpense": 260.9,
        "totalOtherIncomeExpenseNet": -1.7
      },
      {
        "costOfGoodsSold": 169.8,
        "depreciationAmortization": 11.7,
        "dilutedAverageSharesOutstanding": 305.7,
        "dilutedEPS": 0.46,
        "ebit": 200.2,
        "grossIncome": 469.9,
        "interestExpense": 32.009,
        "interestIncomeExpense": -28.2,
        "minorityInterest": 0.6,
        "netIncome": 141.2,
        "netIncomeAfterTaxes": 140.1,
        "nonRecurringItems": -0.8,
        "period": "2020-09-30",
        "pretaxIncome": 166.2,
        "provisionforIncomeTaxes": 26.1,
        "researchDevelopment": 39.3,
        "revenue": 639.8,
        "sgaExpense": 218.8,
        "totalOperatingExpense": 269.8,
        "totalOtherIncomeExpenseNet": -4.9
      },
      {
        "costOfGoodsSold": 148.9,
        "depreciationAmortization": 10.1,
        "dilutedAverageSharesOutstanding": 207.8,
        "dilutedEPS": 0.36,
        "ebit": 195.6,
        "grossIncome": 406.6,
        "interestExpense": 34.751,
        "interestIncomeExpense": -34.8,
        "minorityInterest": -31.9,
        "netIncome": 74.9,
        "netIncomeAfterTaxes": 141.4,
        "nonRecurringItems": 19.3,
        "period": "2020-06-30",
        "pretaxIncome": 178.3,
        "provisionforIncomeTaxes": 36.9,
        "researchDevelopment": 41.9,
        "revenue": 555.5,
        "sgaExpense": 159,
        "totalOperatingExpense": 211,
        "totalOtherIncomeExpenseNet": -1.9
      },
      {
        "costOfGoodsSold": 143.9,
        "depreciationAmortization": 15.8,
        "dilutedAverageSharesOutstanding": 183.1,
        "dilutedEPS": -1.1,
        "ebit": 137.4,
        "grossIncome": 400.7,
        "interestExpense": 31.894,
        "interestIncomeExpense": -26.4,
        "minorityInterest": -28.4,
        "netIncome": -202.8,
        "netIncomeAfterTaxes": 157.5,
        "period": "2020-03-31",
        "pretaxIncome": 109.3,
        "provisionforIncomeTaxes": -48.2,
        "researchDevelopment": 43.8,
        "revenue": 544.6,
        "sgaExpense": 203.8,
        "totalOperatingExpense": 263.4,
        "totalOtherIncomeExpenseNet": -1.6
      },
      {
        "costOfGoodsSold": 142.1,
        "depreciationAmortization": 16,
        "dilutedAverageSharesOutstanding": 224.7,
        "dilutedEPS": 0.53,
        "ebit": 181.3,
        "grossIncome": 405.1,
        "interestExpense": 11.018,
        "interestIncomeExpense": -12.4,
        "minorityInterest": -23.8,
        "netIncome": 123.1,
        "netIncomeAfterTaxes": 142.6,
        "period": "2019-12-31",
        "pretaxIncome": 164.5,
        "provisionforIncomeTaxes": 21.8,
        "researchDevelopment": 38.4,
        "revenue": 547.2,
        "sgaExpense": 169.3,
        "totalOperatingExpense": 223.7,
        "totalOtherIncomeExpenseNet": -4.5
      },
      {
        "costOfGoodsSold": 138.2,
        "depreciationAmortization": 9.2,
        "dilutedAverageSharesOutstanding": 193.2,
        "dilutedEPS": 0.66,
        "ebit": 175.2,
        "grossIncome": 403.3,
        "interestExpense": 38.993,
        "interestIncomeExpense": -35.9,
        "minorityInterest": -31.2,
        "netIncome": 128.5,
        "netIncomeAfterTaxes": 137.8,
        "period": "2019-09-30",
        "pretaxIncome": 139,
        "provisionforIncomeTaxes": 1.2,
        "researchDevelopment": 36.6,
        "revenue": 541.5,
        "sgaExpense": 182.2,
        "totalOperatingExpense": 228.1,
        "totalOtherIncomeExpenseNet": -0.3
      },
      {
        "costOfGoodsSold": 126.7,
        "depreciationAmortization": 9.2,
        "dilutedAverageSharesOutstanding": 194.5,
        "dilutedEPS": 0.58,
        "ebit": 171.3,
        "grossIncome": 371.3,
        "interestExpense": 33.545,
        "interestIncomeExpense": -30.6,
        "minorityInterest": -33.3,
        "netIncome": 113.5,
        "netIncomeAfterTaxes": 119.2,
        "period": "2019-06-30",
        "pretaxIncome": 140.3,
        "provisionforIncomeTaxes": 21.1,
        "researchDevelopment": 32.7,
        "revenue": 498,
        "sgaExpense": 158.2,
        "totalOperatingExpense": 200,
        "totalOtherIncomeExpenseNet": -0.4
      },
      {
        "costOfGoodsSold": 120.2,
        "depreciationAmortization": 8.7,
        "dilutedAverageSharesOutstanding": 194.6,
        "dilutedEPS": 0.45,
        "ebit": 117.6,
        "grossIncome": 344.4,
        "interestExpense": 27.452,
        "interestIncomeExpense": -26.9,
        "minorityInterest": -24.3,
        "netIncome": 88.7,
        "netIncomeAfterTaxes": 117.7,
        "period": "2019-03-31",
        "pretaxIncome": 88.6,
        "provisionforIncomeTaxes": -29.1,
        "researchDevelopment": 44.3,
        "revenue": 464.6,
        "sgaExpense": 173.9,
        "totalOperatingExpense": 226.9,
        "totalOtherIncomeExpenseNet": -2.1
      },
      {
        "costOfGoodsSold": 111.2,
        "depreciationAmortization": 10.2,
        "dilutedAverageSharesOutstanding": 121.9,
        "dilutedEPS": 2.17,
        "ebit": 147.2,
        "grossIncome": 346.1,
        "interestExpense": 40.11,
        "interestIncomeExpense": -40.1,
        "minorityInterest": -134.6,
        "netIncome": 264.6,
        "netIncomeAfterTaxes": 92.1,
        "period": "2018-12-31",
        "pretaxIncome": 109.9,
        "provisionforIncomeTaxes": 17.8,
        "researchDevelopment": 33.5,
        "revenue": 457.3,
        "sgaExpense": 155.3,
        "totalOperatingExpense": 199,
        "totalOtherIncomeExpenseNet": 2.8
      },
      {
        "costOfGoodsSold": 107.5,
        "depreciationAmortization": 8.9,
        "dilutedAverageSharesOutstanding": 296.8,
        "dilutedEPS": 0.43,
        "ebit": 139.9,
        "grossIncome": 336.4,
        "interestExpense": 18.376,
        "interestIncomeExpense": -18.4,
        "minorityInterest": 2.6,
        "netIncome": 130.2,
        "netIncomeAfterTaxes": 124.8,
        "period": "2018-09-30",
        "pretaxIncome": 122.4,
        "provisionforIncomeTaxes": -2.3,
        "researchDevelopment": 34,
        "revenue": 443.9,
        "sgaExpense": 153.6,
        "totalOperatingExpense": 196.5,
        "totalOtherIncomeExpenseNet": 0.9
      },
      {
        "costOfGoodsSold": 97.3,
        "depreciationAmortization": 8.6,
        "dilutedAverageSharesOutstanding": 277.1,
        "dilutedEPS": 0.48,
        "ebit": 150.2,
        "grossIncome": 323.9,
        "interestExpense": 18.276,
        "interestIncomeExpense": -18.3,
        "minorityInterest": 1.1,
        "netIncome": 132.5,
        "netIncomeAfterTaxes": 131.4,
        "period": "2018-06-30",
        "pretaxIncome": 142.9,
        "provisionforIncomeTaxes": 11.5,
        "researchDevelopment": 32.6,
        "revenue": 421.2,
        "sgaExpense": 132.4,
        "totalOperatingExpense": 173.7,
        "totalOtherIncomeExpenseNet": 11
      },
      {
        "costOfGoodsSold": 93.9,
        "depreciationAmortization": 8.4,
        "dilutedAverageSharesOutstanding": 298.1,
        "dilutedEPS": 0.33,
        "ebit": 112.2,
        "grossIncome": 313.4,
        "interestExpense": 17.806,
        "interestIncomeExpense": -17.8,
        "minorityInterest": 0.1,
        "netIncome": 99.7,
        "netIncomeAfterTaxes": 99.7,
        "period": "2018-03-31",
        "pretaxIncome": 87.2,
        "provisionforIncomeTaxes": -12.5,
        "researchDevelopment": 31.9,
        "revenue": 407.4,
        "sgaExpense": 160.9,
        "totalOperatingExpense": 201.2,
        "totalOtherIncomeExpenseNet": -7.2
      },
      {
        "costOfGoodsSold": 85.9,
        "depreciationAmortization": 9.3,
        "dilutedAverageSharesOutstanding": 273.4,
        "dilutedEPS": -0.03,
        "ebit": 127.7,
        "grossIncome": 293,
        "interestExpense": 19.995,
        "interestIncomeExpense": -20,
        "minorityInterest": -0.1,
        "netIncome": -9,
        "netIncomeAfterTaxes": 84.4,
        "period": "2017-12-31",
        "pretaxIncome": 102.3,
        "provisionforIncomeTaxes": 17.8,
        "researchDevelopment": 28.1,
        "revenue": 378.9,
        "sgaExpense": 128,
        "totalOperatingExpense": 165.3,
        "totalOtherIncomeExpenseNet": -5.4
      },
      {
        "costOfGoodsSold": 72,
        "depreciationAmortization": 8.5,
        "dilutedAverageSharesOutstanding": 293.1,
        "dilutedEPS": 0.98,
        "ebit": 91,
        "grossIncome": 271.4,
        "interestExpense": 19.548,
        "interestIncomeExpense": -19.5,
        "minorityInterest": 0,
        "netIncome": 287.7,
        "netIncomeAfterTaxes": 287.8,
        "period": "2017-09-30",
        "pretaxIncome": 61.5,
        "provisionforIncomeTaxes": -226.2,
        "researchDevelopment": 27,
        "revenue": 343.4,
        "sgaExpense": 144.8,
        "totalOperatingExpense": 180.4,
        "totalOtherIncomeExpenseNet": -9.9
      },
      {
        "costOfGoodsSold": 62.7,
        "depreciationAmortization": 8.3,
        "dilutedAverageSharesOutstanding": 306.8,
        "dilutedEPS": 0.17,
        "ebit": 83,
        "grossIncome": 246.9,
        "interestExpense": 19.072,
        "interestIncomeExpense": -19.1,
        "minorityInterest": 0,
        "netIncome": 51.4,
        "netIncomeAfterTaxes": 51.5,
        "period": "2017-06-30",
        "pretaxIncome": 54.4,
        "provisionforIncomeTaxes": 2.8,
        "researchDevelopment": 24.1,
        "revenue": 309.6,
        "sgaExpense": 131.6,
        "totalOperatingExpense": 163.9,
        "totalOtherIncomeExpenseNet": -9.6
      },
      {
        "costOfGoodsSold": 58.8,
        "depreciationAmortization": 8,
        "dilutedAverageSharesOutstanding": 291.9,
        "dilutedEPS": 0.08,
        "ebit": 58.9,
        "grossIncome": 239.9,
        "interestExpense": 18.95,
        "interestIncomeExpense": -19,
        "minorityInterest": 0,
        "netIncome": 20.1,
        "netIncomeAfterTaxes": 24.6,
        "period": "2017-03-31",
        "pretaxIncome": 33.9,
        "provisionforIncomeTaxes": 9.4,
        "researchDevelopment": 22,
        "revenue": 298.8,
        "sgaExpense": 151,
        "totalOperatingExpense": 181.1,
        "totalOtherIncomeExpenseNet": -6
      },
      {
        "costOfGoodsSold": 54.1,
        "depreciationAmortization": 9.5,
        "dilutedAverageSharesOutstanding": 272.8,
        "dilutedEPS": 0.27,
        "ebit": 112.9,
        "grossIncome": 240.7,
        "interestExpense": 20.327,
        "interestIncomeExpense": -20.3,
        "minorityInterest": -0.2,
        "netIncome": 73.8,
        "netIncomeAfterTaxes": 74.8,
        "period": "2016-12-31",
        "pretaxIncome": 96.1,
        "provisionforIncomeTaxes": 21.3,
        "researchDevelopment": 19.7,
        "revenue": 294.9,
        "sgaExpense": 98.6,
        "totalOperatingExpense": 127.8,
        "totalOtherIncomeExpenseNet": 3.5
      },
      {
        "costOfGoodsSold": 50.8,
        "depreciationAmortization": 10.6,
        "dilutedAverageSharesOutstanding": 270,
        "dilutedEPS": 0.21,
        "ebit": 90.9,
        "grossIncome": 236.8,
        "interestExpense": 20.85,
        "interestIncomeExpense": -20.9,
        "minorityInterest": -0.3,
        "netIncome": 56.4,
        "netIncomeAfterTaxes": 56.1,
        "period": "2016-09-30",
        "pretaxIncome": 76.1,
        "provisionforIncomeTaxes": 20,
        "researchDevelopment": 17.3,
        "revenue": 287.5,
        "sgaExpense": 117.9,
        "totalOperatingExpense": 145.8,
        "totalOtherIncomeExpenseNet": 6
      },
      {
        "costOfGoodsSold": 47,
        "depreciationAmortization": 12.1,
        "dilutedAverageSharesOutstanding": 268,
        "dilutedEPS": 0.14,
        "ebit": 77.5,
        "grossIncome": 228.3,
        "interestExpense": 20.618,
        "interestIncomeExpense": -20.6,
        "minorityInterest": 0,
        "netIncome": 34.1,
        "netIncomeAfterTaxes": 36.8,
        "period": "2016-06-30",
        "pretaxIncome": 51.7,
        "provisionforIncomeTaxes": 14.9,
        "researchDevelopment": 19.7,
        "revenue": 275.3,
        "sgaExpense": 119.1,
        "totalOperatingExpense": 150.8,
        "totalOtherIncomeExpenseNet": -5.2
      },
      {
        "costOfGoodsSold": 43.8,
        "depreciationAmortization": 12.5,
        "dilutedAverageSharesOutstanding": 268.1,
        "dilutedEPS": 0.04,
        "ebit": 34.2,
        "grossIncome": 216.6,
        "interestExpense": 20.404,
        "interestIncomeExpense": -20.4,
        "minorityInterest": -0.1,
        "netIncome": 7.2,
        "netIncomeAfterTaxes": 10.6,
        "period": "2016-03-31",
        "pretaxIncome": 17.4,
        "provisionforIncomeTaxes": 6.8,
        "researchDevelopment": 21.4,
        "revenue": 260.4,
        "sgaExpense": 148.5,
        "totalOperatingExpense": 182.4,
        "totalOtherIncomeExpenseNet": 3.6
      },
      {
        "costOfGoodsSold": 3.3,
        "dilutedAverageSharesOutstanding": 184.9,
        "dilutedEPS": 0.19,
        "ebit": 87.1,
        "grossIncome": 153.6,
        "interestExpense": 19.029,
        "interestIncomeExpense": -19,
        "minorityInterest": -0.1,
        "netIncome": 35.6,
        "netIncomeAfterTaxes": 48.4,
        "otherOperatingExpensesTotal": -0.7,
        "period": "2015-12-31",
        "pretaxIncome": 71.3,
        "provisionforIncomeTaxes": 22.9,
        "researchDevelopment": 13.2,
        "revenue": 156.8,
        "sgaExpense": 54,
        "totalOperatingExpense": 66.5,
        "totalOtherIncomeExpenseNet": 3.3
      },
      {
        "costOfGoodsSold": 47.6,
        "depreciationAmortization": 10.5,
        "dilutedAverageSharesOutstanding": 243.3,
        "dilutedEPS": 0.14,
        "ebit": 58.4,
        "grossIncome": 221.3,
        "interestExpense": 2.318,
        "interestIncomeExpense": -2.3,
        "minorityInterest": -0.2,
        "netIncome": 35.3,
        "netIncomeAfterTaxes": 35.4,
        "period": "2015-09-30",
        "pretaxIncome": 57.6,
        "provisionforIncomeTaxes": 22.1,
        "researchDevelopment": 16.8,
        "revenue": 269,
        "sgaExpense": 135.7,
        "totalOperatingExpense": 163,
        "totalOtherIncomeExpenseNet": 1.5
      }
    ],
    "symbol": "MTCH"
  }
}