{
  "symbol": "STX",
  "statement": "ic",
  "frequency": "quarterly",
  "timestamp": "2025-09-19T14:06:33.150439",
  "data": {
    "financials": [
      {
        "costOfGoodsSold": 1527,
        "dilutedAverageSharesOutstanding": 217,
        "dilutedEPS": 2.2489,
        "ebit": 584,
        "grossIncome": 917,
        "interestExpense": 75,
        "interestIncomeExpense": -69,
        "netIncome": 488,
        "netIncomeAfterTaxes": 488,
        "nonRecurringItems": -11,
        "period": "2025-06-27",
        "pretaxIncome": 492,
        "provisionforIncomeTaxes": 4,
        "researchDevelopment": 179,
        "revenue": 2444,
        "sgaExpense": 154,
        "totalOperatingExpense": 333,
        "totalOtherIncomeExpenseNet": -12
      },
      {
        "costOfGoodsSold": 1390,
        "dilutedAverageSharesOutstanding": 216,
        "dilutedEPS": 1.5741,
        "ebit": 451,
        "grossIncome": 770,
        "interestExpense": 77,
        "interestIncomeExpense": -73,
        "netIncome": 340,
        "netIncomeAfterTaxes": 340,
        "nonRecurringItems": -16,
        "period": "2025-03-28",
        "pretaxIncome": 355,
        "provisionforIncomeTaxes": 15,
        "researchDevelopment": 180,
        "revenue": 2160,
        "sgaExpense": 139,
        "totalOperatingExpense": 319,
        "totalOtherIncomeExpenseNet": -7
      },
      {
        "costOfGoodsSold": 1513,
        "dilutedAverageSharesOutstanding": 217,
        "dilutedEPS": 1.55,
        "ebit": 489,
        "grossIncome": 812,
        "interestExpense": 84,
        "interestIncomeExpense": -76,
        "netIncome": 336,
        "netIncomeAfterTaxes": 336,
        "nonRecurringItems": -1,
        "period": "2024-12-27",
        "pretaxIncome": 350,
        "provisionforIncomeTaxes": 14,
        "researchDevelopment": 184,
        "revenue": 2325,
        "sgaExpense": 139,
        "totalOperatingExpense": 323,
        "totalOtherIncomeExpenseNet": -62
      },
      {
        "costOfGoodsSold": 1454,
        "dilutedAverageSharesOutstanding": 216,
        "dilutedEPS": 1.41,
        "ebit": 404,
        "grossIncome": 714,
        "interestExpense": 85,
        "interestIncomeExpense": -78,
        "netIncome": 305,
        "netIncomeAfterTaxes": 305,
        "nonRecurringItems": -1,
        "period": "2024-09-27",
        "pretaxIncome": 316,
        "provisionforIncomeTaxes": 11,
        "researchDevelopment": 181,
        "revenue": 2168,
        "sgaExpense": 129,
        "totalOperatingExpense": 310,
        "totalOtherIncomeExpenseNet": -9
      },
      {
        "costOfGoodsSold": 1287,
        "depreciationAmortization": 0,
        "dilutedAverageSharesOutstanding": 221,
        "dilutedEPS": 2.32,
        "ebit": 311,
        "grossIncome": 600,
        "interestExpense": 82,
        "interestIncomeExpense": -75,
        "netIncome": 513,
        "netIncomeAfterTaxes": 513,
        "nonRecurringItems": 316,
        "period": "2024-06-28",
        "pretaxIncome": 538,
        "provisionforIncomeTaxes": 25,
        "researchDevelopment": 158,
        "revenue": 1887,
        "sgaExpense": 131,
        "totalOperatingExpense": 289,
        "totalOtherIncomeExpenseNet": -14
      },
      {
        "costOfGoodsSold": 1230,
        "depreciationAmortization": 0,
        "dilutedAverageSharesOutstanding": 213,
        "dilutedEPS": 0.12,
        "ebit": 145,
        "grossIncome": 425,
        "interestExpense": 82,
        "interestIncomeExpense": -79,
        "netIncome": 25,
        "netIncomeAfterTaxes": 25,
        "nonRecurringItems": -2,
        "period": "2024-03-29",
        "pretaxIncome": 58,
        "provisionforIncomeTaxes": 33,
        "researchDevelopment": 164,
        "revenue": 1655,
        "sgaExpense": 116,
        "totalOperatingExpense": 280,
        "totalOtherIncomeExpenseNet": -6
      },
      {
        "costOfGoodsSold": 1193,
        "depreciationAmortization": 0,
        "dilutedAverageSharesOutstanding": 209,
        "dilutedEPS": -0.09,
        "ebit": 93,
        "grossIncome": 362,
        "interestExpense": 84,
        "interestIncomeExpense": -81,
        "netIncome": -19,
        "netIncomeAfterTaxes": -19,
        "nonRecurringItems": 31,
        "period": "2023-12-29",
        "pretaxIncome": -4,
        "provisionforIncomeTaxes": 15,
        "researchDevelopment": 161,
        "revenue": 1555,
        "sgaExpense": 108,
        "totalOperatingExpense": 269,
        "totalOtherIncomeExpenseNet": -47
      },
      {
        "costOfGoodsSold": 1305,
        "depreciationAmortization": 0,
        "dilutedAverageSharesOutstanding": 208,
        "dilutedEPS": -0.88,
        "ebit": -127,
        "grossIncome": 149,
        "interestExpense": 84,
        "interestIncomeExpense": 22,
        "netIncome": -184,
        "netIncomeAfterTaxes": -184,
        "nonRecurringItems": -31,
        "period": "2023-09-29",
        "pretaxIncome": -147,
        "provisionforIncomeTaxes": 37,
        "researchDevelopment": 171,
        "revenue": 1454,
        "sgaExpense": 105,
        "totalOperatingExpense": 276,
        "totalOtherIncomeExpenseNet": -11
      },
      {
        "costOfGoodsSold": 1298,
        "depreciationAmortization": 0,
        "dilutedAverageSharesOutstanding": 207,
        "dilutedEPS": -0.44,
        "ebit": 18,
        "grossIncome": 304,
        "interestExpense": 84,
        "interestIncomeExpense": -78,
        "netIncome": -92,
        "netIncomeAfterTaxes": -92,
        "nonRecurringItems": -9,
        "period": "2023-06-30",
        "pretaxIncome": -85,
        "provisionforIncomeTaxes": 7,
        "researchDevelopment": 172,
        "revenue": 1602,
        "sgaExpense": 114,
        "totalOperatingExpense": 286,
        "totalOtherIncomeExpenseNet": -16
      },
      {
        "costOfGoodsSold": 1541,
        "depreciationAmortization": 0,
        "dilutedAverageSharesOutstanding": 207,
        "dilutedEPS": -2.09,
        "ebit": 5,
        "grossIncome": 319,
        "interestExpense": 81,
        "interestIncomeExpense": -79,
        "netIncome": -433,
        "netIncomeAfterTaxes": -433,
        "nonRecurringItems": -317,
        "period": "2023-03-31",
        "pretaxIncome": -400,
        "provisionforIncomeTaxes": 33,
        "researchDevelopment": 191,
        "revenue": 1860,
        "sgaExpense": 123,
        "totalOperatingExpense": 314,
        "totalOtherIncomeExpenseNet": -9
      },
      {
        "costOfGoodsSold": 1641,
        "depreciationAmortization": 0,
        "dilutedAverageSharesOutstanding": 206,
        "dilutedEPS": -0.16,
        "ebit": -79,
        "grossIncome": 246,
        "interestExpense": 77,
        "interestIncomeExpense": -76,
        "netIncome": -33,
        "netIncomeAfterTaxes": -33,
        "nonRecurringItems": 123,
        "period": "2022-12-30",
        "pretaxIncome": -38,
        "provisionforIncomeTaxes": -5,
        "researchDevelopment": 200,
        "revenue": 1887,
        "sgaExpense": 125,
        "totalOperatingExpense": 325,
        "totalOtherIncomeExpenseNet": -6
      },
      {
        "costOfGoodsSold": 1553,
        "depreciationAmortization": 3,
        "dilutedAverageSharesOutstanding": 210,
        "dilutedEPS": 0.14,
        "ebit": 116,
        "grossIncome": 482,
        "interestExpense": 71,
        "interestIncomeExpense": -70,
        "netIncome": 29,
        "netIncomeAfterTaxes": 29,
        "nonRecurringItems": -9,
        "period": "2022-09-30",
        "pretaxIncome": 27,
        "provisionforIncomeTaxes": -2,
        "researchDevelopment": 234,
        "revenue": 2035,
        "sgaExpense": 129,
        "totalOperatingExpense": 366,
        "totalOtherIncomeExpenseNet": -10
      },
      {
        "costOfGoodsSold": 1869,
        "depreciationAmortization": 2,
        "dilutedAverageSharesOutstanding": 218,
        "dilutedEPS": 1.27,
        "ebit": 361,
        "grossIncome": 759,
        "interestExpense": 65,
        "interestIncomeExpense": -64,
        "netIncome": 276,
        "netIncomeAfterTaxes": 276,
        "nonRecurringItems": -1,
        "period": "2022-07-01",
        "pretaxIncome": 281,
        "provisionforIncomeTaxes": 5,
        "researchDevelopment": 247,
        "revenue": 2628,
        "sgaExpense": 149,
        "totalOperatingExpense": 398,
        "totalOtherIncomeExpenseNet": -15
      },
      {
        "costOfGoodsSold": 1996,
        "depreciationAmortization": 3,
        "dilutedAverageSharesOutstanding": 222,
        "dilutedEPS": 1.56,
        "ebit": 429,
        "grossIncome": 806,
        "interestExpense": 63,
        "interestIncomeExpense": -63,
        "netIncome": 346,
        "netIncomeAfterTaxes": 346,
        "nonRecurringItems": 0,
        "period": "2022-04-01",
        "pretaxIncome": 351,
        "provisionforIncomeTaxes": 5,
        "researchDevelopment": 233,
        "revenue": 2802,
        "sgaExpense": 141,
        "totalOperatingExpense": 377,
        "totalOtherIncomeExpenseNet": -15
      },
      {
        "costOfGoodsSold": 2168,
        "depreciationAmortization": 3,
        "dilutedAverageSharesOutstanding": 225,
        "dilutedEPS": 2.23,
        "ebit": 581,
        "grossIncome": 948,
        "interestExpense": 62,
        "interestIncomeExpense": -61,
        "netIncome": 501,
        "netIncomeAfterTaxes": 501,
        "nonRecurringItems": -1,
        "period": "2021-12-31",
        "pretaxIncome": 514,
        "provisionforIncomeTaxes": 13,
        "researchDevelopment": 228,
        "revenue": 3116,
        "sgaExpense": 136,
        "totalOperatingExpense": 367,
        "totalOtherIncomeExpenseNet": -5
      },
      {
        "costOfGoodsSold": 2159,
        "depreciationAmortization": 3,
        "dilutedAverageSharesOutstanding": 231,
        "dilutedEPS": 2.28,
        "ebit": 587,
        "grossIncome": 956,
        "interestExpense": 59,
        "interestIncomeExpense": -59,
        "netIncome": 526,
        "netIncomeAfterTaxes": 526,
        "nonRecurringItems": -1,
        "period": "2021-10-01",
        "pretaxIncome": 533,
        "provisionforIncomeTaxes": 7,
        "researchDevelopment": 233,
        "revenue": 3115,
        "sgaExpense": 133,
        "totalOperatingExpense": 369,
        "totalOtherIncomeExpenseNet": 6
      },
      {
        "costOfGoodsSold": 2128,
        "depreciationAmortization": 3,
        "dilutedAverageSharesOutstanding": 233,
        "dilutedEPS": 2.07,
        "ebit": 514,
        "grossIncome": 885,
        "interestExpense": 59,
        "interestIncomeExpense": -59,
        "netIncome": 482,
        "netIncomeAfterTaxes": 482,
        "nonRecurringItems": -7,
        "period": "2021-07-02",
        "pretaxIncome": 497,
        "provisionforIncomeTaxes": 15,
        "researchDevelopment": 232,
        "revenue": 3013,
        "sgaExpense": 136,
        "totalOperatingExpense": 371,
        "totalOtherIncomeExpenseNet": 49
      },
      {
        "costOfGoodsSold": 1991,
        "depreciationAmortization": 3,
        "dilutedAverageSharesOutstanding": 237,
        "dilutedEPS": 1.39,
        "ebit": 384,
        "grossIncome": 740,
        "interestExpense": 59,
        "interestIncomeExpense": -58,
        "netIncome": 329,
        "netIncomeAfterTaxes": 329,
        "nonRecurringItems": 2,
        "period": "2021-04-02",
        "pretaxIncome": 339,
        "provisionforIncomeTaxes": 10,
        "researchDevelopment": 227,
        "revenue": 2731,
        "sgaExpense": 126,
        "totalOperatingExpense": 356,
        "totalOtherIncomeExpenseNet": 11
      },
      {
        "costOfGoodsSold": 1927,
        "depreciationAmortization": 3,
        "dilutedAverageSharesOutstanding": 251,
        "dilutedEPS": 1.12,
        "ebit": 350,
        "grossIncome": 696,
        "interestExpense": 52,
        "interestIncomeExpense": -52,
        "netIncome": 280,
        "netIncomeAfterTaxes": 280,
        "nonRecurringItems": -2,
        "period": "2021-01-01",
        "pretaxIncome": 291,
        "provisionforIncomeTaxes": 11,
        "researchDevelopment": 221,
        "revenue": 2623,
        "sgaExpense": 122,
        "totalOperatingExpense": 346,
        "totalOtherIncomeExpenseNet": -5
      },
      {
        "costOfGoodsSold": 1718,
        "depreciationAmortization": 3,
        "dilutedAverageSharesOutstanding": 259,
        "dilutedEPS": 0.86,
        "ebit": 252,
        "grossIncome": 596,
        "interestExpense": 50,
        "interestIncomeExpense": -49,
        "netIncome": 223,
        "netIncomeAfterTaxes": 223,
        "nonRecurringItems": -1,
        "period": "2020-10-02",
        "pretaxIncome": 221,
        "provisionforIncomeTaxes": -2,
        "researchDevelopment": 223,
        "revenue": 2314,
        "sgaExpense": 118,
        "totalOperatingExpense": 344,
        "totalOtherIncomeExpenseNet": 19
      },
      {
        "costOfGoodsSold": 1850,
        "depreciationAmortization": 3,
        "dilutedAverageSharesOutstanding": 262,
        "dilutedEPS": 0.63,
        "ebit": 330,
        "grossIncome": 667,
        "interestExpense": 49,
        "interestIncomeExpense": -48,
        "netIncome": 166,
        "netIncomeAfterTaxes": 166,
        "nonRecurringItems": -63,
        "period": "2020-07-03",
        "pretaxIncome": 160,
        "provisionforIncomeTaxes": -6,
        "researchDevelopment": 222,
        "revenue": 2517,
        "sgaExpense": 112,
        "totalOperatingExpense": 337,
        "totalOtherIncomeExpenseNet": -59
      },
      {
        "costOfGoodsSold": 1972,
        "depreciationAmortization": 3,
        "dilutedAverageSharesOutstanding": 263,
        "dilutedEPS": 1.22,
        "ebit": 378,
        "grossIncome": 746,
        "interestExpense": 49,
        "interestIncomeExpense": -48,
        "netIncome": 320,
        "netIncomeAfterTaxes": 320,
        "nonRecurringItems": -2,
        "period": "2020-04-03",
        "pretaxIncome": 338,
        "provisionforIncomeTaxes": 18,
        "researchDevelopment": 246,
        "revenue": 2718,
        "sgaExpense": 119,
        "totalOperatingExpense": 368,
        "totalOtherIncomeExpenseNet": 10
      },
      {
        "costOfGoodsSold": 1938,
        "depreciationAmortization": 4,
        "dilutedAverageSharesOutstanding": 265,
        "dilutedEPS": 1.2,
        "ebit": 384,
        "grossIncome": 758,
        "interestExpense": 48,
        "interestIncomeExpense": -43,
        "netIncome": 318,
        "netIncomeAfterTaxes": 318,
        "nonRecurringItems": 0,
        "period": "2020-01-03",
        "pretaxIncome": 336,
        "provisionforIncomeTaxes": 18,
        "researchDevelopment": 250,
        "revenue": 2696,
        "sgaExpense": 120,
        "totalOperatingExpense": 374,
        "totalOtherIncomeExpenseNet": -5
      },
      {
        "costOfGoodsSold": 1907,
        "depreciationAmortization": 4,
        "dilutedAverageSharesOutstanding": 270,
        "dilutedEPS": 0.74,
        "ebit": 290,
        "grossIncome": 671,
        "interestExpense": 55,
        "interestIncomeExpense": -41,
        "netIncome": 200,
        "netIncomeAfterTaxes": 200,
        "nonRecurringItems": -17,
        "period": "2019-10-04",
        "pretaxIncome": 198,
        "provisionforIncomeTaxes": -2,
        "researchDevelopment": 255,
        "revenue": 2578,
        "sgaExpense": 122,
        "totalOperatingExpense": 381,
        "totalOtherIncomeExpenseNet": -34
      },
      {
        "costOfGoodsSold": 1747,
        "depreciationAmortization": 6,
        "dilutedAverageSharesOutstanding": 276,
        "dilutedEPS": 3.56,
        "ebit": 269,
        "grossIncome": 624,
        "interestExpense": 55,
        "interestIncomeExpense": -56,
        "netIncome": 983,
        "netIncomeAfterTaxes": 983,
        "nonRecurringItems": 63,
        "period": "2019-06-28",
        "pretaxIncome": 291,
        "provisionforIncomeTaxes": -692,
        "researchDevelopment": 241,
        "revenue": 2371,
        "sgaExpense": 108,
        "totalOperatingExpense": 355,
        "totalOtherIncomeExpenseNet": 15
      },
      {
        "costOfGoodsSold": 1712,
        "depreciationAmortization": 6,
        "dilutedAverageSharesOutstanding": 284,
        "dilutedEPS": 0.69,
        "ebit": 247,
        "grossIncome": 601,
        "interestExpense": 55,
        "interestIncomeExpense": -24,
        "netIncome": 195,
        "netIncomeAfterTaxes": 195,
        "nonRecurringItems": -11,
        "period": "2019-03-29",
        "pretaxIncome": 215,
        "provisionforIncomeTaxes": 20,
        "researchDevelopment": 238,
        "revenue": 2313,
        "sgaExpense": 110,
        "totalOperatingExpense": 354,
        "totalOtherIncomeExpenseNet": 3
      },
      {
        "costOfGoodsSold": 1921,
        "depreciationAmortization": 5,
        "dilutedAverageSharesOutstanding": 287,
        "dilutedEPS": 1.34,
        "ebit": 423,
        "grossIncome": 794,
        "interestExpense": 56,
        "interestIncomeExpense": -47,
        "netIncome": 384,
        "netIncomeAfterTaxes": 384,
        "nonRecurringItems": -7,
        "period": "2018-12-28",
        "pretaxIncome": 398,
        "provisionforIncomeTaxes": 14,
        "researchDevelopment": 246,
        "revenue": 2715,
        "sgaExpense": 120,
        "totalOperatingExpense": 371,
        "totalOtherIncomeExpenseNet": 29
      },
      {
        "costOfGoodsSold": 2078,
        "depreciationAmortization": 6,
        "dilutedAverageSharesOutstanding": 292,
        "dilutedEPS": 1.54,
        "ebit": 526,
        "grossIncome": 913,
        "interestExpense": 58,
        "interestIncomeExpense": 7,
        "netIncome": 450,
        "netIncomeAfterTaxes": 450,
        "nonRecurringItems": -23,
        "period": "2018-09-28",
        "pretaxIncome": 468,
        "provisionforIncomeTaxes": 18,
        "researchDevelopment": 266,
        "revenue": 2991,
        "sgaExpense": 115,
        "totalOperatingExpense": 387,
        "totalOtherIncomeExpenseNet": -42
      },
      {
        "costOfGoodsSold": 1931,
        "depreciationAmortization": 6,
        "dilutedAverageSharesOutstanding": 295,
        "dilutedEPS": 1.56,
        "ebit": 499,
        "grossIncome": 904,
        "interestExpense": 54,
        "interestIncomeExpense": -29,
        "netIncome": 461,
        "netIncomeAfterTaxes": 773,
        "nonRecurringItems": 6,
        "period": "2018-06-29",
        "pretaxIncome": 466,
        "provisionforIncomeTaxes": -307,
        "researchDevelopment": 259,
        "revenue": 2835,
        "sgaExpense": 140,
        "totalOperatingExpense": 405,
        "totalOtherIncomeExpenseNet": -10
      },
      {
        "costOfGoodsSold": 1956,
        "depreciationAmortization": 6,
        "dilutedAverageSharesOutstanding": 291,
        "dilutedEPS": 1.32,
        "ebit": 452,
        "grossIncome": 847,
        "interestExpense": 60,
        "interestIncomeExpense": -50,
        "netIncome": 381,
        "netIncomeAfterTaxes": 385,
        "nonRecurringItems": -11,
        "period": "2018-03-30",
        "pretaxIncome": 393,
        "provisionforIncomeTaxes": 8,
        "researchDevelopment": 254,
        "revenue": 2803,
        "sgaExpense": 135,
        "totalOperatingExpense": 395,
        "totalOtherIncomeExpenseNet": 2
      },
      {
        "costOfGoodsSold": 2037,
        "depreciationAmortization": 19,
        "dilutedAverageSharesOutstanding": 291,
        "dilutedEPS": 0.54,
        "ebit": 466,
        "grossIncome": 877,
        "interestExpense": 61,
        "interestIncomeExpense": -55,
        "netIncome": 159,
        "netIncomeAfterTaxes": 367,
        "nonRecurringItems": -33,
        "period": "2017-12-29",
        "pretaxIncome": 371,
        "provisionforIncomeTaxes": 4,
        "researchDevelopment": 250,
        "revenue": 2914,
        "sgaExpense": 142,
        "totalOperatingExpense": 411,
        "totalOtherIncomeExpenseNet": -7
      },
      {
        "costOfGoodsSold": 1896,
        "depreciationAmortization": 22,
        "dilutedAverageSharesOutstanding": 292,
        "dilutedEPS": 0.62,
        "ebit": 306,
        "grossIncome": 736,
        "interestExpense": 61,
        "interestIncomeExpense": -54,
        "netIncome": 181,
        "netIncomeAfterTaxes": 181,
        "nonRecurringItems": -51,
        "period": "2017-09-29",
        "pretaxIncome": 188,
        "provisionforIncomeTaxes": 7,
        "researchDevelopment": 263,
        "revenue": 2632,
        "sgaExpense": 145,
        "totalOperatingExpense": 430,
        "totalOtherIncomeExpenseNet": -13
      },
      {
        "costOfGoodsSold": 1740,
        "depreciationAmortization": 19,
        "dilutedAverageSharesOutstanding": 299,
        "dilutedEPS": 0.38,
        "ebit": 210,
        "grossIncome": 666,
        "interestExpense": 62,
        "interestIncomeExpense": -57,
        "netIncome": 114,
        "netIncomeAfterTaxes": 114,
        "nonRecurringItems": -14,
        "period": "2017-06-30",
        "pretaxIncome": 120,
        "provisionforIncomeTaxes": 6,
        "researchDevelopment": 288,
        "revenue": 2406,
        "sgaExpense": 149,
        "totalOperatingExpense": 456,
        "totalOtherIncomeExpenseNet": -19
      },
      {
        "costOfGoodsSold": 1858,
        "depreciationAmortization": 28,
        "dilutedAverageSharesOutstanding": 300,
        "dilutedEPS": 0.65,
        "ebit": 314,
        "grossIncome": 816,
        "interestExpense": 60,
        "interestIncomeExpense": -51,
        "netIncome": 194,
        "netIncomeAfterTaxes": 194,
        "nonRecurringItems": -48,
        "period": "2017-03-31",
        "pretaxIncome": 212,
        "provisionforIncomeTaxes": 18,
        "researchDevelopment": 324,
        "revenue": 2674,
        "sgaExpense": 150,
        "totalOperatingExpense": 502,
        "totalOtherIncomeExpenseNet": -3
      },
      {
        "costOfGoodsSold": 2003,
        "depreciationAmortization": 28,
        "dilutedAverageSharesOutstanding": 298,
        "dilutedEPS": 1,
        "ebit": 403,
        "grossIncome": 891,
        "interestExpense": 50,
        "interestIncomeExpense": -51,
        "netIncome": 297,
        "netIncomeAfterTaxes": 297,
        "nonRecurringItems": -33,
        "period": "2016-12-30",
        "pretaxIncome": 310,
        "provisionforIncomeTaxes": 13,
        "researchDevelopment": 305,
        "revenue": 2894,
        "sgaExpense": 155,
        "totalOperatingExpense": 488,
        "totalOtherIncomeExpenseNet": -9
      },
      {
        "costOfGoodsSold": 1996,
        "depreciationAmortization": 28,
        "dilutedAverageSharesOutstanding": 301,
        "dilutedEPS": 0.55,
        "ebit": 303,
        "grossIncome": 801,
        "interestExpense": 50,
        "interestIncomeExpense": -50,
        "netIncome": 167,
        "netIncomeAfterTaxes": 167,
        "nonRecurringItems": -82,
        "period": "2016-09-30",
        "pretaxIncome": 173,
        "provisionforIncomeTaxes": 6,
        "researchDevelopment": 315,
        "revenue": 2797,
        "sgaExpense": 155,
        "totalOperatingExpense": 498,
        "totalOtherIncomeExpenseNet": 2
      },
      {
        "costOfGoodsSold": 1992,
        "depreciationAmortization": 29,
        "dilutedAverageSharesOutstanding": 299,
        "dilutedEPS": 0.23,
        "ebit": 182,
        "grossIncome": 662,
        "interestExpense": 51,
        "interestIncomeExpense": -51,
        "minorityInterest": 0,
        "netIncome": 70,
        "netIncomeAfterTaxes": 70,
        "nonRecurringItems": -80,
        "period": "2016-07-01",
        "pretaxIncome": 53,
        "provisionforIncomeTaxes": -17,
        "researchDevelopment": 307,
        "revenue": 2654,
        "sgaExpense": 144,
        "totalOperatingExpense": 480,
        "totalOtherIncomeExpenseNet": 2
      },
      {
        "costOfGoodsSold": 2071,
        "depreciationAmortization": 29,
        "dilutedAverageSharesOutstanding": 298,
        "dilutedEPS": -0.07,
        "ebit": 47,
        "grossIncome": 524,
        "interestExpense": 47,
        "interestIncomeExpense": -46,
        "netIncome": -21,
        "netIncomeAfterTaxes": -21,
        "nonRecurringItems": -20,
        "period": "2016-04-01",
        "pretaxIncome": 9,
        "provisionforIncomeTaxes": 30,
        "researchDevelopment": 298,
        "revenue": 2595,
        "sgaExpense": 150,
        "totalOperatingExpense": 477,
        "totalOtherIncomeExpenseNet": 28
      },
      {
        "costOfGoodsSold": 2245,
        "depreciationAmortization": 31,
        "dilutedAverageSharesOutstanding": 301,
        "dilutedEPS": 0.55,
        "ebit": 246,
        "grossIncome": 741,
        "interestExpense": 48,
        "interestIncomeExpense": -46,
        "netIncome": 165,
        "netIncomeAfterTaxes": 165,
        "nonRecurringItems": -17,
        "period": "2016-01-01",
        "pretaxIncome": 180,
        "provisionforIncomeTaxes": 15,
        "researchDevelopment": 304,
        "revenue": 2986,
        "sgaExpense": 160,
        "totalOperatingExpense": 495,
        "totalOtherIncomeExpenseNet": -3
      },
      {
        "costOfGoodsSold": 2236,
        "depreciationAmortization": 34,
        "dilutedAverageSharesOutstanding": 308,
        "dilutedEPS": 0.11,
        "ebit": 145,
        "grossIncome": 689,
        "interestExpense": 47,
        "interestIncomeExpense": -51,
        "netIncome": 34,
        "netIncomeAfterTaxes": 34,
        "nonRecurringItems": -59,
        "period": "2015-10-02",
        "pretaxIncome": 31,
        "provisionforIncomeTaxes": -3,
        "researchDevelopment": 328,
        "revenue": 2925,
        "sgaExpense": 182,
        "totalOperatingExpense": 544,
        "totalOtherIncomeExpenseNet": -4
      }
    ],
    "symbol": "STX"
  }
}