{
  "symbol": "JCI",
  "statement": "ic",
  "frequency": "quarterly",
  "timestamp": "2025-09-19T14:02:34.151914",
  "data": {
    "financials": [
      {
        "costOfGoodsSold": 3806,
        "dilutedAverageSharesOutstanding": 657.4,
        "dilutedEPS": 1.06,
        "ebit": 829,
        "grossIncome": 2246,
        "interestExpense": 55,
        "interestIncomeExpense": -69,
        "minorityInterest": 0,
        "netIncome": 701,
        "netIncomeAfterTaxes": 618,
        "nonRecurringItems": -51,
        "period": "2025-06-30",
        "pretaxIncome": 705,
        "provisionforIncomeTaxes": 87,
        "revenue": 6052,
        "sgaExpense": 1417,
        "totalOperatingExpense": 1417,
        "totalOtherIncomeExpenseNet": -4
      },
      {
        "costOfGoodsSold": 3607,
        "dilutedAverageSharesOutstanding": 661,
        "dilutedEPS": 0.7156,
        "ebit": 642,
        "grossIncome": 2069,
        "interestExpense": 56,
        "interestIncomeExpense": -75,
        "minorityInterest": -2,
        "netIncome": 478,
        "netIncomeAfterTaxes": 475,
        "nonRecurringItems": -62,
        "period": "2025-03-31",
        "pretaxIncome": 501,
        "provisionforIncomeTaxes": 26,
        "revenue": 5676,
        "sgaExpense": 1427,
        "totalOperatingExpense": 1427,
        "totalOtherIncomeExpenseNet": -4
      },
      {
        "costOfGoodsSold": 3500,
        "dilutedAverageSharesOutstanding": 665,
        "dilutedEPS": 0.63,
        "ebit": 527,
        "grossIncome": 1926,
        "interestExpense": 67,
        "interestIncomeExpense": -80,
        "minorityInterest": 2,
        "netIncome": 419,
        "netIncomeAfterTaxes": 361,
        "nonRecurringItems": -33,
        "period": "2024-12-31",
        "pretaxIncome": 408,
        "provisionforIncomeTaxes": 47,
        "revenue": 5426,
        "sgaExpense": 1399,
        "totalOperatingExpense": 1399,
        "totalOtherIncomeExpenseNet": -6
      },
      {
        "costOfGoodsSold": 1512,
        "dilutedAverageSharesOutstanding": 668.2,
        "dilutedEPS": 0.94,
        "ebit": 609,
        "grossIncome": 1416,
        "interestExpense": 85,
        "interestIncomeExpense": -293,
        "minorityInterest": 146,
        "netIncome": 633,
        "netIncomeAfterTaxes": 189,
        "nonRecurringItems": -111,
        "period": "2024-09-30",
        "pretaxIncome": 201,
        "provisionforIncomeTaxes": 12,
        "revenue": 2928,
        "sgaExpense": 807,
        "totalOperatingExpense": 807,
        "totalOtherIncomeExpenseNet": -4
      },
      {
        "costOfGoodsSold": 4743,
        "dilutedAverageSharesOutstanding": 672.8,
        "dilutedEPS": 1.45,
        "ebit": 1398,
        "grossIncome": 2488,
        "interestExpense": 84,
        "interestIncomeExpense": -32,
        "minorityInterest": -77,
        "netIncome": 975,
        "netIncomeAfterTaxes": 1052,
        "nonRecurringItems": -81,
        "period": "2024-06-30",
        "pretaxIncome": 1279,
        "provisionforIncomeTaxes": 227,
        "revenue": 7231,
        "sgaExpense": 1090,
        "totalOperatingExpense": 1090,
        "totalOtherIncomeExpenseNet": -6
      },
      {
        "costOfGoodsSold": 4518,
        "dilutedAverageSharesOutstanding": 679,
        "dilutedEPS": -0.41,
        "ebit": -70,
        "grossIncome": 2181,
        "interestExpense": 96,
        "interestIncomeExpense": -33,
        "minorityInterest": -43,
        "netIncome": -277,
        "netIncomeAfterTaxes": -234,
        "nonRecurringItems": -254,
        "period": "2024-03-31",
        "pretaxIncome": -361,
        "provisionforIncomeTaxes": -127,
        "revenue": 6699,
        "sgaExpense": 2251,
        "totalOperatingExpense": 2251,
        "totalOtherIncomeExpenseNet": -4
      },
      {
        "costOfGoodsSold": 4102,
        "dilutedAverageSharesOutstanding": 682.4,
        "dilutedEPS": 0.55,
        "ebit": 479,
        "grossIncome": 1992,
        "interestExpense": 85,
        "interestIncomeExpense": -13,
        "minorityInterest": -30,
        "netIncome": 374,
        "netIncomeAfterTaxes": 404,
        "nonRecurringItems": -39,
        "period": "2023-12-31",
        "pretaxIncome": 403,
        "provisionforIncomeTaxes": -1,
        "revenue": 6094,
        "sgaExpense": 1513,
        "totalOperatingExpense": 1513,
        "totalOtherIncomeExpenseNet": -24
      },
      {
        "costOfGoodsSold": 4698,
        "dilutedAverageSharesOutstanding": 683.2,
        "dilutedEPS": 0.8,
        "ebit": 732,
        "grossIncome": 2208,
        "interestExpense": 78,
        "interestIncomeExpense": 5,
        "minorityInterest": -32,
        "netIncome": 549,
        "netIncomeAfterTaxes": 581,
        "nonRecurringItems": -195,
        "period": "2023-09-30",
        "pretaxIncome": 524,
        "provisionforIncomeTaxes": -57,
        "revenue": 6906,
        "sgaExpense": 1476,
        "totalOperatingExpense": 1476,
        "totalOtherIncomeExpenseNet": -18
      },
      {
        "costOfGoodsSold": 4702,
        "dilutedAverageSharesOutstanding": 686.2,
        "dilutedEPS": 1.53,
        "ebit": 876,
        "grossIncome": 2431,
        "interestExpense": 79,
        "interestIncomeExpense": 11,
        "minorityInterest": -73,
        "netIncome": 1049,
        "netIncomeAfterTaxes": 1122,
        "nonRecurringItems": -81,
        "period": "2023-06-30",
        "pretaxIncome": 793,
        "provisionforIncomeTaxes": -329,
        "revenue": 7133,
        "sgaExpense": 1555,
        "totalOperatingExpense": 1555,
        "totalOtherIncomeExpenseNet": -13
      },
      {
        "costOfGoodsSold": 4445,
        "dilutedAverageSharesOutstanding": 689.7,
        "dilutedEPS": 0.19,
        "ebit": 662,
        "grossIncome": 2241,
        "interestExpense": 71,
        "interestIncomeExpense": -10,
        "minorityInterest": -41,
        "netIncome": 133,
        "netIncomeAfterTaxes": 174,
        "nonRecurringItems": -418,
        "period": "2023-03-31",
        "pretaxIncome": 223,
        "provisionforIncomeTaxes": 49,
        "revenue": 6686,
        "sgaExpense": 1579,
        "totalOperatingExpense": 1579,
        "totalOtherIncomeExpenseNet": -11
      },
      {
        "costOfGoodsSold": 3977,
        "dilutedAverageSharesOutstanding": 690.3,
        "dilutedEPS": 0.17,
        "ebit": 520,
        "grossIncome": 2091,
        "interestExpense": 69,
        "interestIncomeExpense": 5,
        "minorityInterest": -38,
        "netIncome": 118,
        "netIncomeAfterTaxes": 156,
        "nonRecurringItems": -345,
        "period": "2022-12-31",
        "pretaxIncome": 170,
        "provisionforIncomeTaxes": 14,
        "revenue": 6068,
        "sgaExpense": 1571,
        "totalOperatingExpense": 1571,
        "totalOtherIncomeExpenseNet": -10
      },
      {
        "costOfGoodsSold": 4430,
        "dilutedAverageSharesOutstanding": 691.2,
        "dilutedEPS": 1.1,
        "ebit": 762,
        "grossIncome": 2295,
        "interestExpense": 56,
        "interestIncomeExpense": 22,
        "minorityInterest": -48,
        "netIncome": 761,
        "netIncomeAfterTaxes": 809,
        "nonRecurringItems": -167,
        "period": "2022-09-30",
        "pretaxIncome": 606,
        "provisionforIncomeTaxes": -203,
        "revenue": 6725,
        "sgaExpense": 1533,
        "totalOperatingExpense": 1533,
        "totalOtherIncomeExpenseNet": -11
      },
      {
        "costOfGoodsSold": 4414,
        "dilutedAverageSharesOutstanding": 692.2,
        "dilutedEPS": 0.55,
        "ebit": 611,
        "grossIncome": 2200,
        "interestExpense": 54,
        "interestIncomeExpense": 20,
        "minorityInterest": -64,
        "netIncome": 379,
        "netIncomeAfterTaxes": 443,
        "nonRecurringItems": -121,
        "period": "2022-06-30",
        "pretaxIncome": 504,
        "provisionforIncomeTaxes": 61,
        "revenue": 6614,
        "sgaExpense": 1589,
        "totalOperatingExpense": 1589,
        "totalOtherIncomeExpenseNet": -6
      },
      {
        "costOfGoodsSold": 4141,
        "dilutedAverageSharesOutstanding": 702.7,
        "dilutedEPS": 0.02,
        "ebit": 503,
        "grossIncome": 1957,
        "interestExpense": 56,
        "interestIncomeExpense": -4,
        "minorityInterest": -41,
        "netIncome": 11,
        "netIncomeAfterTaxes": 52,
        "nonRecurringItems": -384,
        "period": "2022-03-31",
        "pretaxIncome": 110,
        "provisionforIncomeTaxes": 58,
        "revenue": 6098,
        "sgaExpense": 1454,
        "totalOperatingExpense": 1454,
        "totalOtherIncomeExpenseNet": -5
      },
      {
        "costOfGoodsSold": 3971,
        "dilutedAverageSharesOutstanding": 709.5,
        "dilutedEPS": 0.54,
        "ebit": 522,
        "grossIncome": 1891,
        "interestExpense": 55,
        "interestIncomeExpense": 22,
        "minorityInterest": -38,
        "netIncome": 381,
        "netIncomeAfterTaxes": 419,
        "nonRecurringItems": -49,
        "period": "2021-12-31",
        "pretaxIncome": 490,
        "provisionforIncomeTaxes": 71,
        "revenue": 5862,
        "sgaExpense": 1369,
        "totalOperatingExpense": 1369,
        "totalOtherIncomeExpenseNet": -5
      },
      {
        "costOfGoodsSold": 4201,
        "dilutedAverageSharesOutstanding": 716.9,
        "dilutedEPS": 0.38,
        "ebit": 847,
        "grossIncome": 2191,
        "interestExpense": 52,
        "interestIncomeExpense": 32,
        "minorityInterest": -47,
        "netIncome": 269,
        "netIncomeAfterTaxes": 316,
        "nonRecurringItems": -67,
        "period": "2021-09-30",
        "pretaxIncome": 806,
        "provisionforIncomeTaxes": 490,
        "revenue": 6392,
        "sgaExpense": 1344,
        "totalOperatingExpense": 1344,
        "totalOtherIncomeExpenseNet": -6
      },
      {
        "costOfGoodsSold": 4144,
        "dilutedAverageSharesOutstanding": 719.7,
        "dilutedEPS": 0.8,
        "ebit": 830,
        "grossIncome": 2197,
        "interestExpense": 55,
        "interestIncomeExpense": 25,
        "minorityInterest": -87,
        "netIncome": 574,
        "netIncomeAfterTaxes": 661,
        "nonRecurringItems": -79,
        "period": "2021-06-30",
        "pretaxIncome": 769,
        "provisionforIncomeTaxes": 108,
        "revenue": 6341,
        "sgaExpense": 1367,
        "totalOperatingExpense": 1367,
        "totalOtherIncomeExpenseNet": -7
      },
      {
        "costOfGoodsSold": 3651,
        "dilutedAverageSharesOutstanding": 721.3,
        "dilutedEPS": 0.48,
        "ebit": 690,
        "grossIncome": 1943,
        "interestExpense": 53,
        "interestIncomeExpense": 16,
        "minorityInterest": -54,
        "netIncome": 343,
        "netIncomeAfterTaxes": 397,
        "nonRecurringItems": -96,
        "period": "2021-03-31",
        "pretaxIncome": 606,
        "provisionforIncomeTaxes": 209,
        "revenue": 5594,
        "sgaExpense": 1253,
        "totalOperatingExpense": 1253,
        "totalOtherIncomeExpenseNet": -4
      },
      {
        "costOfGoodsSold": 3613,
        "dilutedAverageSharesOutstanding": 726.5,
        "dilutedEPS": 0.62,
        "ebit": 434,
        "grossIncome": 1728,
        "interestExpense": 59,
        "interestIncomeExpense": 7,
        "minorityInterest": -45,
        "netIncome": 451,
        "netIncomeAfterTaxes": 372,
        "nonRecurringItems": 0,
        "period": "2020-12-31",
        "pretaxIncome": 433,
        "provisionforIncomeTaxes": 61,
        "revenue": 5341,
        "sgaExpense": 1294,
        "totalOperatingExpense": 1294,
        "totalOtherIncomeExpenseNet": -8
      },
      {
        "costOfGoodsSold": 3979,
        "dilutedAverageSharesOutstanding": 737.7,
        "dilutedEPS": 0.6,
        "ebit": 522,
        "grossIncome": 1975,
        "interestExpense": 58,
        "interestIncomeExpense": 7,
        "minorityInterest": -49,
        "netIncome": 441,
        "netIncomeAfterTaxes": 490,
        "nonRecurringItems": 0,
        "period": "2020-09-30",
        "pretaxIncome": 521,
        "provisionforIncomeTaxes": 31,
        "revenue": 5954,
        "sgaExpense": 1453,
        "totalOperatingExpense": 1453,
        "totalOtherIncomeExpenseNet": -8
      },
      {
        "costOfGoodsSold": 3511,
        "dilutedAverageSharesOutstanding": 744,
        "dilutedEPS": -0.24,
        "ebit": 498,
        "grossIncome": 1832,
        "interestExpense": 58,
        "interestIncomeExpense": -3,
        "minorityInterest": -60,
        "netIncome": -182,
        "netIncomeAfterTaxes": -122,
        "nonRecurringItems": -610,
        "period": "2020-06-30",
        "pretaxIncome": -123,
        "provisionforIncomeTaxes": -1,
        "revenue": 5343,
        "sgaExpense": 1334,
        "totalOperatingExpense": 1334,
        "totalOtherIncomeExpenseNet": -8
      },
      {
        "costOfGoodsSold": 3643,
        "dilutedAverageSharesOutstanding": 757.1,
        "dilutedEPS": 0.28,
        "ebit": 350,
        "grossIncome": 1801,
        "interestExpense": 62,
        "interestIncomeExpense": -34,
        "minorityInterest": -23,
        "netIncome": 213,
        "netIncomeAfterTaxes": 236,
        "nonRecurringItems": -62,
        "period": "2020-03-31",
        "pretaxIncome": 249,
        "provisionforIncomeTaxes": 13,
        "revenue": 5444,
        "sgaExpense": 1451,
        "totalOperatingExpense": 1451,
        "totalOtherIncomeExpenseNet": -5
      },
      {
        "costOfGoodsSold": 3773,
        "dilutedAverageSharesOutstanding": 774,
        "dilutedEPS": 0.21,
        "ebit": 376,
        "grossIncome": 1803,
        "interestExpense": 62,
        "interestIncomeExpense": -4,
        "minorityInterest": -32,
        "netIncome": 159,
        "netIncomeAfterTaxes": 191,
        "nonRecurringItems": -111,
        "period": "2019-12-31",
        "pretaxIncome": 256,
        "provisionforIncomeTaxes": 65,
        "revenue": 5576,
        "sgaExpense": 1427,
        "totalOperatingExpense": 1427,
        "totalOtherIncomeExpenseNet": -5
      },
      {
        "costOfGoodsSold": 4294,
        "dilutedAverageSharesOutstanding": 790.6,
        "dilutedEPS": 0.77,
        "ebit": 20,
        "grossIncome": 1980,
        "interestExpense": 66,
        "interestIncomeExpense": 15,
        "minorityInterest": -42,
        "netIncome": 612,
        "netIncomeAfterTaxes": 654,
        "nonRecurringItems": 0,
        "period": "2019-09-30",
        "pretaxIncome": 27,
        "provisionforIncomeTaxes": -627,
        "revenue": 6274,
        "sgaExpense": 1960,
        "totalOperatingExpense": 1960,
        "totalOtherIncomeExpenseNet": -8
      },
      {
        "costOfGoodsSold": 4307,
        "dilutedAverageSharesOutstanding": 875.2,
        "dilutedEPS": 4.78,
        "ebit": 756,
        "grossIncome": 2144,
        "interestExpense": 81,
        "interestIncomeExpense": 10,
        "minorityInterest": -84,
        "netIncome": 4192,
        "netIncomeAfterTaxes": 225,
        "nonRecurringItems": -295,
        "period": "2019-06-30",
        "pretaxIncome": 464,
        "provisionforIncomeTaxes": 239,
        "revenue": 6451,
        "sgaExpense": 1388,
        "totalOperatingExpense": 1388,
        "totalOtherIncomeExpenseNet": -7
      },
      {
        "costOfGoodsSold": 3935,
        "dilutedAverageSharesOutstanding": 905.9,
        "dilutedEPS": 0.56,
        "ebit": 386,
        "grossIncome": 1844,
        "interestExpense": 97,
        "interestIncomeExpense": -58,
        "minorityInterest": -34,
        "netIncome": 515,
        "netIncomeAfterTaxes": 274,
        "nonRecurringItems": 0,
        "period": "2019-03-31",
        "pretaxIncome": 321,
        "provisionforIncomeTaxes": 47,
        "revenue": 5779,
        "sgaExpense": 1458,
        "totalOperatingExpense": 1458,
        "totalOtherIncomeExpenseNet": -7
      },
      {
        "costOfGoodsSold": 3739,
        "dilutedAverageSharesOutstanding": 925.2,
        "dilutedEPS": 0.38,
        "ebit": 287,
        "grossIncome": 1725,
        "interestExpense": 91,
        "interestIncomeExpense": -37,
        "minorityInterest": -29,
        "netIncome": 355,
        "netIncomeAfterTaxes": 136,
        "nonRecurringItems": 0,
        "period": "2018-12-31",
        "pretaxIncome": 244,
        "provisionforIncomeTaxes": 108,
        "revenue": 5464,
        "sgaExpense": 1438,
        "totalOperatingExpense": 1438,
        "totalOtherIncomeExpenseNet": -6
      },
      {
        "costOfGoodsSold": 4126,
        "dilutedAverageSharesOutstanding": 930.5,
        "dilutedEPS": 0.82,
        "ebit": 665,
        "grossIncome": 2057,
        "interestExpense": 102,
        "interestIncomeExpense": -42,
        "minorityInterest": -40,
        "netIncome": 771,
        "netIncomeAfterTaxes": 536,
        "nonRecurringItems": -101,
        "period": "2018-09-30",
        "pretaxIncome": 515,
        "provisionforIncomeTaxes": -21,
        "revenue": 6183,
        "sgaExpense": 1392,
        "totalOperatingExpense": 1392,
        "totalOtherIncomeExpenseNet": -7
      },
      {
        "costOfGoodsSold": 4194,
        "dilutedAverageSharesOutstanding": 930.7,
        "dilutedEPS": 0.77,
        "ebit": 647,
        "grossIncome": 2088,
        "interestExpense": 106,
        "interestIncomeExpense": -32,
        "minorityInterest": -72,
        "netIncome": 723,
        "netIncomeAfterTaxes": 546,
        "nonRecurringItems": 0,
        "period": "2018-06-30",
        "pretaxIncome": 607,
        "provisionforIncomeTaxes": 61,
        "revenue": 6282,
        "sgaExpense": 1441,
        "totalOperatingExpense": 1441,
        "totalOtherIncomeExpenseNet": -8
      },
      {
        "costOfGoodsSold": 3806,
        "dilutedAverageSharesOutstanding": 932.5,
        "dilutedEPS": 0.46,
        "ebit": 334,
        "grossIncome": 1824,
        "interestExpense": 99,
        "interestIncomeExpense": -72,
        "minorityInterest": -34,
        "netIncome": 438,
        "netIncomeAfterTaxes": 218,
        "nonRecurringItems": 0,
        "period": "2018-03-31",
        "pretaxIncome": 254,
        "provisionforIncomeTaxes": 36,
        "revenue": 5630,
        "sgaExpense": 1490,
        "totalOperatingExpense": 1490,
        "totalOtherIncomeExpenseNet": -8
      },
      {
        "costOfGoodsSold": 3607,
        "dilutedAverageSharesOutstanding": 926.1,
        "dilutedEPS": 0.24,
        "ebit": 379,
        "grossIncome": 1698,
        "interestExpense": 102,
        "interestIncomeExpense": -48,
        "minorityInterest": -28,
        "netIncome": 230,
        "netIncomeAfterTaxes": 157,
        "nonRecurringItems": -154,
        "period": "2017-12-31",
        "pretaxIncome": 170,
        "provisionforIncomeTaxes": 13,
        "revenue": 5305,
        "sgaExpense": 1319,
        "totalOperatingExpense": 1319,
        "totalOtherIncomeExpenseNet": -7
      },
      {
        "costOfGoodsSold": 95,
        "dilutedAverageSharesOutstanding": 938,
        "dilutedEPS": 0.93,
        "ebit": -114,
        "grossIncome": 704,
        "interestExpense": 103,
        "interestIncomeExpense": -116,
        "minorityInterest": -10,
        "netIncome": 875,
        "netIncomeAfterTaxes": -97,
        "nonRecurringItems": -121,
        "period": "2017-09-30",
        "pretaxIncome": -345,
        "provisionforIncomeTaxes": -248,
        "revenue": 799,
        "sgaExpense": 818,
        "totalOperatingExpense": 818,
        "totalOtherIncomeExpenseNet": 6
      },
      {
        "costOfGoodsSold": 5252,
        "dilutedAverageSharesOutstanding": 944.4,
        "dilutedEPS": 0.59,
        "ebit": 822,
        "grossIncome": 2431,
        "interestExpense": 115,
        "interestIncomeExpense": -41,
        "minorityInterest": -74,
        "netIncome": 555,
        "netIncomeAfterTaxes": 629,
        "nonRecurringItems": -49,
        "period": "2017-06-30",
        "pretaxIncome": 718,
        "provisionforIncomeTaxes": 89,
        "revenue": 7683,
        "sgaExpense": 1609,
        "totalOperatingExpense": 1609,
        "totalOtherIncomeExpenseNet": -14
      },
      {
        "costOfGoodsSold": 4986,
        "dilutedAverageSharesOutstanding": 939.2,
        "dilutedEPS": -0.16,
        "ebit": 555,
        "grossIncome": 2281,
        "interestExpense": 118,
        "interestIncomeExpense": -52,
        "minorityInterest": -33,
        "netIncome": -148,
        "netIncomeAfterTaxes": -115,
        "nonRecurringItems": -99,
        "period": "2017-03-31",
        "pretaxIncome": 393,
        "provisionforIncomeTaxes": 508,
        "revenue": 7267,
        "sgaExpense": 1726,
        "totalOperatingExpense": 1726,
        "totalOtherIncomeExpenseNet": -11
      },
      {
        "costOfGoodsSold": 4972,
        "dilutedAverageSharesOutstanding": 947.4,
        "dilutedEPS": 0.34,
        "ebit": 544,
        "grossIncome": 2114,
        "interestExpense": 110,
        "interestIncomeExpense": -51,
        "minorityInterest": -40,
        "netIncome": 329,
        "netIncomeAfterTaxes": 412,
        "nonRecurringItems": -78,
        "period": "2016-12-31",
        "pretaxIncome": 385,
        "provisionforIncomeTaxes": -27,
        "revenue": 7086,
        "sgaExpense": 1570,
        "totalOperatingExpense": 1570,
        "totalOtherIncomeExpenseNet": -30
      },
      {
        "costOfGoodsSold": 10677,
        "dilutedAverageSharesOutstanding": 1457.093,
        "dilutedEPS": -0.91,
        "ebit": 691,
        "grossIncome": 3004,
        "interestIncomeExpense": -202,
        "minorityInterest": -134,
        "netIncome": -1329,
        "netIncomeAfterTaxes": 408,
        "nonRecurringItems": 73,
        "otherOperatingExpensesTotal": -174,
        "period": "2016-09-30",
        "pretaxIncome": 475,
        "provisionforIncomeTaxes": 67,
        "revenue": 13681,
        "sgaExpense": 2487,
        "totalOperatingExpense": 2313,
        "totalOtherIncomeExpenseNet": -87
      },
      {
        "costOfGoodsSold": 1534,
        "dilutedAverageSharesOutstanding": 409.695,
        "dilutedEPS": 0.59,
        "ebit": 306,
        "grossIncome": 915,
        "interestExpense": 22,
        "interestIncomeExpense": -19,
        "minorityInterest": 1,
        "netIncome": 239,
        "netIncomeAfterTaxes": 240,
        "nonRecurringItems": -70,
        "period": "2016-06-24",
        "pretaxIncome": 271,
        "provisionforIncomeTaxes": 31,
        "revenue": 2449,
        "sgaExpense": 609,
        "totalOperatingExpense": 609,
        "totalOtherIncomeExpenseNet": 54
      },
      {
        "costOfGoodsSold": 1474,
        "dilutedAverageSharesOutstanding": 408.74,
        "dilutedEPS": 0.35,
        "ebit": 278,
        "grossIncome": 857,
        "interestExpense": 22,
        "interestIncomeExpense": -18,
        "minorityInterest": 1,
        "netIncome": 146,
        "netIncomeAfterTaxes": 144,
        "nonRecurringItems": -53,
        "period": "2016-03-25",
        "pretaxIncome": 207,
        "provisionforIncomeTaxes": 63,
        "revenue": 2331,
        "sgaExpense": 579,
        "totalOperatingExpense": 579,
        "totalOtherIncomeExpenseNet": 0
      },
      {
        "costOfGoodsSold": 1498,
        "dilutedAverageSharesOutstanding": 408.74,
        "dilutedEPS": 0.18,
        "ebit": 363,
        "grossIncome": 878,
        "interestExpense": 24,
        "interestIncomeExpense": -20,
        "minorityInterest": 0,
        "netIncome": 76,
        "netIncomeAfterTaxes": 72,
        "nonRecurringItems": -238,
        "period": "2015-12-25",
        "pretaxIncome": 108,
        "provisionforIncomeTaxes": 36,
        "revenue": 2376,
        "sgaExpense": 515,
        "totalOperatingExpense": 515,
        "totalOtherIncomeExpenseNet": 3
      },
      {
        "costOfGoodsSold": 1579,
        "dilutedAverageSharesOutstanding": 407.785,
        "dilutedEPS": 0.16,
        "ebit": 345,
        "equityEarningsAffiliates": 0,
        "grossIncome": 926,
        "interestExpense": 27,
        "interestIncomeExpense": -23,
        "minorityInterest": -1,
        "netIncome": 66,
        "netIncomeAfterTaxes": 83,
        "nonRecurringItems": -134,
        "period": "2015-09-25",
        "pretaxIncome": 97,
        "provisionforIncomeTaxes": 14,
        "revenue": 2505,
        "sgaExpense": 581,
        "totalOperatingExpense": 581,
        "totalOtherIncomeExpenseNet": -91
      }
    ],
    "symbol": "JCI"
  }
}