{
  "symbol": "TPL",
  "statement": "ic",
  "frequency": "quarterly",
  "timestamp": "2025-09-19T14:07:28.761120",
  "data": {
    "financials": [
      {
        "costOfGoodsSold": 8.451,
        "depreciationAmortization": 13.699,
        "dilutedAverageSharesOutstanding": 23.0136,
        "dilutedEPS": 5.0466,
        "ebit": 143.751,
        "grossIncome": 179.092,
        "netIncome": 116.14,
        "netIncomeAfterTaxes": 116.14,
        "period": "2025-06-30",
        "pretaxIncome": 148.991,
        "provisionforIncomeTaxes": 32.851,
        "revenue": 187.543,
        "sgaExpense": 21.642,
        "totalOperatingExpense": 35.341,
        "totalOtherIncomeExpenseNet": 5.24
      },
      {
        "costOfGoodsSold": 11.126,
        "depreciationAmortization": 11.941,
        "dilutedAverageSharesOutstanding": 23.0059,
        "dilutedEPS": 5.2444,
        "ebit": 150.073,
        "grossIncome": 184.857,
        "netIncome": 120.652,
        "netIncomeAfterTaxes": 120.652,
        "period": "2025-03-31",
        "pretaxIncome": 154.394,
        "provisionforIncomeTaxes": 33.742,
        "revenue": 195.983,
        "sgaExpense": 22.843,
        "totalOperatingExpense": 34.784,
        "totalOtherIncomeExpenseNet": 4.321
      },
      {
        "costOfGoodsSold": 9.357,
        "depreciationAmortization": 11.467,
        "dilutedAverageSharesOutstanding": 23.029,
        "dilutedEPS": 5.14,
        "ebit": 142.544,
        "grossIncome": 176.427,
        "netIncome": 118.36,
        "netIncomeAfterTaxes": 118.36,
        "otherOperatingExpensesTotal": -0.425,
        "period": "2024-12-31",
        "pretaxIncome": 150.978,
        "provisionforIncomeTaxes": 32.618,
        "revenue": 185.784,
        "sgaExpense": 22.841,
        "totalOperatingExpense": 33.883,
        "totalOtherIncomeExpenseNet": 8.434
      },
      {
        "costOfGoodsSold": 11.731,
        "depreciationAmortization": 5.762,
        "dilutedAverageSharesOutstanding": 23.012,
        "dilutedEPS": 4.63,
        "ebit": 127.331,
        "grossIncome": 161.832,
        "netIncome": 106.594,
        "netIncomeAfterTaxes": 106.594,
        "otherOperatingExpensesTotal": 0.175,
        "period": "2024-09-30",
        "pretaxIncome": 135.417,
        "provisionforIncomeTaxes": 28.823,
        "revenue": 173.563,
        "sgaExpense": 28.564,
        "totalOperatingExpense": 34.501,
        "totalOtherIncomeExpenseNet": 8.086
      },
      {
        "costOfGoodsSold": 14.824,
        "depreciationAmortization": 4.093,
        "dilutedAverageSharesOutstanding": 23.014,
        "dilutedEPS": 4.98,
        "ebit": 133.222,
        "grossIncome": 157.51,
        "netIncome": 114.589,
        "netIncomeAfterTaxes": 114.589,
        "otherOperatingExpensesTotal": 0,
        "period": "2024-06-30",
        "pretaxIncome": 146.442,
        "provisionforIncomeTaxes": 31.853,
        "revenue": 172.334,
        "sgaExpense": 20.195,
        "totalOperatingExpense": 24.288,
        "totalOtherIncomeExpenseNet": 13.22
      },
      {
        "costOfGoodsSold": 10.212,
        "depreciationAmortization": 3.84,
        "dilutedAverageSharesOutstanding": 23.02,
        "dilutedEPS": 4.97,
        "ebit": 136.041,
        "grossIncome": 163.93,
        "netIncome": 114.417,
        "netIncomeAfterTaxes": 114.417,
        "otherOperatingExpensesTotal": 0.25,
        "period": "2024-03-31",
        "pretaxIncome": 145.984,
        "provisionforIncomeTaxes": 31.567,
        "revenue": 174.142,
        "sgaExpense": 23.799,
        "totalOperatingExpense": 27.889,
        "totalOtherIncomeExpenseNet": 9.943
      },
      {
        "costOfGoodsSold": 9.07,
        "depreciationAmortization": 3.876,
        "dilutedAverageSharesOutstanding": 23.021,
        "dilutedEPS": 4.91,
        "ebit": 133.863,
        "grossIncome": 157.587,
        "netIncome": 113.11,
        "netIncomeAfterTaxes": 113.11,
        "period": "2023-12-31",
        "pretaxIncome": 145.132,
        "provisionforIncomeTaxes": 32.022,
        "revenue": 166.657,
        "sgaExpense": 19.848,
        "totalOperatingExpense": 23.724,
        "totalOtherIncomeExpenseNet": 11.269
      },
      {
        "costOfGoodsSold": 8.553,
        "depreciationAmortization": 3.584,
        "dilutedAverageSharesOutstanding": 23.046,
        "dilutedEPS": 4.58,
        "ebit": 126.958,
        "grossIncome": 149.414,
        "netIncome": 105.574,
        "netIncomeAfterTaxes": 105.574,
        "period": "2023-09-30",
        "pretaxIncome": 134.937,
        "provisionforIncomeTaxes": 29.363,
        "revenue": 157.967,
        "sgaExpense": 18.872,
        "totalOperatingExpense": 22.456,
        "totalOtherIncomeExpenseNet": 7.979
      },
      {
        "costOfGoodsSold": 10.287,
        "depreciationAmortization": 3.893,
        "dilutedAverageSharesOutstanding": 23.073,
        "dilutedEPS": 4.35,
        "ebit": 120.28,
        "grossIncome": 150.322,
        "netIncome": 100.393,
        "netIncomeAfterTaxes": 100.393,
        "period": "2023-06-30",
        "pretaxIncome": 127.151,
        "provisionforIncomeTaxes": 26.758,
        "revenue": 160.609,
        "sgaExpense": 26.149,
        "totalOperatingExpense": 30.042,
        "totalOtherIncomeExpenseNet": 6.871
      },
      {
        "costOfGoodsSold": 5.656,
        "depreciationAmortization": 3.404,
        "dilutedAverageSharesOutstanding": 23.095,
        "dilutedEPS": 3.75,
        "ebit": 104.952,
        "grossIncome": 140.706,
        "netIncome": 86.568,
        "netIncomeAfterTaxes": 86.568,
        "otherOperatingExpensesTotal": 0.003,
        "period": "2023-03-31",
        "pretaxIncome": 110.341,
        "provisionforIncomeTaxes": 23.773,
        "revenue": 146.362,
        "sgaExpense": 32.347,
        "totalOperatingExpense": 35.754,
        "totalOtherIncomeExpenseNet": 5.389
      },
      {
        "costOfGoodsSold": 4.418,
        "depreciationAmortization": 3.153,
        "dilutedAverageSharesOutstanding": 23.12,
        "dilutedEPS": 4.31,
        "ebit": 124.231,
        "grossIncome": 148.288,
        "netIncome": 99.731,
        "netIncomeAfterTaxes": 99.731,
        "otherOperatingExpensesTotal": 0.055,
        "period": "2022-12-31",
        "pretaxIncome": 128.153,
        "provisionforIncomeTaxes": 28.422,
        "revenue": 152.706,
        "sgaExpense": 20.849,
        "totalOperatingExpense": 24.057,
        "totalOtherIncomeExpenseNet": 3.922
      },
      {
        "costOfGoodsSold": 6.348,
        "depreciationAmortization": 3.917,
        "dilutedAverageSharesOutstanding": 23.161,
        "dilutedEPS": 5.61,
        "ebit": 162.055,
        "grossIncome": 184.763,
        "netIncome": 129.837,
        "netIncomeAfterTaxes": 129.837,
        "period": "2022-09-30",
        "pretaxIncome": 163.975,
        "provisionforIncomeTaxes": 34.138,
        "revenue": 191.111,
        "sgaExpense": 18.791,
        "totalOperatingExpense": 22.708,
        "totalOtherIncomeExpenseNet": 1.92
      },
      {
        "costOfGoodsSold": 3.915,
        "depreciationAmortization": 4.18,
        "dilutedAverageSharesOutstanding": 23.212,
        "dilutedEPS": 5.12,
        "ebit": 151.708,
        "grossIncome": 172.355,
        "netIncome": 118.894,
        "netIncomeAfterTaxes": 118.894,
        "period": "2022-06-30",
        "pretaxIncome": 152.338,
        "provisionforIncomeTaxes": 33.444,
        "revenue": 176.27,
        "sgaExpense": 16.467,
        "totalOperatingExpense": 20.647,
        "totalOtherIncomeExpenseNet": 0.63
      },
      {
        "costOfGoodsSold": 2.782,
        "depreciationAmortization": 4.126,
        "dilutedAverageSharesOutstanding": 23.228,
        "dilutedEPS": 4.21,
        "ebit": 124.313,
        "grossIncome": 144.553,
        "netIncome": 97.9,
        "netIncomeAfterTaxes": 97.9,
        "period": "2022-03-31",
        "pretaxIncome": 124.389,
        "provisionforIncomeTaxes": 26.489,
        "revenue": 147.335,
        "sgaExpense": 16.114,
        "totalOperatingExpense": 20.24,
        "totalOtherIncomeExpenseNet": 0.076
      },
      {
        "costOfGoodsSold": 2.734,
        "depreciationAmortization": 4.695,
        "dilutedAverageSharesOutstanding": 23.235,
        "dilutedEPS": 3.4,
        "ebit": 125.861,
        "grossIncome": 144.444,
        "netIncome": 79.045,
        "netIncomeAfterTaxes": 79.045,
        "otherOperatingExpensesTotal": 0,
        "period": "2021-12-31",
        "pretaxIncome": 125.561,
        "provisionforIncomeTaxes": 46.516,
        "revenue": 147.178,
        "sgaExpense": 13.888,
        "totalOperatingExpense": 18.583,
        "totalOtherIncomeExpenseNet": -0.3
      },
      {
        "costOfGoodsSold": 3.65,
        "depreciationAmortization": 3.866,
        "dilutedAverageSharesOutstanding": 23.254,
        "dilutedEPS": 3.61,
        "ebit": 103.24,
        "grossIncome": 120.043,
        "netIncome": 83.837,
        "netIncomeAfterTaxes": 83.837,
        "otherOperatingExpensesTotal": 0,
        "period": "2021-09-30",
        "pretaxIncome": 103.753,
        "provisionforIncomeTaxes": 19.916,
        "revenue": 123.693,
        "sgaExpense": 12.937,
        "totalOperatingExpense": 16.803,
        "totalOtherIncomeExpenseNet": 0.513
      },
      {
        "costOfGoodsSold": 3.551,
        "depreciationAmortization": 3.858,
        "dilutedAverageSharesOutstanding": 23.268,
        "dilutedEPS": 2.45,
        "ebit": 71.27,
        "grossIncome": 92.381,
        "netIncome": 57.046,
        "netIncomeAfterTaxes": 57.046,
        "otherOperatingExpensesTotal": 0,
        "period": "2021-06-30",
        "pretaxIncome": 71.676,
        "provisionforIncomeTaxes": 14.63,
        "revenue": 95.932,
        "sgaExpense": 17.253,
        "totalOperatingExpense": 21.111,
        "totalOtherIncomeExpenseNet": 0.406
      },
      {
        "costOfGoodsSold": 3.298,
        "depreciationAmortization": 3.838,
        "dilutedAverageSharesOutstanding": 23.269,
        "dilutedEPS": 2.15,
        "ebit": 62.022,
        "grossIncome": 80.857,
        "netIncome": 50.052,
        "netIncomeAfterTaxes": 50.052,
        "period": "2021-03-31",
        "pretaxIncome": 62.027,
        "provisionforIncomeTaxes": 11.975,
        "revenue": 84.155,
        "sgaExpense": 14.997,
        "totalOperatingExpense": 18.835,
        "totalOtherIncomeExpenseNet": 0.005
      },
      {
        "costOfGoodsSold": 3.028,
        "depreciationAmortization": 3.622,
        "dilutedAverageSharesOutstanding": 23.269,
        "dilutedEPS": 1.92,
        "ebit": 55.242,
        "grossIncome": 71.286,
        "netIncome": 44.791,
        "netIncomeAfterTaxes": 44.791,
        "otherOperatingExpensesTotal": 1.2,
        "period": "2020-12-31",
        "pretaxIncome": 55.337,
        "provisionforIncomeTaxes": 10.546,
        "revenue": 74.314,
        "sgaExpense": 11.222,
        "totalOperatingExpense": 16.044,
        "totalOtherIncomeExpenseNet": 0.095
      },
      {
        "costOfGoodsSold": 2.26,
        "depreciationAmortization": 3.76,
        "dilutedAverageSharesOutstanding": 23.269,
        "dilutedEPS": 1.99,
        "ebit": 56.748,
        "grossIncome": 72.123,
        "netIncome": 46.275,
        "netIncomeAfterTaxes": 46.275,
        "otherOperatingExpensesTotal": 0.067,
        "period": "2020-09-30",
        "pretaxIncome": 58.035,
        "provisionforIncomeTaxes": 11.76,
        "revenue": 74.383,
        "sgaExpense": 11.548,
        "totalOperatingExpense": 15.375,
        "totalOtherIncomeExpenseNet": 1.287
      },
      {
        "costOfGoodsSold": 2.165,
        "depreciationAmortization": 3.678,
        "dilutedAverageSharesOutstanding": 23.524,
        "dilutedEPS": 1.19,
        "ebit": 34.729,
        "grossIncome": 55.108,
        "netIncome": 27.582,
        "netIncomeAfterTaxes": 27.582,
        "otherOperatingExpensesTotal": 2.706,
        "period": "2020-06-30",
        "pretaxIncome": 34.922,
        "provisionforIncomeTaxes": 7.34,
        "revenue": 57.273,
        "sgaExpense": 13.995,
        "totalOperatingExpense": 20.379,
        "totalOtherIncomeExpenseNet": 0.193
      },
      {
        "costOfGoodsSold": 6.78,
        "depreciationAmortization": 3.335,
        "dilutedAverageSharesOutstanding": 23.269,
        "dilutedEPS": 2.47,
        "ebit": 70.542,
        "grossIncome": 89.814,
        "netIncome": 57.401,
        "netIncomeAfterTaxes": 57.401,
        "period": "2020-03-31",
        "pretaxIncome": 71.368,
        "provisionforIncomeTaxes": 13.967,
        "revenue": 96.594,
        "sgaExpense": 15.937,
        "totalOperatingExpense": 19.272,
        "totalOtherIncomeExpenseNet": 0.826
      },
      {
        "costOfGoodsSold": 5.385,
        "depreciationAmortization": 3.62,
        "dilutedAverageSharesOutstanding": 23.268,
        "dilutedEPS": 2.97,
        "ebit": 88.16,
        "grossIncome": 107.947,
        "netIncome": 69.122,
        "netIncomeAfterTaxes": 69.122,
        "period": "2019-12-31",
        "pretaxIncome": 89.071,
        "provisionforIncomeTaxes": 19.949,
        "revenue": 113.332,
        "sgaExpense": 16.167,
        "totalOperatingExpense": 19.787,
        "totalOtherIncomeExpenseNet": 0.911
      },
      {
        "costOfGoodsSold": 5.122,
        "depreciationAmortization": 2.631,
        "dilutedAverageSharesOutstanding": 23.269,
        "dilutedEPS": 2.58,
        "ebit": 73.818,
        "grossIncome": 93.408,
        "netIncome": 60.022,
        "netIncomeAfterTaxes": 60.022,
        "period": "2019-09-30",
        "pretaxIncome": 74.759,
        "provisionforIncomeTaxes": 14.737,
        "revenue": 98.53,
        "sgaExpense": 16.959,
        "totalOperatingExpense": 19.59,
        "totalOtherIncomeExpenseNet": 0.941
      },
      {
        "costOfGoodsSold": 5.723,
        "depreciationAmortization": 1.451,
        "dilutedAverageSharesOutstanding": 23.269,
        "dilutedEPS": 2.13,
        "ebit": 62.442,
        "grossIncome": 81.587,
        "netIncome": 49.586,
        "netIncomeAfterTaxes": 49.586,
        "period": "2019-06-30",
        "pretaxIncome": 62.879,
        "provisionforIncomeTaxes": 13.293,
        "revenue": 87.31,
        "sgaExpense": 17.694,
        "totalOperatingExpense": 19.145,
        "totalOtherIncomeExpenseNet": 0.437
      },
      {
        "costOfGoodsSold": 4.578,
        "depreciationAmortization": 1.204,
        "dilutedAverageSharesOutstanding": 23.28,
        "dilutedEPS": 6.01,
        "ebit": 175.153,
        "grossIncome": 186.746,
        "netIncome": 139.998,
        "netIncomeAfterTaxes": 139.998,
        "period": "2019-03-31",
        "pretaxIncome": 175.546,
        "provisionforIncomeTaxes": 35.548,
        "revenue": 191.324,
        "sgaExpense": 10.389,
        "totalOperatingExpense": 11.593,
        "totalOtherIncomeExpenseNet": 0.393
      },
      {
        "costOfGoodsSold": 3.561,
        "depreciationAmortization": 1.064,
        "dilutedAverageSharesOutstanding": 23.274,
        "dilutedEPS": 2.69,
        "ebit": 77.889,
        "grossIncome": 89.64,
        "netIncome": 62.68,
        "netIncomeAfterTaxes": 62.68,
        "period": "2018-12-31",
        "pretaxIncome": 78.279,
        "provisionforIncomeTaxes": 15.599,
        "revenue": 93.201,
        "sgaExpense": 10.687,
        "totalOperatingExpense": 11.751,
        "totalOtherIncomeExpenseNet": 0.39
      },
      {
        "costOfGoodsSold": 3.707,
        "depreciationAmortization": 0.706,
        "dilutedAverageSharesOutstanding": 23.36,
        "dilutedEPS": 2.17,
        "ebit": 62.959,
        "grossIncome": 69.461,
        "netIncome": 50.762,
        "netIncomeAfterTaxes": 50.762,
        "period": "2018-09-30",
        "pretaxIncome": 63.195,
        "provisionforIncomeTaxes": 12.433,
        "revenue": 73.168,
        "sgaExpense": 5.796,
        "totalOperatingExpense": 6.502,
        "totalOtherIncomeExpenseNet": 0.236
      },
      {
        "costOfGoodsSold": 2.588,
        "depreciationAmortization": 0.483,
        "dilutedAverageSharesOutstanding": 23.41,
        "dilutedEPS": 2.24,
        "ebit": 65.505,
        "grossIncome": 71.256,
        "netIncome": 52.503,
        "netIncomeAfterTaxes": 52.503,
        "period": "2018-06-30",
        "pretaxIncome": 65.665,
        "provisionforIncomeTaxes": 13.162,
        "revenue": 73.844,
        "sgaExpense": 5.268,
        "totalOperatingExpense": 5.751,
        "totalOtherIncomeExpenseNet": 0.16
      },
      {
        "costOfGoodsSold": 1.306,
        "depreciationAmortization": 0.33,
        "dilutedAverageSharesOutstanding": 23.455,
        "dilutedEPS": 1.87,
        "ebit": 54.481,
        "grossIncome": 58.701,
        "netIncome": 43.791,
        "netIncomeAfterTaxes": 43.791,
        "period": "2018-03-31",
        "pretaxIncome": 54.611,
        "provisionforIncomeTaxes": 10.82,
        "revenue": 60.007,
        "sgaExpense": 3.89,
        "totalOperatingExpense": 4.22,
        "totalOtherIncomeExpenseNet": 0.13
      },
      {
        "costOfGoodsSold": 0.274,
        "depreciationAmortization": 0.063,
        "dilutedAverageSharesOutstanding": 23.404,
        "dilutedEPS": 1.05,
        "ebit": 36.372,
        "grossIncome": 39.683,
        "netIncome": 24.62,
        "netIncomeAfterTaxes": 24.517,
        "period": "2017-12-31",
        "pretaxIncome": 36.455,
        "provisionforIncomeTaxes": 11.938,
        "revenue": 39.957,
        "sgaExpense": 3.248,
        "totalOperatingExpense": 3.311,
        "totalOtherIncomeExpenseNet": 0.083
      },
      {
        "costOfGoodsSold": 0.201,
        "depreciationAmortization": 0.209,
        "dilutedAverageSharesOutstanding": 23.556,
        "dilutedEPS": 1.4,
        "ebit": 49.306,
        "grossIncome": 51.776,
        "netIncome": 33.002,
        "netIncomeAfterTaxes": 33.002,
        "period": "2017-09-30",
        "pretaxIncome": 49.324,
        "provisionforIncomeTaxes": 16.322,
        "revenue": 51.977,
        "sgaExpense": 2.261,
        "totalOperatingExpense": 2.47,
        "totalOtherIncomeExpenseNet": 0.018
      },
      {
        "costOfGoodsSold": 0.01,
        "depreciationAmortization": 0.085,
        "dilutedAverageSharesOutstanding": 23.647,
        "dilutedEPS": 0.86,
        "ebit": 30.379,
        "grossIncome": 32.283,
        "netIncome": 20.35,
        "netIncomeAfterTaxes": 20.35,
        "period": "2017-06-30",
        "pretaxIncome": 30.385,
        "provisionforIncomeTaxes": 10.035,
        "revenue": 32.293,
        "sgaExpense": 1.819,
        "totalOperatingExpense": 1.904,
        "totalOtherIncomeExpenseNet": 0.006
      },
      {
        "costOfGoodsSold": 0,
        "depreciationAmortization": 0.019,
        "dilutedAverageSharesOutstanding": 23.757,
        "dilutedEPS": 0.81,
        "ebit": 28.89,
        "grossIncome": 30.407,
        "netIncome": 19.259,
        "netIncomeAfterTaxes": 19.259,
        "period": "2017-03-31",
        "pretaxIncome": 28.897,
        "provisionforIncomeTaxes": 9.638,
        "revenue": 30.407,
        "sgaExpense": 1.498,
        "totalOperatingExpense": 1.517,
        "totalOtherIncomeExpenseNet": 0.007
      },
      {
        "dilutedAverageSharesOutstanding": 23.642,
        "dilutedEPS": 0.46,
        "ebit": 16.072,
        "interestIncomeExpense": 0.01,
        "netIncome": 10.907,
        "netIncomeAfterTaxes": 10.907,
        "period": "2016-12-31",
        "pretaxIncome": 16.081,
        "provisionforIncomeTaxes": 5.174,
        "revenue": 17.563,
        "sgaExpense": 1.492,
        "totalOperatingExpense": 1.492
      },
      {
        "dilutedAverageSharesOutstanding": 23.955,
        "dilutedEPS": 0.37,
        "ebit": 13.092,
        "interestIncomeExpense": 0.008,
        "netIncome": 8.929,
        "netIncomeAfterTaxes": 8.929,
        "period": "2016-09-30",
        "pretaxIncome": 13.1,
        "provisionforIncomeTaxes": 4.17,
        "revenue": 14.266,
        "sgaExpense": 1.174,
        "totalOperatingExpense": 1.174
      },
      {
        "dilutedAverageSharesOutstanding": 24.146,
        "dilutedEPS": 0.42,
        "ebit": 15.098,
        "interestIncomeExpense": 0.006,
        "netIncome": 10.123,
        "netIncomeAfterTaxes": 10.123,
        "period": "2016-06-30",
        "pretaxIncome": 15.103,
        "provisionforIncomeTaxes": 4.98,
        "revenue": 16.19,
        "sgaExpense": 1.093,
        "totalOperatingExpense": 1.093
      },
      {
        "dilutedAverageSharesOutstanding": 24.295,
        "dilutedEPS": 0.3,
        "ebit": 10.796,
        "interestIncomeExpense": 0.006,
        "netIncome": 7.28,
        "netIncomeAfterTaxes": 7.28,
        "period": "2016-03-31",
        "pretaxIncome": 10.802,
        "provisionforIncomeTaxes": 3.522,
        "revenue": 11.892,
        "sgaExpense": 1.096,
        "totalOperatingExpense": 1.096
      },
      {
        "costOfGoodsSold": 0.01,
        "depreciationAmortization": 0.025,
        "dilutedAverageSharesOutstanding": 24.336,
        "dilutedEPS": 0.37,
        "ebit": 13.339,
        "grossIncome": 14.704,
        "interestIncomeExpense": 0.006,
        "netIncome": 8.995,
        "netIncomeAfterTaxes": 8.995,
        "period": "2015-12-31",
        "pretaxIncome": 13.345,
        "provisionforIncomeTaxes": 4.35,
        "revenue": 14.715,
        "sgaExpense": 1.34,
        "totalOperatingExpense": 1.366
      },
      {
        "dilutedAverageSharesOutstanding": 24.573,
        "dilutedEPS": 0.47,
        "ebit": 17.226,
        "interestIncomeExpense": 0.007,
        "netIncome": 11.461,
        "netIncomeAfterTaxes": 11.461,
        "period": "2015-09-30",
        "pretaxIncome": 17.233,
        "provisionforIncomeTaxes": 5.772,
        "revenue": 18.179,
        "sgaExpense": 0.954,
        "totalOperatingExpense": 0.954
      }
    ],
    "symbol": "TPL"
  }
}