{
  "symbol": "CTRA",
  "statement": "ic",
  "frequency": "annual",
  "timestamp": "2025-09-19T13:58:39.539602",
  "data": {
    "financials": [
      {
        "costOfGoodsSold": 1080,
        "depreciationAmortization": 1829,
        "dilutedAverageSharesOutstanding": 745,
        "dilutedEPS": 1.5034,
        "ebit": 1386,
        "grossIncome": 4378,
        "interestExpense": 101,
        "interestIncomeExpense": -18,
        "netIncome": 1120,
        "netIncomeAfterTaxes": 1121,
        "nonRecurringItems": 3,
        "otherOperatingExpensesTotal": 11,
        "period": "2024-12-31",
        "pretaxIncome": 1345,
        "provisionforIncomeTaxes": 224,
        "researchDevelopment": 25,
        "revenue": 5458,
        "sgaExpense": 1127,
        "totalOperatingExpense": 2992,
        "totalOtherIncomeExpenseNet": -26,
        "year": 2024
      },
      {
        "costOfGoodsSold": 1065,
        "depreciationAmortization": 1631,
        "dilutedAverageSharesOutstanding": 760,
        "dilutedEPS": 2.1316,
        "ebit": 2154,
        "grossIncome": 4849,
        "interestExpense": 82,
        "interestIncomeExpense": -14,
        "netIncome": 1620,
        "netIncomeAfterTaxes": 1625,
        "nonRecurringItems": 0,
        "otherOperatingExpensesTotal": 10,
        "period": "2023-12-31",
        "pretaxIncome": 2128,
        "provisionforIncomeTaxes": 503,
        "researchDevelopment": 20,
        "revenue": 5914,
        "sgaExpense": 1034,
        "totalOperatingExpense": 2695,
        "totalOtherIncomeExpenseNet": -12,
        "year": 2023
      },
      {
        "costOfGoodsSold": 1045,
        "depreciationAmortization": 1626,
        "dilutedAverageSharesOutstanding": 799,
        "dilutedEPS": 5.0776,
        "ebit": 5279,
        "grossIncome": 8006,
        "interestExpense": 110,
        "interestIncomeExpense": -63,
        "netIncome": 4057,
        "netIncomeAfterTaxes": 4065,
        "nonRecurringItems": -42,
        "otherOperatingExpensesTotal": 9,
        "period": "2022-12-31",
        "pretaxIncome": 5169,
        "provisionforIncomeTaxes": 1104,
        "researchDevelopment": 29,
        "revenue": 9051,
        "sgaExpense": 1063,
        "totalOperatingExpense": 2727,
        "totalOtherIncomeExpenseNet": -5,
        "year": 2022
      },
      {
        "costOfGoodsSold": 819,
        "depreciationAmortization": 693,
        "dilutedAverageSharesOutstanding": 504,
        "dilutedEPS": 2.2976,
        "ebit": 1672,
        "grossIncome": 2630,
        "interestIncomeExpense": -62,
        "netIncome": 1158,
        "netIncomeAfterTaxes": 1158,
        "nonRecurringItems": -108,
        "period": "2021-12-31",
        "pretaxIncome": 1502,
        "provisionforIncomeTaxes": 344,
        "researchDevelopment": 18,
        "revenue": 3449,
        "sgaExpense": 247,
        "totalOperatingExpense": 958,
        "totalOtherIncomeExpenseNet": 0,
        "year": 2021
      },
      {
        "costOfGoodsSold": 644.505,
        "depreciationAmortization": 390.903,
        "dilutedAverageSharesOutstanding": 400.522,
        "dilutedEPS": 0.5007,
        "ebit": 296.026,
        "grossIncome": 822.119,
        "interestExpense": 54.124,
        "interestIncomeExpense": -54.183,
        "netIncome": 200.529,
        "netIncomeAfterTaxes": 200.529,
        "nonRecurringItems": -0.491,
        "period": "2020-12-31",
        "pretaxIncome": 241.123,
        "provisionforIncomeTaxes": 40.594,
        "researchDevelopment": 15.419,
        "revenue": 1466.624,
        "sgaExpense": 119.771,
        "totalOperatingExpense": 526.093,
        "totalOtherIncomeExpenseNet": -0.229,
        "year": 2020
      },
      {
        "costOfGoodsSold": 651.635,
        "depreciationAmortization": 405.733,
        "dilutedAverageSharesOutstanding": 417.451,
        "dilutedEPS": 1.6315,
        "ebit": 876.716,
        "grossIncome": 1414.642,
        "interestExpense": 54.952,
        "interestIncomeExpense": 25.544,
        "netIncome": 681.07,
        "netIncomeAfterTaxes": 681.07,
        "nonRecurringItems": -1.462,
        "period": "2019-12-31",
        "pretaxIncome": 900.224,
        "provisionforIncomeTaxes": 219.154,
        "researchDevelopment": 20.27,
        "revenue": 2066.277,
        "sgaExpense": 111.923,
        "totalOperatingExpense": 537.926,
        "totalOtherIncomeExpenseNet": -0.574,
        "year": 2019
      },
      {
        "costOfGoodsSold": 750.575,
        "depreciationAmortization": 417.479,
        "dilutedAverageSharesOutstanding": 447.568,
        "dilutedEPS": 1.24,
        "ebit": 786.991,
        "grossIncome": 1437.573,
        "interestExpense": 73.201,
        "interestIncomeExpense": -72.064,
        "netIncome": 557.043,
        "netIncomeAfterTaxes": 545.676,
        "nonRecurringItems": -16.327,
        "period": "2018-12-31",
        "pretaxIncome": 698.137,
        "provisionforIncomeTaxes": 152.461,
        "researchDevelopment": 113.82,
        "revenue": 2188.148,
        "sgaExpense": 119.283,
        "totalOperatingExpense": 650.582,
        "totalOtherIncomeExpenseNet": -0.463,
        "year": 2018
      },
      {
        "costOfGoodsSold": 599.001,
        "depreciationAmortization": 568.817,
        "dilutedAverageSharesOutstanding": 465.551,
        "dilutedEPS": 0.21,
        "ebit": 443.602,
        "grossIncome": 1165.218,
        "interestExpense": 82.13,
        "interestIncomeExpense": -182.616,
        "netIncome": 100.393,
        "netIncomeAfterTaxes": -142.507,
        "nonRecurringItems": -494.376,
        "period": "2017-12-31",
        "pretaxIncome": -228.435,
        "provisionforIncomeTaxes": -85.928,
        "researchDevelopment": 21.526,
        "revenue": 1764.219,
        "sgaExpense": 131.273,
        "totalOperatingExpense": 721.616,
        "totalOtherIncomeExpenseNet": 4.955,
        "year": 2017
      },
      {
        "costOfGoodsSold": 548.023,
        "depreciationAmortization": 590.128,
        "dilutedAverageSharesOutstanding": 456.847,
        "dilutedEPS": -0.9131,
        "ebit": -124.992,
        "grossIncome": 607.654,
        "interestExpense": 88.336,
        "interestIncomeExpense": -90.813,
        "netIncome": -417.124,
        "netIncomeAfterTaxes": -417.124,
        "nonRecurringItems": -442.185,
        "period": "2016-12-31",
        "pretaxIncome": -659.599,
        "provisionforIncomeTaxes": -242.475,
        "researchDevelopment": 27.662,
        "revenue": 1155.677,
        "sgaExpense": 114.856,
        "totalOperatingExpense": 732.646,
        "totalOtherIncomeExpenseNet": -1.609,
        "year": 2016
      },
      {
        "costOfGoodsSold": 1203.283,
        "depreciationAmortization": 204.338,
        "dilutedAverageSharesOutstanding": 30.3321,
        "dilutedEPS": -13.7663,
        "ebit": -89.217,
        "grossIncome": 158.348,
        "interestExpense": 96.911,
        "interestIncomeExpense": -8.133,
        "netIncome": -417.56,
        "netIncomeAfterTaxes": -417.56,
        "nonRecurringItems": -574.833,
        "otherOperatingExpensesTotal": -0.931,
        "period": "2015-12-31",
        "pretaxIncome": -672.155,
        "provisionforIncomeTaxes": -254.595,
        "revenue": 1361.631,
        "sgaExpense": 44.158,
        "totalOperatingExpense": 247.565,
        "totalOtherIncomeExpenseNet": 0.028,
        "year": 2015
      }
    ],
    "symbol": "CTRA"
  }
}