{
  "symbol": "CPRT",
  "statement": "ic",
  "frequency": "quarterly",
  "timestamp": "2025-09-19T13:58:30.781422",
  "data": {
    "financials": [
      {
        "costOfGoodsSold": 615.379,
        "depreciationAmortization": 6.435,
        "dilutedAverageSharesOutstanding": 977.778,
        "dilutedEPS": 0.41,
        "ebit": 412.591,
        "grossIncome": 509.718,
        "interestIncomeExpense": 49.839,
        "minorityInterest": 1.046,
        "netIncome": 396.354,
        "netIncomeAfterTaxes": 395.308,
        "period": "2025-07-31",
        "pretaxIncome": 478.408,
        "provisionforIncomeTaxes": 83.1,
        "revenue": 1125.097,
        "sgaExpense": 90.692,
        "totalOperatingExpense": 97.127,
        "totalOtherIncomeExpenseNet": 15.978
      },
      {
        "costOfGoodsSold": 659.449,
        "depreciationAmortization": 6.253,
        "dilutedAverageSharesOutstanding": 978.089,
        "dilutedEPS": 0.42,
        "ebit": 451.545,
        "grossIncome": 552.267,
        "interestExpense": 0.017,
        "interestIncomeExpense": 42.776,
        "minorityInterest": 1.271,
        "netIncome": 406.609,
        "netIncomeAfterTaxes": 405.338,
        "otherOperatingExpensesTotal": 2.273,
        "period": "2025-04-30",
        "pretaxIncome": 502.804,
        "provisionforIncomeTaxes": 97.466,
        "revenue": 1211.716,
        "sgaExpense": 92.196,
        "totalOperatingExpense": 100.722,
        "totalOtherIncomeExpenseNet": 8.483
      },
      {
        "costOfGoodsSold": 637.763,
        "depreciationAmortization": 5.236,
        "dilutedAverageSharesOutstanding": 977.91,
        "dilutedEPS": 0.4,
        "ebit": 426.211,
        "grossIncome": 525.553,
        "interestExpense": 0.171,
        "interestIncomeExpense": 40.747,
        "minorityInterest": 0.859,
        "netIncome": 387.4,
        "netIncomeAfterTaxes": 386.541,
        "otherOperatingExpensesTotal": 2.336,
        "period": "2025-01-31",
        "pretaxIncome": 463.051,
        "provisionforIncomeTaxes": 76.51,
        "revenue": 1163.316,
        "sgaExpense": 91.77,
        "totalOperatingExpense": 99.342,
        "totalOtherIncomeExpenseNet": -3.907
      },
      {
        "costOfGoodsSold": 634.724,
        "depreciationAmortization": 6.15,
        "dilutedAverageSharesOutstanding": 976.506,
        "dilutedEPS": 0.37,
        "ebit": 406.367,
        "grossIncome": 512.105,
        "interestIncomeExpense": 45.547,
        "minorityInterest": 0.91,
        "netIncome": 362.086,
        "netIncomeAfterTaxes": 361.176,
        "otherOperatingExpensesTotal": 2.398,
        "period": "2024-10-31",
        "pretaxIncome": 451.318,
        "provisionforIncomeTaxes": 90.142,
        "revenue": 1146.829,
        "sgaExpense": 97.19,
        "totalOperatingExpense": 105.738,
        "totalOtherIncomeExpenseNet": -0.596
      },
      {
        "costOfGoodsSold": 615.423,
        "depreciationAmortization": 6.064,
        "dilutedAverageSharesOutstanding": 976.514,
        "dilutedEPS": 0.33,
        "ebit": 359.544,
        "grossIncome": 453.576,
        "interestIncomeExpense": 43.494,
        "minorityInterest": 0.389,
        "netIncome": 322.567,
        "netIncomeAfterTaxes": 322.178,
        "nonRecurringItems": 0,
        "otherOperatingExpensesTotal": 2.566,
        "period": "2024-07-31",
        "pretaxIncome": 408.427,
        "provisionforIncomeTaxes": 86.249,
        "revenue": 1068.999,
        "sgaExpense": 85.402,
        "totalOperatingExpense": 94.032,
        "totalOtherIncomeExpenseNet": 5.389
      },
      {
        "costOfGoodsSold": 601.754,
        "depreciationAmortization": 4.933,
        "dilutedAverageSharesOutstanding": 976.445,
        "dilutedEPS": 0.39,
        "ebit": 437.203,
        "grossIncome": 525.505,
        "interestIncomeExpense": 36.218,
        "minorityInterest": 0.181,
        "netIncome": 382.291,
        "netIncomeAfterTaxes": 382.11,
        "otherOperatingExpensesTotal": 2.322,
        "period": "2024-04-30",
        "pretaxIncome": 472.112,
        "provisionforIncomeTaxes": 90.002,
        "revenue": 1127.259,
        "sgaExpense": 81.047,
        "totalOperatingExpense": 88.302,
        "totalOtherIncomeExpenseNet": -1.309
      },
      {
        "costOfGoodsSold": 555.997,
        "depreciationAmortization": 4.054,
        "dilutedAverageSharesOutstanding": 974.589,
        "dilutedEPS": 0.33,
        "ebit": 379.9,
        "grossIncome": 464.152,
        "interestIncomeExpense": 33.956,
        "minorityInterest": 0.108,
        "netIncome": 325.635,
        "netIncomeAfterTaxes": 325.527,
        "otherOperatingExpensesTotal": 2.315,
        "period": "2024-01-31",
        "pretaxIncome": 410.753,
        "provisionforIncomeTaxes": 85.226,
        "revenue": 1020.149,
        "sgaExpense": 77.883,
        "totalOperatingExpense": 84.252,
        "totalOtherIncomeExpenseNet": -3.103
      },
      {
        "costOfGoodsSold": 556.397,
        "depreciationAmortization": 4.061,
        "dilutedAverageSharesOutstanding": 971.682,
        "dilutedEPS": 0.34,
        "ebit": 395.376,
        "grossIncome": 464.019,
        "interestIncomeExpense": 32.005,
        "minorityInterest": -0.005,
        "netIncome": 332.527,
        "netIncomeAfterTaxes": 332.532,
        "otherOperatingExpensesTotal": 1.814,
        "period": "2023-10-31",
        "pretaxIncome": 423.309,
        "provisionforIncomeTaxes": 90.777,
        "revenue": 1020.416,
        "sgaExpense": 62.768,
        "totalOperatingExpense": 68.643,
        "totalOtherIncomeExpenseNet": -4.072
      },
      {
        "costOfGoodsSold": 532.13,
        "depreciationAmortization": -0.043,
        "dilutedAverageSharesOutstanding": 970.26,
        "dilutedEPS": 0.36,
        "ebit": 390.62,
        "gainLossOnDispositionOfAssets": 0.881,
        "grossIncome": 465.46,
        "netIncome": 347.78,
        "netIncomeAfterTaxes": 347.78,
        "otherOperatingExpensesTotal": 0.043,
        "period": "2023-07-31",
        "pretaxIncome": 423.69,
        "provisionforIncomeTaxes": 75.91,
        "revenue": 997.59,
        "sgaExpense": 74.85,
        "totalOperatingExpense": 74.84,
        "totalOtherIncomeExpenseNet": 32.189
      },
      {
        "costOfGoodsSold": 538.401,
        "depreciationAmortization": 4.281,
        "dilutedAverageSharesOutstanding": 967.38,
        "dilutedEPS": 0.36,
        "ebit": 418.924,
        "grossIncome": 483.43,
        "interestIncomeExpense": 17.878,
        "netIncome": 350.431,
        "netIncomeAfterTaxes": 350.431,
        "otherOperatingExpensesTotal": 1.556,
        "period": "2023-04-30",
        "pretaxIncome": 440.43,
        "provisionforIncomeTaxes": 89.999,
        "revenue": 1021.831,
        "sgaExpense": 58.669,
        "totalOperatingExpense": 64.506,
        "totalOtherIncomeExpenseNet": 3.628
      },
      {
        "costOfGoodsSold": 530.224,
        "depreciationAmortization": 4.344,
        "dilutedAverageSharesOutstanding": 965.072,
        "dilutedEPS": 0.3,
        "ebit": 365.525,
        "grossIncome": 426.5,
        "interestIncomeExpense": 14.48,
        "netIncome": 293.677,
        "netIncomeAfterTaxes": 293.677,
        "otherOperatingExpensesTotal": 1.615,
        "period": "2023-01-31",
        "pretaxIncome": 377.103,
        "provisionforIncomeTaxes": 83.426,
        "revenue": 956.724,
        "sgaExpense": 55.016,
        "totalOperatingExpense": 60.975,
        "totalOtherIncomeExpenseNet": -2.902
      },
      {
        "costOfGoodsSold": 523.889,
        "depreciationAmortization": 4.697,
        "dilutedAverageSharesOutstanding": 964.336,
        "dilutedEPS": 0.25,
        "ebit": 311.503,
        "grossIncome": 369.483,
        "interestIncomeExpense": 4.422,
        "netIncome": 245.848,
        "netIncomeAfterTaxes": 245.848,
        "otherOperatingExpensesTotal": 0.93,
        "period": "2022-10-31",
        "pretaxIncome": 313.103,
        "provisionforIncomeTaxes": 67.255,
        "revenue": 893.372,
        "sgaExpense": 52.353,
        "totalOperatingExpense": 57.98,
        "totalOtherIncomeExpenseNet": -2.822
      },
      {
        "costOfGoodsSold": 501.816,
        "depreciationAmortization": 4.803,
        "dilutedAverageSharesOutstanding": 962.96,
        "dilutedEPS": 0.27,
        "ebit": 324.793,
        "grossIncome": 381.572,
        "interestIncomeExpense": -2.656,
        "netIncome": 263.735,
        "netIncomeAfterTaxes": 263.735,
        "nonRecurringItems": -16.759,
        "otherOperatingExpensesTotal": 0.667,
        "period": "2022-07-31",
        "pretaxIncome": 303.468,
        "provisionforIncomeTaxes": 39.733,
        "revenue": 883.388,
        "sgaExpense": 51.309,
        "totalOperatingExpense": 56.779,
        "totalOtherIncomeExpenseNet": -1.91
      },
      {
        "costOfGoodsSold": 503.664,
        "depreciationAmortization": 4.933,
        "dilutedAverageSharesOutstanding": 962.896,
        "dilutedEPS": 0.29,
        "ebit": 372.755,
        "grossIncome": 436.277,
        "interestIncomeExpense": -4.492,
        "netIncome": 278.62,
        "netIncomeAfterTaxes": 278.62,
        "otherOperatingExpensesTotal": 0.558,
        "period": "2022-04-30",
        "pretaxIncome": 369.605,
        "provisionforIncomeTaxes": 90.985,
        "revenue": 939.941,
        "sgaExpense": 58.031,
        "totalOperatingExpense": 63.522,
        "totalOtherIncomeExpenseNet": 1.342
      },
      {
        "costOfGoodsSold": 464.118,
        "depreciationAmortization": 5.013,
        "dilutedAverageSharesOutstanding": 964.748,
        "dilutedEPS": 0.3,
        "ebit": 347.328,
        "grossIncome": 403.342,
        "interestIncomeExpense": -4.433,
        "netIncome": 287.412,
        "netIncomeAfterTaxes": 287.412,
        "otherOperatingExpensesTotal": 0.73,
        "period": "2022-01-31",
        "pretaxIncome": 342.055,
        "provisionforIncomeTaxes": 54.643,
        "revenue": 867.46,
        "sgaExpense": 50.271,
        "totalOperatingExpense": 56.014,
        "totalOtherIncomeExpenseNet": -0.84
      },
      {
        "costOfGoodsSold": 425.102,
        "depreciationAmortization": 5.323,
        "dilutedAverageSharesOutstanding": 964.884,
        "dilutedEPS": 0.27,
        "ebit": 330.121,
        "grossIncome": 385.03,
        "interestIncomeExpense": -5.107,
        "netIncome": 260.363,
        "netIncomeAfterTaxes": 260.363,
        "otherOperatingExpensesTotal": 1.03,
        "period": "2021-10-31",
        "pretaxIncome": 325.826,
        "provisionforIncomeTaxes": 65.463,
        "revenue": 810.132,
        "sgaExpense": 48.556,
        "totalOperatingExpense": 54.909,
        "totalOtherIncomeExpenseNet": 0.812
      },
      {
        "costOfGoodsSold": 391.147,
        "depreciationAmortization": 3.097,
        "dilutedAverageSharesOutstanding": 962.852,
        "dilutedEPS": 0.27,
        "ebit": 301.5,
        "grossIncome": 357.483,
        "interestExpense": 2.8,
        "interestIncomeExpense": -5.02,
        "netIncome": 255.974,
        "netIncomeAfterTaxes": 255.974,
        "otherOperatingExpensesTotal": 0.75,
        "period": "2021-07-31",
        "pretaxIncome": 299.044,
        "provisionforIncomeTaxes": 43.07,
        "revenue": 748.63,
        "sgaExpense": 52.136,
        "totalOperatingExpense": 55.983,
        "totalOtherIncomeExpenseNet": 2.564
      },
      {
        "costOfGoodsSold": 352.569,
        "depreciationAmortization": 6.09,
        "dilutedAverageSharesOutstanding": 960.832,
        "dilutedEPS": 0.3,
        "ebit": 328.111,
        "grossIncome": 381.341,
        "interestIncomeExpense": -5.346,
        "netIncome": 286.796,
        "netIncomeAfterTaxes": 286.796,
        "otherOperatingExpensesTotal": 0.757,
        "period": "2021-04-30",
        "pretaxIncome": 323.535,
        "provisionforIncomeTaxes": 36.739,
        "revenue": 733.91,
        "sgaExpense": 46.383,
        "totalOperatingExpense": 53.23,
        "totalOtherIncomeExpenseNet": 0.77
      },
      {
        "costOfGoodsSold": 309.533,
        "depreciationAmortization": 6.212,
        "dilutedAverageSharesOutstanding": 961.12,
        "dilutedEPS": 0.2,
        "ebit": 258.221,
        "grossIncome": 307.498,
        "interestIncomeExpense": -4.849,
        "netIncome": 193.44,
        "netIncomeAfterTaxes": 193.44,
        "otherOperatingExpensesTotal": 0.868,
        "period": "2021-01-31",
        "pretaxIncome": 252.452,
        "provisionforIncomeTaxes": 59.012,
        "revenue": 617.031,
        "sgaExpense": 42.197,
        "totalOperatingExpense": 49.277,
        "totalOtherIncomeExpenseNet": -0.92
      },
      {
        "costOfGoodsSold": 296.171,
        "depreciationAmortization": 5.655,
        "dilutedAverageSharesOutstanding": 959.872,
        "dilutedEPS": 0.21,
        "ebit": 248.594,
        "grossIncome": 296.769,
        "interestIncomeExpense": -5.032,
        "netIncome": 200.285,
        "netIncomeAfterTaxes": 200.285,
        "otherOperatingExpensesTotal": 0.813,
        "period": "2020-10-31",
        "pretaxIncome": 246.815,
        "provisionforIncomeTaxes": 46.53,
        "revenue": 592.94,
        "sgaExpense": 41.707,
        "totalOperatingExpense": 48.175,
        "totalOtherIncomeExpenseNet": 3.253
      },
      {
        "costOfGoodsSold": 275.228,
        "depreciationAmortization": 5.764,
        "dilutedAverageSharesOutstanding": 955.728,
        "dilutedEPS": 0.17,
        "ebit": 205.715,
        "grossIncome": 250.431,
        "interestExpense": 4.902,
        "interestIncomeExpense": -4.803,
        "minorityInterest": 0,
        "netIncome": 165.533,
        "netIncomeAfterTaxes": 165.533,
        "nonRecurringItems": 0,
        "otherOperatingExpensesTotal": 0.984,
        "period": "2020-07-31",
        "pretaxIncome": 201.883,
        "provisionforIncomeTaxes": 36.35,
        "revenue": 525.659,
        "sgaExpense": 37.968,
        "totalOperatingExpense": 44.716,
        "totalOtherIncomeExpenseNet": 0.971
      },
      {
        "costOfGoodsSold": 307.747,
        "depreciationAmortization": 6.382,
        "dilutedAverageSharesOutstanding": 954.364,
        "dilutedEPS": 0.15,
        "ebit": 195.101,
        "grossIncome": 242.613,
        "interestExpense": 5.803,
        "interestIncomeExpense": -5.578,
        "netIncome": 147.487,
        "netIncomeAfterTaxes": 147.487,
        "otherOperatingExpensesTotal": 0.809,
        "period": "2020-04-30",
        "pretaxIncome": 191.8,
        "provisionforIncomeTaxes": 44.313,
        "revenue": 550.36,
        "sgaExpense": 40.321,
        "totalOperatingExpense": 47.512,
        "totalOtherIncomeExpenseNet": 2.277
      },
      {
        "costOfGoodsSold": 315.251,
        "depreciationAmortization": 6.051,
        "dilutedAverageSharesOutstanding": 953.88,
        "dilutedEPS": 0.18,
        "ebit": 209.892,
        "grossIncome": 259.889,
        "interestExpense": 4.914,
        "interestIncomeExpense": -4.464,
        "netIncome": 168.707,
        "netIncomeAfterTaxes": 168.707,
        "otherOperatingExpensesTotal": 0.873,
        "period": "2020-01-31",
        "pretaxIncome": 205.074,
        "provisionforIncomeTaxes": 36.367,
        "revenue": 575.14,
        "sgaExpense": 43.073,
        "totalOperatingExpense": 49.997,
        "totalOtherIncomeExpenseNet": -0.354
      },
      {
        "costOfGoodsSold": 299.555,
        "depreciationAmortization": 6.194,
        "dilutedAverageSharesOutstanding": 954.648,
        "dilutedEPS": 0.23,
        "ebit": 205.391,
        "grossIncome": 254.869,
        "interestExpense": 4.611,
        "interestIncomeExpense": -4.026,
        "netIncome": 218.18,
        "netIncomeAfterTaxes": 218.18,
        "otherOperatingExpensesTotal": 0.875,
        "period": "2019-10-31",
        "pretaxIncome": 202.082,
        "provisionforIncomeTaxes": -16.098,
        "revenue": 554.424,
        "sgaExpense": 42.409,
        "totalOperatingExpense": 49.478,
        "totalOtherIncomeExpenseNet": 0.717
      },
      {
        "costOfGoodsSold": 299.956,
        "depreciationAmortization": 5.77,
        "dilutedAverageSharesOutstanding": 953.352,
        "dilutedEPS": 0.16,
        "ebit": 192.802,
        "grossIncome": 242.619,
        "interestExpense": 4.602,
        "interestIncomeExpense": -4.255,
        "minorityInterest": 0,
        "netIncome": 153.496,
        "netIncomeAfterTaxes": 153.496,
        "nonRecurringItems": 0,
        "period": "2019-07-31",
        "pretaxIncome": 187.07,
        "provisionforIncomeTaxes": 33.574,
        "revenue": 542.575,
        "sgaExpense": 44.047,
        "totalOperatingExpense": 49.817,
        "totalOtherIncomeExpenseNet": -1.477
      },
      {
        "costOfGoodsSold": 301.537,
        "depreciationAmortization": 5.714,
        "dilutedAverageSharesOutstanding": 951.568,
        "dilutedEPS": 0.2,
        "ebit": 207.494,
        "grossIncome": 251.579,
        "interestExpense": 5.324,
        "interestIncomeExpense": -5.084,
        "minorityInterest": 0,
        "netIncome": 192.741,
        "netIncomeAfterTaxes": 192.741,
        "otherOperatingExpensesTotal": 1.701,
        "period": "2019-04-30",
        "pretaxIncome": 204.129,
        "provisionforIncomeTaxes": 11.388,
        "revenue": 553.116,
        "sgaExpense": 36.67,
        "totalOperatingExpense": 44.085,
        "totalOtherIncomeExpenseNet": 1.719
      },
      {
        "costOfGoodsSold": 276.672,
        "depreciationAmortization": 5.56,
        "dilutedAverageSharesOutstanding": 962.64,
        "dilutedEPS": 0.14,
        "ebit": 164.739,
        "grossIncome": 208.226,
        "interestExpense": 5.233,
        "interestIncomeExpense": -4.555,
        "minorityInterest": 0,
        "netIncome": 131.373,
        "netIncomeAfterTaxes": 132.473,
        "otherOperatingExpensesTotal": 1.653,
        "period": "2019-01-31",
        "pretaxIncome": 164.966,
        "provisionforIncomeTaxes": 32.493,
        "revenue": 484.898,
        "sgaExpense": 36.274,
        "totalOperatingExpense": 43.487,
        "totalOtherIncomeExpenseNet": 4.782
      },
      {
        "costOfGoodsSold": 265.45,
        "depreciationAmortization": 4.684,
        "dilutedAverageSharesOutstanding": 979.304,
        "dilutedEPS": 0.12,
        "ebit": 151.44,
        "grossIncome": 195.918,
        "interestExpense": 4.651,
        "interestIncomeExpense": -3.691,
        "minorityInterest": 0,
        "netIncome": 114.083,
        "netIncomeAfterTaxes": 114.083,
        "otherOperatingExpensesTotal": 1.669,
        "period": "2018-10-31",
        "pretaxIncome": 148.786,
        "provisionforIncomeTaxes": 34.703,
        "revenue": 461.368,
        "sgaExpense": 38.125,
        "totalOperatingExpense": 44.478,
        "totalOtherIncomeExpenseNet": 1.037
      },
      {
        "costOfGoodsSold": 260.798,
        "depreciationAmortization": 4.639,
        "dilutedAverageSharesOutstanding": 977.672,
        "dilutedEPS": 0.11,
        "ebit": 135.968,
        "grossIncome": 188.425,
        "interestExpense": 4.599,
        "interestIncomeExpense": -3.982,
        "minorityInterest": 0.007,
        "netIncome": 109.748,
        "netIncomeAfterTaxes": 107.441,
        "nonRecurringItems": -1.131,
        "period": "2018-07-31",
        "pretaxIncome": 132.729,
        "provisionforIncomeTaxes": 25.288,
        "revenue": 449.223,
        "sgaExpense": 47.818,
        "totalOperatingExpense": 52.457,
        "totalOtherIncomeExpenseNet": 1.874
      },
      {
        "costOfGoodsSold": 259.13,
        "depreciationAmortization": 5.385,
        "dilutedAverageSharesOutstanding": 971.84,
        "dilutedEPS": 0.13,
        "ebit": 174.619,
        "grossIncome": 219.068,
        "interestExpense": 4.416,
        "interestIncomeExpense": -4.134,
        "minorityInterest": -0.057,
        "netIncome": 127.348,
        "netIncomeAfterTaxes": 127.805,
        "period": "2018-04-30",
        "pretaxIncome": 171.216,
        "provisionforIncomeTaxes": 43.411,
        "revenue": 478.198,
        "sgaExpense": 39.064,
        "totalOperatingExpense": 44.449,
        "totalOtherIncomeExpenseNet": 0.731
      },
      {
        "costOfGoodsSold": 267.497,
        "depreciationAmortization": 5.978,
        "dilutedAverageSharesOutstanding": 965.44,
        "dilutedEPS": 0.12,
        "ebit": 150.947,
        "grossIncome": 191.609,
        "interestExpense": 5.758,
        "interestIncomeExpense": -5.561,
        "minorityInterest": -0.045,
        "netIncome": 103.256,
        "netIncomeAfterTaxes": 113.301,
        "period": "2018-01-31",
        "pretaxIncome": 144.438,
        "provisionforIncomeTaxes": 31.137,
        "revenue": 459.106,
        "sgaExpense": 34.684,
        "totalOperatingExpense": 40.662,
        "totalOtherIncomeExpenseNet": -0.948
      },
      {
        "costOfGoodsSold": 255.904,
        "depreciationAmortization": 5.366,
        "dilutedAverageSharesOutstanding": 955.164,
        "dilutedEPS": 0.08,
        "ebit": 123.942,
        "grossIncome": 163.264,
        "interestExpense": 5.595,
        "interestIncomeExpense": -5.398,
        "minorityInterest": -0.045,
        "netIncome": 77.515,
        "netIncomeAfterTaxes": 77.56,
        "period": "2017-10-31",
        "pretaxIncome": 114.128,
        "provisionforIncomeTaxes": 36.568,
        "revenue": 419.168,
        "sgaExpense": 33.956,
        "totalOperatingExpense": 39.322,
        "totalOtherIncomeExpenseNet": -4.416
      },
      {
        "costOfGoodsSold": 211.131,
        "depreciationAmortization": 3.029,
        "dilutedAverageSharesOutstanding": 950.608,
        "dilutedEPS": 0.07,
        "ebit": 130.172,
        "grossIncome": 167.465,
        "interestExpense": 5.807,
        "interestIncomeExpense": -5.485,
        "minorityInterest": -0.034,
        "netIncome": 70.335,
        "netIncomeAfterTaxes": 70.369,
        "nonRecurringItems": -19.365,
        "period": "2017-07-31",
        "pretaxIncome": 106.379,
        "provisionforIncomeTaxes": 36.01,
        "revenue": 378.596,
        "sgaExpense": 34.264,
        "totalOperatingExpense": 37.293,
        "totalOtherIncomeExpenseNet": 1.057
      },
      {
        "costOfGoodsSold": 201.357,
        "depreciationAmortization": 3.257,
        "dilutedAverageSharesOutstanding": 948.54,
        "dilutedEPS": 0.1,
        "ebit": 136.788,
        "grossIncome": 172.505,
        "interestExpense": 5.869,
        "interestIncomeExpense": -5.506,
        "netIncome": 90.546,
        "netIncomeAfterTaxes": 90.546,
        "period": "2017-04-30",
        "pretaxIncome": 131.088,
        "provisionforIncomeTaxes": 40.542,
        "revenue": 373.862,
        "sgaExpense": 32.46,
        "totalOperatingExpense": 35.717,
        "totalOtherIncomeExpenseNet": -0.194
      },
      {
        "costOfGoodsSold": 202.767,
        "depreciationAmortization": 5.498,
        "dilutedAverageSharesOutstanding": 942.352,
        "dilutedEPS": 0.07,
        "ebit": 108.88,
        "grossIncome": 146.765,
        "interestExpense": 6.144,
        "interestIncomeExpense": -5.76,
        "netIncome": 66.066,
        "netIncomeAfterTaxes": 66.066,
        "period": "2017-01-31",
        "pretaxIncome": 100.099,
        "provisionforIncomeTaxes": 34.033,
        "revenue": 349.532,
        "sgaExpense": 32.387,
        "totalOperatingExpense": 37.885,
        "totalOtherIncomeExpenseNet": -3.021
      },
      {
        "costOfGoodsSold": 200.698,
        "depreciationAmortization": 5.261,
        "dilutedAverageSharesOutstanding": 951.032,
        "dilutedEPS": 0.18,
        "ebit": 104.824,
        "grossIncome": 145.293,
        "interestExpense": 5.959,
        "interestIncomeExpense": -5.622,
        "netIncome": 167.28,
        "netIncomeAfterTaxes": 167.28,
        "period": "2016-10-31",
        "pretaxIncome": 102.534,
        "provisionforIncomeTaxes": -64.746,
        "revenue": 345.991,
        "sgaExpense": 35.208,
        "totalOperatingExpense": 40.469,
        "totalOtherIncomeExpenseNet": 3.332
      },
      {
        "costOfGoodsSold": 191.195,
        "dilutedAverageSharesOutstanding": 964.096,
        "dilutedEPS": 0.09,
        "ebit": 106.191,
        "grossIncome": 141.464,
        "interestExpense": 6.61,
        "interestIncomeExpense": -6.257,
        "netIncome": 84.968,
        "netIncomeAfterTaxes": 84.968,
        "nonRecurringItems": 0,
        "period": "2016-07-31",
        "pretaxIncome": 105.985,
        "provisionforIncomeTaxes": 21.017,
        "revenue": 332.659,
        "sgaExpense": 35.273,
        "totalOperatingExpense": 35.273,
        "totalOtherIncomeExpenseNet": 6.051
      },
      {
        "costOfGoodsSold": 189.599,
        "depreciationAmortization": 4.019,
        "dilutedAverageSharesOutstanding": 945.648,
        "dilutedEPS": 0.08,
        "ebit": 121.948,
        "grossIncome": 157.647,
        "interestExpense": 5.702,
        "interestIncomeExpense": -5.419,
        "netIncome": 74.624,
        "netIncomeAfterTaxes": 74.624,
        "period": "2016-04-30",
        "pretaxIncome": 116.568,
        "provisionforIncomeTaxes": 41.944,
        "revenue": 347.246,
        "sgaExpense": 31.68,
        "totalOperatingExpense": 35.699,
        "totalOtherIncomeExpenseNet": 0.039
      },
      {
        "costOfGoodsSold": 175.092,
        "depreciationAmortization": 3.443,
        "dilutedAverageSharesOutstanding": 996.896,
        "dilutedEPS": 0.06,
        "ebit": 92.085,
        "grossIncome": 124.614,
        "interestExpense": 5.57,
        "interestIncomeExpense": -4.968,
        "netIncome": 59.004,
        "netIncomeAfterTaxes": 59.004,
        "period": "2016-01-31",
        "pretaxIncome": 91.552,
        "provisionforIncomeTaxes": 32.548,
        "revenue": 299.706,
        "sgaExpense": 29.086,
        "totalOperatingExpense": 32.529,
        "totalOtherIncomeExpenseNet": 4.435
      },
      {
        "costOfGoodsSold": 167.977,
        "depreciationAmortization": 5.261,
        "dilutedAverageSharesOutstanding": 1017.152,
        "dilutedEPS": 0.05,
        "ebit": 86.246,
        "grossIncome": 120.861,
        "interestExpense": 5.724,
        "interestIncomeExpense": -5.513,
        "netIncome": 52.61,
        "netIncomeAfterTaxes": 52.61,
        "period": "2015-10-31",
        "pretaxIncome": 81.76,
        "provisionforIncomeTaxes": 29.15,
        "revenue": 288.838,
        "sgaExpense": 29.354,
        "totalOperatingExpense": 34.615,
        "totalOtherIncomeExpenseNet": 1.027
      }
    ],
    "symbol": "CPRT"
  }
}