{
  "symbol": "PPG",
  "statement": "ic",
  "frequency": "quarterly",
  "timestamp": "2025-09-19T14:05:39.488620",
  "data": {
    "financials": [
      {
        "costOfGoodsSold": 2432,
        "depreciationAmortization": 135,
        "dilutedAverageSharesOutstanding": 227.7,
        "dilutedEPS": 1.9763,
        "ebit": 634,
        "grossIncome": 1763,
        "interestExpense": 62,
        "interestIncomeExpense": -18,
        "minorityInterest": -8,
        "netIncome": 450,
        "netIncomeAfterTaxes": 458,
        "otherOperatingExpensesTotal": 16,
        "period": "2025-06-30",
        "pretaxIncome": 598,
        "provisionforIncomeTaxes": 140,
        "researchDevelopment": 106,
        "revenue": 4195,
        "sgaExpense": 872,
        "totalOperatingExpense": 1129,
        "totalOtherIncomeExpenseNet": -18
      },
      {
        "costOfGoodsSold": 2142,
        "depreciationAmortization": 121,
        "dilutedAverageSharesOutstanding": 228.9,
        "dilutedEPS": 1.6383,
        "ebit": 481,
        "grossIncome": 1542,
        "interestExpense": 56,
        "interestIncomeExpense": -13,
        "minorityInterest": -5,
        "netIncome": 373,
        "netIncomeAfterTaxes": 380,
        "period": "2025-03-31",
        "pretaxIncome": 502,
        "provisionforIncomeTaxes": 122,
        "researchDevelopment": 102,
        "revenue": 3684,
        "sgaExpense": 838,
        "totalOperatingExpense": 1061,
        "totalOtherIncomeExpenseNet": 34
      },
      {
        "costOfGoodsSold": 1410,
        "depreciationAmortization": 88,
        "dilutedAverageSharesOutstanding": 231.7,
        "dilutedEPS": -1.2,
        "ebit": 374,
        "grossIncome": 755,
        "interestExpense": 57,
        "interestIncomeExpense": -15,
        "minorityInterest": -9,
        "netIncome": -280,
        "netIncomeAfterTaxes": -43,
        "nonRecurringItems": -379,
        "otherOperatingExpensesTotal": 7,
        "period": "2024-12-31",
        "pretaxIncome": 10,
        "provisionforIncomeTaxes": 53,
        "researchDevelopment": 98,
        "revenue": 2165,
        "sgaExpense": 188,
        "totalOperatingExpense": 381,
        "totalOtherIncomeExpenseNet": 30
      },
      {
        "costOfGoodsSold": 2663,
        "depreciationAmortization": 129,
        "dilutedAverageSharesOutstanding": 234.3,
        "dilutedEPS": 1.9974,
        "ebit": 617,
        "grossIncome": 1912,
        "interestExpense": 67,
        "interestIncomeExpense": -19,
        "minorityInterest": -6,
        "netIncome": 468,
        "netIncomeAfterTaxes": 474,
        "nonRecurringItems": 0,
        "otherOperatingExpensesTotal": -1,
        "period": "2024-09-30",
        "pretaxIncome": 611,
        "provisionforIncomeTaxes": 137,
        "researchDevelopment": 105,
        "revenue": 4575,
        "sgaExpense": 1062,
        "totalOperatingExpense": 1295,
        "totalOtherIncomeExpenseNet": 13
      },
      {
        "costOfGoodsSold": 2734,
        "depreciationAmortization": 134,
        "dilutedAverageSharesOutstanding": 235.7,
        "dilutedEPS": 2.2401,
        "ebit": 717,
        "grossIncome": 2060,
        "interestExpense": 62,
        "interestIncomeExpense": -17,
        "minorityInterest": -9,
        "netIncome": 528,
        "netIncomeAfterTaxes": 537,
        "nonRecurringItems": 0,
        "otherOperatingExpensesTotal": 21,
        "period": "2024-06-30",
        "pretaxIncome": 693,
        "provisionforIncomeTaxes": 156,
        "researchDevelopment": 111,
        "revenue": 4794,
        "sgaExpense": 1077,
        "totalOperatingExpense": 1343,
        "totalOtherIncomeExpenseNet": -7
      },
      {
        "costOfGoodsSold": 2445,
        "depreciationAmortization": 141,
        "dilutedAverageSharesOutstanding": 236.9,
        "dilutedEPS": 1.6885,
        "ebit": 549,
        "grossIncome": 1866,
        "interestExpense": 55,
        "interestIncomeExpense": -13,
        "minorityInterest": -9,
        "netIncome": 400,
        "netIncomeAfterTaxes": 409,
        "nonRecurringItems": 0,
        "otherOperatingExpensesTotal": 3,
        "period": "2024-03-31",
        "pretaxIncome": 538,
        "provisionforIncomeTaxes": 129,
        "researchDevelopment": 109,
        "revenue": 4311,
        "sgaExpense": 1064,
        "totalOperatingExpense": 1317,
        "totalOtherIncomeExpenseNet": 2
      },
      {
        "costOfGoodsSold": 2531,
        "depreciationAmortization": 150,
        "dilutedAverageSharesOutstanding": 237.2,
        "dilutedEPS": 0.3794,
        "ebit": 430,
        "grossIncome": 1819,
        "interestExpense": 57,
        "interestIncomeExpense": -13,
        "minorityInterest": -13,
        "netIncome": 90,
        "netIncomeAfterTaxes": 103,
        "nonRecurringItems": -180,
        "otherOperatingExpensesTotal": 14,
        "period": "2023-12-31",
        "pretaxIncome": 192,
        "provisionforIncomeTaxes": 89,
        "researchDevelopment": 111,
        "revenue": 4350,
        "sgaExpense": 1114,
        "totalOperatingExpense": 1389,
        "totalOtherIncomeExpenseNet": -45
      },
      {
        "costOfGoodsSold": 2752,
        "depreciationAmortization": 142,
        "dilutedAverageSharesOutstanding": 237.5,
        "dilutedEPS": 1.7937,
        "ebit": 592,
        "grossIncome": 1892,
        "interestExpense": 64,
        "interestIncomeExpense": -25,
        "minorityInterest": -10,
        "netIncome": 426,
        "netIncomeAfterTaxes": 436,
        "nonRecurringItems": 0,
        "otherOperatingExpensesTotal": 3,
        "period": "2023-09-30",
        "pretaxIncome": 557,
        "provisionforIncomeTaxes": 121,
        "researchDevelopment": 108,
        "revenue": 4644,
        "sgaExpense": 1047,
        "totalOperatingExpense": 1300,
        "totalOtherIncomeExpenseNet": -10
      },
      {
        "costOfGoodsSold": 2866,
        "depreciationAmortization": 133,
        "dilutedAverageSharesOutstanding": 237.3,
        "dilutedEPS": 2.0649,
        "ebit": 684,
        "grossIncome": 2006,
        "interestExpense": 67,
        "interestIncomeExpense": -35,
        "minorityInterest": -7,
        "netIncome": 490,
        "netIncomeAfterTaxes": 497,
        "nonRecurringItems": 0,
        "otherOperatingExpensesTotal": 10,
        "period": "2023-06-30",
        "pretaxIncome": 646,
        "provisionforIncomeTaxes": 149,
        "researchDevelopment": 110,
        "revenue": 4872,
        "sgaExpense": 1069,
        "totalOperatingExpense": 1322,
        "totalOtherIncomeExpenseNet": -3
      },
      {
        "costOfGoodsSold": 2596,
        "depreciationAmortization": 133,
        "dilutedAverageSharesOutstanding": 236.9,
        "dilutedEPS": 1.1144,
        "ebit": 552,
        "grossIncome": 1784,
        "interestExpense": 59,
        "interestIncomeExpense": -34,
        "minorityInterest": -9,
        "netIncome": 264,
        "netIncomeAfterTaxes": 273,
        "nonRecurringItems": -190,
        "otherOperatingExpensesTotal": 3,
        "period": "2023-03-31",
        "pretaxIncome": 353,
        "provisionforIncomeTaxes": 80,
        "researchDevelopment": 104,
        "revenue": 4380,
        "sgaExpense": 992,
        "totalOperatingExpense": 1232,
        "totalOtherIncomeExpenseNet": 25
      },
      {
        "costOfGoodsSold": 2623,
        "depreciationAmortization": 133,
        "dilutedAverageSharesOutstanding": 236.7,
        "dilutedEPS": 1.0055,
        "ebit": 299,
        "gainLossOnDispositionOfAssets": 3,
        "grossIncome": 1562,
        "interestExpense": 53,
        "interestIncomeExpense": -28,
        "minorityInterest": -8,
        "netIncome": 238,
        "netIncomeAfterTaxes": 246,
        "nonRecurringItems": -12,
        "otherOperatingExpensesTotal": 67,
        "period": "2022-12-31",
        "pretaxIncome": 319,
        "provisionforIncomeTaxes": 73,
        "researchDevelopment": 108,
        "revenue": 4185,
        "sgaExpense": 955,
        "totalOperatingExpense": 1263,
        "totalOtherIncomeExpenseNet": 57
      },
      {
        "costOfGoodsSold": 2821,
        "depreciationAmortization": 135,
        "dilutedAverageSharesOutstanding": 236.6,
        "dilutedEPS": 1.3905,
        "ebit": 468,
        "gainLossOnDispositionOfAssets": 2,
        "grossIncome": 1647,
        "interestExpense": 46,
        "interestIncomeExpense": -26,
        "minorityInterest": -10,
        "netIncome": 329,
        "netIncomeAfterTaxes": 339,
        "nonRecurringItems": -36,
        "otherOperatingExpensesTotal": 3,
        "period": "2022-09-30",
        "pretaxIncome": 418,
        "provisionforIncomeTaxes": 79,
        "researchDevelopment": 110,
        "revenue": 4468,
        "sgaExpense": 931,
        "totalOperatingExpense": 1179,
        "totalOtherIncomeExpenseNet": 10
      },
      {
        "costOfGoodsSold": 2954,
        "depreciationAmortization": 141,
        "dilutedAverageSharesOutstanding": 237.6,
        "dilutedEPS": 1.8645,
        "ebit": 497,
        "grossIncome": 1737,
        "interestExpense": 38,
        "interestIncomeExpense": -27,
        "minorityInterest": -5,
        "netIncome": 441,
        "netIncomeAfterTaxes": 448,
        "nonRecurringItems": 60,
        "otherOperatingExpensesTotal": 2,
        "period": "2022-06-30",
        "pretaxIncome": 566,
        "provisionforIncomeTaxes": 118,
        "researchDevelopment": 115,
        "revenue": 4691,
        "sgaExpense": 982,
        "totalOperatingExpense": 1240,
        "totalOtherIncomeExpenseNet": 36
      },
      {
        "costOfGoodsSold": 2698,
        "depreciationAmortization": 145,
        "dilutedAverageSharesOutstanding": 238.2,
        "dilutedEPS": 0.0756,
        "ebit": 370,
        "grossIncome": 1610,
        "interestExpense": 30,
        "interestIncomeExpense": -21,
        "minorityInterest": -5,
        "netIncome": 18,
        "netIncomeAfterTaxes": 23,
        "nonRecurringItems": -290,
        "otherOperatingExpensesTotal": 6,
        "period": "2022-03-31",
        "pretaxIncome": 78,
        "provisionforIncomeTaxes": 55,
        "researchDevelopment": 115,
        "revenue": 4308,
        "sgaExpense": 974,
        "totalOperatingExpense": 1240,
        "totalOtherIncomeExpenseNet": 19
      },
      {
        "costOfGoodsSold": 2692,
        "depreciationAmortization": 149,
        "dilutedAverageSharesOutstanding": 239.1,
        "dilutedEPS": 1.19,
        "ebit": 229,
        "grossIncome": 1498,
        "interestExpense": 30,
        "interestIncomeExpense": -23,
        "minorityInterest": -11,
        "netIncome": 286,
        "netIncomeAfterTaxes": 278,
        "nonRecurringItems": 31,
        "otherOperatingExpensesTotal": 20,
        "period": "2021-12-31",
        "pretaxIncome": 282,
        "provisionforIncomeTaxes": 4,
        "researchDevelopment": 116,
        "revenue": 4190,
        "sgaExpense": 984,
        "totalOperatingExpense": 1269,
        "totalOtherIncomeExpenseNet": 45
      },
      {
        "costOfGoodsSold": 2733,
        "depreciationAmortization": 146,
        "dilutedAverageSharesOutstanding": 239.8,
        "dilutedEPS": 1.4345,
        "ebit": 424,
        "grossIncome": 1639,
        "interestExpense": 30,
        "interestIncomeExpense": -23,
        "minorityInterest": -1,
        "netIncome": 344,
        "netIncomeAfterTaxes": 345,
        "nonRecurringItems": -21,
        "otherOperatingExpensesTotal": 5,
        "period": "2021-09-30",
        "pretaxIncome": 441,
        "provisionforIncomeTaxes": 96,
        "researchDevelopment": 114,
        "revenue": 4372,
        "sgaExpense": 950,
        "totalOperatingExpense": 1215,
        "totalOtherIncomeExpenseNet": 61
      },
      {
        "costOfGoodsSold": 2629,
        "depreciationAmortization": 137,
        "dilutedAverageSharesOutstanding": 239.8,
        "dilutedEPS": 1.7973,
        "ebit": 519,
        "grossIncome": 1730,
        "interestExpense": 31,
        "interestIncomeExpense": -25,
        "minorityInterest": -2,
        "netIncome": 431,
        "netIncomeAfterTaxes": 433,
        "nonRecurringItems": 21,
        "otherOperatingExpensesTotal": 12,
        "period": "2021-06-30",
        "pretaxIncome": 593,
        "provisionforIncomeTaxes": 160,
        "researchDevelopment": 107,
        "revenue": 4359,
        "sgaExpense": 955,
        "totalOperatingExpense": 1211,
        "totalOtherIncomeExpenseNet": 78
      },
      {
        "costOfGoodsSold": 2232,
        "depreciationAmortization": 129,
        "dilutedAverageSharesOutstanding": 239,
        "dilutedEPS": 1.58,
        "ebit": 508,
        "grossIncome": 1649,
        "interestExpense": 30,
        "interestIncomeExpense": -24,
        "minorityInterest": -7,
        "netIncome": 378,
        "netIncomeAfterTaxes": 385,
        "otherOperatingExpensesTotal": 19,
        "period": "2021-03-31",
        "pretaxIncome": 499,
        "provisionforIncomeTaxes": 114,
        "researchDevelopment": 102,
        "revenue": 3881,
        "sgaExpense": 891,
        "totalOperatingExpense": 1141,
        "totalOtherIncomeExpenseNet": 15
      },
      {
        "costOfGoodsSold": 2140,
        "depreciationAmortization": 125,
        "dilutedAverageSharesOutstanding": 238.5,
        "dilutedEPS": 1.14,
        "ebit": 471,
        "grossIncome": 1617,
        "interestExpense": 31,
        "interestIncomeExpense": -26,
        "minorityInterest": -6,
        "netIncome": 272,
        "netIncomeAfterTaxes": 278,
        "nonRecurringItems": -95,
        "otherOperatingExpensesTotal": 39,
        "period": "2020-12-31",
        "pretaxIncome": 345,
        "provisionforIncomeTaxes": 67,
        "researchDevelopment": 100,
        "revenue": 3757,
        "sgaExpense": 882,
        "totalOperatingExpense": 1146,
        "totalOtherIncomeExpenseNet": -5
      },
      {
        "costOfGoodsSold": 2026,
        "depreciationAmortization": 132,
        "dilutedAverageSharesOutstanding": 237.9,
        "dilutedEPS": 1.86,
        "ebit": 593,
        "grossIncome": 1659,
        "interestExpense": 34,
        "interestIncomeExpense": -30,
        "minorityInterest": -6,
        "netIncome": 442,
        "netIncomeAfterTaxes": 448,
        "nonRecurringItems": 0,
        "otherOperatingExpensesTotal": 6,
        "period": "2020-09-30",
        "pretaxIncome": 572,
        "provisionforIncomeTaxes": 124,
        "researchDevelopment": 92,
        "revenue": 3685,
        "sgaExpense": 836,
        "totalOperatingExpense": 1066,
        "totalOtherIncomeExpenseNet": 9
      },
      {
        "costOfGoodsSold": 1703,
        "depreciationAmortization": 123,
        "dilutedAverageSharesOutstanding": 237.6,
        "dilutedEPS": 0.42,
        "ebit": 333,
        "grossIncome": 1312,
        "interestExpense": 34,
        "interestIncomeExpense": -39,
        "minorityInterest": 2,
        "netIncome": 102,
        "netIncomeAfterTaxes": 97,
        "nonRecurringItems": -172,
        "otherOperatingExpensesTotal": 4,
        "period": "2020-06-30",
        "pretaxIncome": 126,
        "provisionforIncomeTaxes": 29,
        "researchDevelopment": 86,
        "revenue": 3015,
        "sgaExpense": 766,
        "totalOperatingExpense": 979,
        "totalOtherIncomeExpenseNet": 4
      },
      {
        "costOfGoodsSold": 1900,
        "depreciationAmortization": 129,
        "dilutedAverageSharesOutstanding": 237.7,
        "dilutedEPS": 1.02,
        "ebit": 323,
        "grossIncome": 1477,
        "interestExpense": 25,
        "interestIncomeExpense": -19,
        "minorityInterest": -5,
        "netIncome": 243,
        "netIncomeAfterTaxes": 248,
        "nonRecurringItems": -7,
        "otherOperatingExpensesTotal": 11,
        "period": "2020-03-31",
        "pretaxIncome": 319,
        "provisionforIncomeTaxes": 71,
        "researchDevelopment": 101,
        "revenue": 3377,
        "sgaExpense": 913,
        "totalOperatingExpense": 1154,
        "totalOtherIncomeExpenseNet": 22
      },
      {
        "costOfGoodsSold": 2103,
        "depreciationAmortization": 134,
        "dilutedAverageSharesOutstanding": 238.2,
        "dilutedEPS": 1.24,
        "ebit": 422,
        "grossIncome": 1569,
        "interestExpense": 46,
        "interestIncomeExpense": -30,
        "minorityInterest": -8,
        "netIncome": 292,
        "netIncomeAfterTaxes": 303,
        "nonRecurringItems": -1,
        "otherOperatingExpensesTotal": 2,
        "period": "2019-12-31",
        "pretaxIncome": 398,
        "provisionforIncomeTaxes": 95,
        "researchDevelopment": 109,
        "revenue": 3672,
        "sgaExpense": 902,
        "totalOperatingExpense": 1147,
        "totalOtherIncomeExpenseNet": 7
      },
      {
        "costOfGoodsSold": 2173,
        "depreciationAmortization": 133,
        "dilutedAverageSharesOutstanding": 238.5,
        "dilutedEPS": 1.53,
        "ebit": 494,
        "grossIncome": 1653,
        "interestExpense": 5,
        "interestIncomeExpense": -22,
        "minorityInterest": -6,
        "netIncome": 367,
        "netIncomeAfterTaxes": 372,
        "nonRecurringItems": -2,
        "otherOperatingExpensesTotal": 24,
        "period": "2019-09-30",
        "pretaxIncome": 481,
        "provisionforIncomeTaxes": 109,
        "researchDevelopment": 107,
        "revenue": 3826,
        "sgaExpense": 895,
        "totalOperatingExpense": 1159,
        "totalOtherIncomeExpenseNet": 11
      },
      {
        "costOfGoodsSold": 2279,
        "depreciationAmortization": 126,
        "dilutedAverageSharesOutstanding": 238.3,
        "dilutedEPS": 1.13,
        "ebit": 530,
        "grossIncome": 1745,
        "interestExpense": 42,
        "interestIncomeExpense": -20,
        "minorityInterest": -7,
        "netIncome": 272,
        "netIncomeAfterTaxes": 277,
        "nonRecurringItems": -176,
        "otherOperatingExpensesTotal": 35,
        "period": "2019-06-30",
        "pretaxIncome": 363,
        "provisionforIncomeTaxes": 86,
        "researchDevelopment": 111,
        "revenue": 4024,
        "sgaExpense": 943,
        "totalOperatingExpense": 1215,
        "totalOtherIncomeExpenseNet": 29
      },
      {
        "costOfGoodsSold": 2064,
        "depreciationAmortization": 118,
        "dilutedAverageSharesOutstanding": 238,
        "dilutedEPS": 1.31,
        "ebit": 423,
        "grossIncome": 1560,
        "interestExpense": 18,
        "interestIncomeExpense": -30,
        "minorityInterest": -5,
        "netIncome": 312,
        "netIncomeAfterTaxes": 317,
        "nonRecurringItems": 3,
        "otherOperatingExpensesTotal": 16,
        "period": "2019-03-31",
        "pretaxIncome": 419,
        "provisionforIncomeTaxes": 102,
        "researchDevelopment": 105,
        "revenue": 3624,
        "sgaExpense": 898,
        "totalOperatingExpense": 1137,
        "totalOtherIncomeExpenseNet": 23
      },
      {
        "costOfGoodsSold": 2188,
        "depreciationAmortization": 127,
        "dilutedAverageSharesOutstanding": 239.7,
        "dilutedEPS": 1.07,
        "ebit": 345,
        "grossIncome": 1457,
        "interestExpense": 25,
        "interestIncomeExpense": -40,
        "minorityInterest": -3,
        "netIncome": 258,
        "netIncomeAfterTaxes": 259,
        "nonRecurringItems": 5,
        "otherOperatingExpensesTotal": 25,
        "period": "2018-12-31",
        "pretaxIncome": 342,
        "provisionforIncomeTaxes": 83,
        "researchDevelopment": 105,
        "revenue": 3645,
        "sgaExpense": 855,
        "totalOperatingExpense": 1112,
        "totalOtherIncomeExpenseNet": 32
      },
      {
        "costOfGoodsSold": 2253,
        "depreciationAmortization": 122,
        "dilutedAverageSharesOutstanding": 243.6,
        "dilutedEPS": 1.55,
        "ebit": 461,
        "grossIncome": 1564,
        "interestExpense": 27,
        "interestIncomeExpense": -37,
        "minorityInterest": -4,
        "netIncome": 378,
        "netIncomeAfterTaxes": 359,
        "nonRecurringItems": 12,
        "otherOperatingExpensesTotal": 4,
        "period": "2018-09-30",
        "pretaxIncome": 451,
        "provisionforIncomeTaxes": 92,
        "researchDevelopment": 110,
        "revenue": 3817,
        "sgaExpense": 867,
        "totalOperatingExpense": 1103,
        "totalOtherIncomeExpenseNet": 15
      },
      {
        "costOfGoodsSold": 2379,
        "depreciationAmortization": 125,
        "dilutedAverageSharesOutstanding": 246.4,
        "dilutedEPS": 1.51,
        "ebit": 567,
        "grossIncome": 1752,
        "interestExpense": 26,
        "interestIncomeExpense": -43,
        "minorityInterest": -4,
        "netIncome": 371,
        "netIncomeAfterTaxes": 375,
        "nonRecurringItems": -83,
        "otherOperatingExpensesTotal": 1,
        "period": "2018-06-30",
        "pretaxIncome": 479,
        "provisionforIncomeTaxes": 104,
        "researchDevelopment": 114,
        "revenue": 4131,
        "sgaExpense": 945,
        "totalOperatingExpense": 1185,
        "totalOtherIncomeExpenseNet": 38
      },
      {
        "costOfGoodsSold": 2181,
        "depreciationAmortization": 123,
        "dilutedAverageSharesOutstanding": 251.4,
        "dilutedEPS": 1.32,
        "ebit": 425,
        "grossIncome": 1600,
        "interestExpense": 24,
        "interestIncomeExpense": -22,
        "minorityInterest": -6,
        "netIncome": 334,
        "netIncomeAfterTaxes": 334,
        "nonRecurringItems": 0,
        "otherOperatingExpensesTotal": 34,
        "period": "2018-03-31",
        "pretaxIncome": 421,
        "provisionforIncomeTaxes": 87,
        "researchDevelopment": 112,
        "revenue": 3781,
        "sgaExpense": 906,
        "totalOperatingExpense": 1175,
        "totalOtherIncomeExpenseNet": 18
      },
      {
        "costOfGoodsSold": 2118,
        "depreciationAmortization": 120,
        "dilutedAverageSharesOutstanding": 254.8,
        "dilutedEPS": 0.59,
        "ebit": 412,
        "grossIncome": 1564,
        "interestExpense": 27,
        "interestIncomeExpense": -23,
        "minorityInterest": -5,
        "netIncome": 151,
        "netIncomeAfterTaxes": 288,
        "nonRecurringItems": -38,
        "otherOperatingExpensesTotal": -5,
        "period": "2017-12-31",
        "pretaxIncome": 377,
        "provisionforIncomeTaxes": 89,
        "researchDevelopment": 118,
        "revenue": 3682,
        "sgaExpense": 919,
        "totalOperatingExpense": 1152,
        "totalOtherIncomeExpenseNet": 26
      },
      {
        "costOfGoodsSold": 2104,
        "depreciationAmortization": 117,
        "dilutedAverageSharesOutstanding": 257.8,
        "dilutedEPS": 2.36,
        "ebit": 544,
        "grossIncome": 1672,
        "interestExpense": 27,
        "interestIncomeExpense": -20,
        "minorityInterest": -6,
        "netIncome": 610,
        "netIncomeAfterTaxes": 398,
        "nonRecurringItems": 0,
        "otherOperatingExpensesTotal": 3,
        "period": "2017-09-30",
        "pretaxIncome": 523,
        "provisionforIncomeTaxes": 125,
        "researchDevelopment": 114,
        "revenue": 3776,
        "sgaExpense": 894,
        "totalOperatingExpense": 1128,
        "totalOtherIncomeExpenseNet": -1
      },
      {
        "costOfGoodsSold": 2083,
        "depreciationAmortization": 113,
        "dilutedAverageSharesOutstanding": 259,
        "dilutedEPS": 1.92,
        "ebit": 619,
        "grossIncome": 1721,
        "interestExpense": 26,
        "interestIncomeExpense": -24,
        "minorityInterest": -5,
        "netIncome": 496,
        "netIncomeAfterTaxes": 502,
        "nonRecurringItems": 0,
        "otherOperatingExpensesTotal": 1,
        "period": "2017-06-30",
        "pretaxIncome": 659,
        "provisionforIncomeTaxes": 157,
        "researchDevelopment": 112,
        "revenue": 3804,
        "sgaExpense": 876,
        "totalOperatingExpense": 1102,
        "totalOtherIncomeExpenseNet": 64
      },
      {
        "costOfGoodsSold": 1902,
        "depreciationAmortization": 110,
        "dilutedAverageSharesOutstanding": 259.5,
        "dilutedEPS": 1.28,
        "ebit": 489,
        "grossIncome": 1584,
        "interestExpense": 25,
        "interestIncomeExpense": -25,
        "minorityInterest": -5,
        "netIncome": 337,
        "netIncomeAfterTaxes": 336,
        "nonRecurringItems": -22,
        "otherOperatingExpensesTotal": 1,
        "period": "2017-03-31",
        "pretaxIncome": 446,
        "provisionforIncomeTaxes": 110,
        "researchDevelopment": 109,
        "revenue": 3486,
        "sgaExpense": 875,
        "totalOperatingExpense": 1095,
        "totalOtherIncomeExpenseNet": 4
      },
      {
        "costOfGoodsSold": 1910,
        "depreciationAmortization": 109,
        "dilutedAverageSharesOutstanding": 263.2,
        "dilutedEPS": 1.29,
        "ebit": 415,
        "grossIncome": 1507,
        "interestExpense": 29,
        "interestIncomeExpense": -25,
        "minorityInterest": -4,
        "netIncome": 341,
        "netIncomeAfterTaxes": 92,
        "nonRecurringItems": -191,
        "period": "2016-12-31",
        "pretaxIncome": 135,
        "provisionforIncomeTaxes": 43,
        "researchDevelopment": 115,
        "revenue": 3417,
        "sgaExpense": 868,
        "totalOperatingExpense": 1092,
        "totalOtherIncomeExpenseNet": -64
      },
      {
        "costOfGoodsSold": 1978,
        "depreciationAmortization": 113,
        "dilutedAverageSharesOutstanding": 266.3,
        "dilutedEPS": -0.69,
        "ebit": 558,
        "grossIncome": 1682,
        "interestExpense": 34,
        "interestIncomeExpense": -28,
        "minorityInterest": -5,
        "netIncome": -184,
        "netIncomeAfterTaxes": -206,
        "nonRecurringItems": -968,
        "otherOperatingExpensesTotal": 3,
        "period": "2016-09-30",
        "pretaxIncome": -426,
        "provisionforIncomeTaxes": -220,
        "researchDevelopment": 115,
        "revenue": 3660,
        "sgaExpense": 893,
        "totalOperatingExpense": 1124,
        "totalOtherIncomeExpenseNet": 12
      },
      {
        "costOfGoodsSold": 1988,
        "depreciationAmortization": 109,
        "dilutedAverageSharesOutstanding": 269.1,
        "dilutedEPS": 1.37,
        "ebit": 637,
        "grossIncome": 1794,
        "interestExpense": 31,
        "interestIncomeExpense": -4,
        "minorityInterest": -6,
        "netIncome": 370,
        "netIncomeAfterTaxes": 345,
        "nonRecurringItems": -2,
        "otherOperatingExpensesTotal": 3,
        "period": "2016-06-30",
        "pretaxIncome": 630,
        "provisionforIncomeTaxes": 285,
        "researchDevelopment": 115,
        "revenue": 3782,
        "sgaExpense": 930,
        "totalOperatingExpense": 1157,
        "totalOtherIncomeExpenseNet": -1
      },
      {
        "costOfGoodsSold": 1817,
        "depreciationAmortization": 109,
        "dilutedAverageSharesOutstanding": 269.2,
        "dilutedEPS": 1.28,
        "ebit": 469,
        "grossIncome": 1594,
        "interestExpense": 31,
        "interestIncomeExpense": -31,
        "minorityInterest": -7,
        "netIncome": 347,
        "netIncomeAfterTaxes": 335,
        "nonRecurringItems": -3,
        "otherOperatingExpensesTotal": 5,
        "period": "2016-03-31",
        "pretaxIncome": 444,
        "provisionforIncomeTaxes": 109,
        "researchDevelopment": 114,
        "revenue": 3411,
        "sgaExpense": 897,
        "totalOperatingExpense": 1125,
        "totalOtherIncomeExpenseNet": 9
      },
      {
        "costOfGoodsSold": 1577,
        "depreciationAmortization": 94,
        "dilutedAverageSharesOutstanding": 271.2,
        "dilutedEPS": 1.15,
        "ebit": 375,
        "grossIncome": 1450,
        "interestExpense": 31,
        "interestIncomeExpense": -23,
        "minorityInterest": -4,
        "netIncome": 314,
        "netIncomeAfterTaxes": 272,
        "nonRecurringItems": 1,
        "period": "2015-12-31",
        "pretaxIncome": 352,
        "provisionforIncomeTaxes": 80,
        "researchDevelopment": 112,
        "revenue": 3027,
        "sgaExpense": 869,
        "totalOperatingExpense": 1075,
        "totalOtherIncomeExpenseNet": -1
      },
      {
        "costOfGoodsSold": 2049,
        "depreciationAmortization": 120,
        "dilutedAverageSharesOutstanding": 273.1,
        "dilutedEPS": 1.58,
        "ebit": 561,
        "grossIncome": 1676,
        "interestExpense": 31,
        "interestIncomeExpense": -21,
        "minorityInterest": -6,
        "netIncome": 433,
        "netIncomeAfterTaxes": 421,
        "nonRecurringItems": -3,
        "otherOperatingExpensesTotal": 3,
        "period": "2015-09-30",
        "pretaxIncome": 554,
        "provisionforIncomeTaxes": 133,
        "researchDevelopment": 117,
        "revenue": 3725,
        "sgaExpense": 875,
        "totalOperatingExpense": 1115,
        "totalOtherIncomeExpenseNet": 17
      }
    ],
    "symbol": "PPG"
  }
}