{
  "symbol": "RCL",
  "statement": "ic",
  "frequency": "annual",
  "timestamp": "2025-09-19T14:06:24.714421",
  "data": {
    "financials": [
      {
        "costOfGoodsSold": 8421,
        "depreciationAmortization": 1600,
        "dilutedAverageSharesOutstanding": 279,
        "dilutedEPS": 10.31,
        "ebit": 4125,
        "grossIncome": 8063,
        "interestExpense": 1127,
        "interestIncomeExpense": -851,
        "minorityInterest": -18,
        "netIncome": 2877,
        "netIncomeAfterTaxes": 2896,
        "nonRecurringItems": -603,
        "otherOperatingExpensesTotal": 1,
        "period": "2024-12-31",
        "pretaxIncome": 2896,
        "revenue": 16484,
        "sgaExpense": 2337,
        "totalOperatingExpense": 3938,
        "totalOtherIncomeExpenseNet": 225,
        "year": 2024
      },
      {
        "costOfGoodsSold": 7565,
        "depreciationAmortization": 1455,
        "dilutedAverageSharesOutstanding": 283,
        "dilutedEPS": 5.99,
        "ebit": 2899,
        "grossIncome": 6335,
        "interestExpense": 1297,
        "interestIncomeExpense": -1061,
        "minorityInterest": -7,
        "netIncome": 1697,
        "netIncomeAfterTaxes": 1704,
        "nonRecurringItems": -115,
        "period": "2023-12-31",
        "pretaxIncome": 1704,
        "revenue": 13900,
        "sgaExpense": 1981,
        "totalOperatingExpense": 3436,
        "totalOtherIncomeExpenseNet": -19,
        "year": 2023
      },
      {
        "costOfGoodsSold": 6464.936,
        "depreciationAmortization": 1406.689,
        "dilutedAverageSharesOutstanding": 255.011,
        "dilutedEPS": -8.45,
        "ebit": -763.414,
        "grossIncome": 2375.604,
        "interestExpense": 1270.352,
        "interestIncomeExpense": -1177.8,
        "minorityInterest": 0,
        "netIncome": -2155.962,
        "netIncomeAfterTaxes": -2155.962,
        "nonRecurringItems": -94.372,
        "period": "2022-12-31",
        "pretaxIncome": -2155.962,
        "revenue": 8840.54,
        "sgaExpense": 1732.329,
        "totalOperatingExpense": 3139.018,
        "totalOtherIncomeExpenseNet": -120.376,
        "year": 2022
      },
      {
        "costOfGoodsSold": 2615.391,
        "depreciationAmortization": 1292.878,
        "dilutedAverageSharesOutstanding": 251.812,
        "dilutedEPS": -20.89,
        "ebit": -3788.333,
        "grossIncome": -1083.258,
        "interestExpense": 1152.994,
        "interestIncomeExpense": -1271.69,
        "minorityInterest": 0,
        "netIncome": -5260.499,
        "netIncomeAfterTaxes": -5260.499,
        "nonRecurringItems": -231.002,
        "period": "2021-12-31",
        "pretaxIncome": -5260.499,
        "revenue": 1532.133,
        "sgaExpense": 1412.197,
        "totalOperatingExpense": 2705.075,
        "totalOtherIncomeExpenseNet": 30.526,
        "year": 2021
      },
      {
        "costOfGoodsSold": 2671.504,
        "depreciationAmortization": 1279.254,
        "dilutedAverageSharesOutstanding": 214.335,
        "dilutedEPS": -27.05,
        "ebit": -3035.177,
        "grossIncome": -462.699,
        "interestExpense": 803.129,
        "interestIncomeExpense": -1064.423,
        "minorityInterest": -22.332,
        "netIncome": -5797.462,
        "netIncomeAfterTaxes": -5775.13,
        "nonRecurringItems": -1629.126,
        "period": "2020-12-31",
        "pretaxIncome": -5775.13,
        "revenue": 2208.805,
        "sgaExpense": 1293.224,
        "totalOperatingExpense": 2572.478,
        "totalOtherIncomeExpenseNet": -46.404,
        "year": 2020
      },
      {
        "costOfGoodsSold": 5958.671,
        "depreciationAmortization": 1245.942,
        "dilutedAverageSharesOutstanding": 209.93,
        "dilutedEPS": 8.95,
        "ebit": 2082.701,
        "grossIncome": 4991.99,
        "interestExpense": 401.656,
        "interestIncomeExpense": -149.157,
        "minorityInterest": -28.713,
        "netIncome": 1878.887,
        "netIncomeAfterTaxes": 1907.6,
        "nonRecurringItems": -14.5,
        "period": "2019-12-31",
        "pretaxIncome": 1907.6,
        "revenue": 10950.661,
        "sgaExpense": 1663.347,
        "totalOperatingExpense": 2909.289,
        "totalOtherIncomeExpenseNet": -11.444,
        "year": 2019
      },
      {
        "costOfGoodsSold": 5262.207,
        "depreciationAmortization": 1033.697,
        "dilutedAverageSharesOutstanding": 211.554,
        "dilutedEPS": 8.56,
        "ebit": 1894.801,
        "grossIncome": 4231.642,
        "interestExpense": 329.491,
        "interestIncomeExpense": -151.264,
        "minorityInterest": -4.75,
        "netIncome": 1811.042,
        "netIncomeAfterTaxes": 1815.792,
        "period": "2018-12-31",
        "pretaxIncome": 1815.792,
        "revenue": 9493.849,
        "sgaExpense": 1303.144,
        "totalOperatingExpense": 2336.841,
        "totalOtherIncomeExpenseNet": 72.255,
        "year": 2018
      },
      {
        "costOfGoodsSold": 4896.579,
        "depreciationAmortization": 951.194,
        "dilutedAverageSharesOutstanding": 215.694,
        "dilutedEPS": 7.53,
        "ebit": 1744.056,
        "grossIncome": 3881.266,
        "interestExpense": 302.989,
        "interestIncomeExpense": -47.506,
        "netIncome": 1625.133,
        "netIncomeAfterTaxes": 1625.133,
        "period": "2017-12-31",
        "pretaxIncome": 1625.133,
        "revenue": 8777.845,
        "sgaExpense": 1186.016,
        "totalOperatingExpense": 2137.21,
        "totalOtherIncomeExpenseNet": -71.417,
        "year": 2017
      },
      {
        "costOfGoodsSold": 5015.539,
        "depreciationAmortization": 894.915,
        "dilutedAverageSharesOutstanding": 216.316,
        "dilutedEPS": 5.93,
        "ebit": 1485.657,
        "grossIncome": 3480.862,
        "interestExpense": 322.021,
        "interestIncomeExpense": -209.497,
        "netIncome": 1283.388,
        "netIncomeAfterTaxes": 1283.388,
        "nonRecurringItems": -8.452,
        "period": "2016-12-31",
        "pretaxIncome": 1283.388,
        "revenue": 8496.401,
        "sgaExpense": 1100.29,
        "totalOperatingExpense": 1995.205,
        "totalOtherIncomeExpenseNet": 15.68,
        "year": 2016
      },
      {
        "costOfGoodsSold": 5099.393,
        "depreciationAmortization": 827.008,
        "dilutedAverageSharesOutstanding": 220.689,
        "dilutedEPS": 3.02,
        "ebit": 1286.169,
        "grossIncome": 3199.681,
        "interestExpense": 304.744,
        "interestIncomeExpense": -318.567,
        "netIncome": 665.783,
        "netIncomeAfterTaxes": 665.783,
        "nonRecurringItems": -411.267,
        "period": "2015-12-31",
        "pretaxIncome": 665.783,
        "revenue": 8299.074,
        "sgaExpense": 1086.504,
        "totalOperatingExpense": 1913.512,
        "totalOtherIncomeExpenseNet": 109.448,
        "year": 2015
      }
    ],
    "symbol": "RCL"
  }
}