{
  "symbol": "CNP",
  "statement": "ic",
  "frequency": "quarterly",
  "timestamp": "2025-09-19T13:57:40.149764",
  "data": {
    "financials": [
      {
        "depreciationAmortization": 370,
        "dilutedAverageSharesOutstanding": 654,
        "dilutedEPS": 0.3028,
        "ebit": 417,
        "interestIncomeExpense": -194,
        "netIncome": 198,
        "netIncomeAfterTaxes": 198,
        "nonRecurringItems": 0,
        "operationsMaintenance": 715,
        "otherOperatingExpensesTotal": 140,
        "otherRevenue": 1944,
        "period": "2025-06-30",
        "pretaxIncome": 253,
        "provisionforIncomeTaxes": 55,
        "purchasedFuelPowerGas": 302,
        "revenue": 1944,
        "totalOperatingExpense": 1527,
        "totalOtherIncomeExpenseNet": 30
      },
      {
        "depreciationAmortization": 363,
        "dilutedAverageSharesOutstanding": 653,
        "dilutedEPS": 0.4548,
        "ebit": 649,
        "interestExpense": 238,
        "interestIncomeExpense": -238,
        "netIncome": 297,
        "netIncomeAfterTaxes": 297,
        "nonRecurringItems": -43,
        "operationsMaintenance": 747,
        "otherOperatingExpensesTotal": 154,
        "otherRevenue": 2920,
        "period": "2025-03-31",
        "pretaxIncome": 378,
        "provisionforIncomeTaxes": 81,
        "purchasedFuelPowerGas": 1007,
        "revenue": 2920,
        "totalOperatingExpense": 2271,
        "totalOtherIncomeExpenseNet": 10
      },
      {
        "depreciationAmortization": 356,
        "dilutedAverageSharesOutstanding": 653,
        "dilutedEPS": 0.3798,
        "ebit": 483,
        "interestExpense": 222,
        "interestIncomeExpense": -220,
        "netIncome": 248,
        "netIncomeAfterTaxes": 248,
        "nonRecurringItems": 0,
        "operationsMaintenance": 787,
        "otherOperatingExpensesTotal": 137,
        "otherRevenue": 2262,
        "period": "2024-12-31",
        "pretaxIncome": 280,
        "provisionforIncomeTaxes": 32,
        "purchasedFuelPowerGas": 499,
        "revenue": 2262,
        "totalOperatingExpense": 1779,
        "totalOtherIncomeExpenseNet": 17
      },
      {
        "depreciationAmortization": 334,
        "dilutedAverageSharesOutstanding": 648,
        "dilutedEPS": 0.2978,
        "ebit": 424,
        "interestExpense": 195,
        "interestIncomeExpense": -194,
        "netIncome": 193,
        "netIncomeAfterTaxes": 193,
        "nonRecurringItems": 0,
        "operationsMaintenance": 775,
        "otherOperatingExpensesTotal": 125,
        "otherRevenue": 1856,
        "period": "2024-09-30",
        "pretaxIncome": 245,
        "provisionforIncomeTaxes": 52,
        "purchasedFuelPowerGas": 198,
        "revenue": 1856,
        "totalOperatingExpense": 1432,
        "totalOtherIncomeExpenseNet": 15
      },
      {
        "depreciationAmortization": 386,
        "dilutedAverageSharesOutstanding": 642,
        "dilutedEPS": 0.3551,
        "ebit": 467,
        "interestExpense": 217,
        "interestIncomeExpense": -216,
        "netIncome": 228,
        "netIncomeAfterTaxes": 228,
        "operationsMaintenance": 678,
        "otherOperatingExpensesTotal": 141,
        "otherRevenue": 1905,
        "period": "2024-06-30",
        "pretaxIncome": 261,
        "provisionforIncomeTaxes": 33,
        "purchasedFuelPowerGas": 233,
        "revenue": 1905,
        "totalOperatingExpense": 1438,
        "totalOtherIncomeExpenseNet": 10
      },
      {
        "depreciationAmortization": 363,
        "dilutedAverageSharesOutstanding": 634,
        "dilutedEPS": 0.5521,
        "ebit": 616,
        "interestExpense": 204,
        "interestIncomeExpense": -202,
        "netIncome": 350,
        "netIncomeAfterTaxes": 350,
        "operationsMaintenance": 709,
        "otherOperatingExpensesTotal": 144,
        "otherRevenue": 2620,
        "period": "2024-03-31",
        "pretaxIncome": 428,
        "provisionforIncomeTaxes": 78,
        "purchasedFuelPowerGas": 788,
        "revenue": 2620,
        "totalOperatingExpense": 2004,
        "totalOtherIncomeExpenseNet": 14
      },
      {
        "depreciationAmortization": 359,
        "dilutedAverageSharesOutstanding": 633,
        "dilutedEPS": 0.3033,
        "ebit": 321,
        "interestExpense": 190,
        "interestIncomeExpense": -190,
        "netIncome": 192,
        "netIncomeAfterTaxes": 192,
        "nonRecurringItems": -12,
        "operationsMaintenance": 860,
        "otherOperatingExpensesTotal": 130,
        "otherRevenue": 2182,
        "period": "2023-12-31",
        "pretaxIncome": 117,
        "provisionforIncomeTaxes": -75,
        "purchasedFuelPowerGas": 512,
        "revenue": 2182,
        "totalOperatingExpense": 1861,
        "totalOtherIncomeExpenseNet": -2
      },
      {
        "depreciationAmortization": 374,
        "dilutedAverageSharesOutstanding": 633,
        "dilutedEPS": 0.4044,
        "ebit": 518,
        "interestExpense": 183,
        "interestIncomeExpense": -181,
        "netIncome": 256,
        "netIncomeAfterTaxes": 282,
        "nonRecurringItems": 0,
        "operationsMaintenance": 648,
        "otherOperatingExpensesTotal": 127,
        "otherRevenue": 1860,
        "period": "2023-09-30",
        "pretaxIncome": 350,
        "provisionforIncomeTaxes": 68,
        "purchasedFuelPowerGas": 193,
        "revenue": 1860,
        "totalOperatingExpense": 1342,
        "totalOtherIncomeExpenseNet": 13
      },
      {
        "depreciationAmortization": 349,
        "dilutedAverageSharesOutstanding": 633,
        "dilutedEPS": 0.1675,
        "ebit": 380,
        "interestExpense": 167,
        "interestIncomeExpense": -164,
        "netIncome": 106,
        "netIncomeAfterTaxes": 118,
        "nonRecurringItems": -12,
        "operationsMaintenance": 679,
        "otherOperatingExpensesTotal": 130,
        "otherRevenue": 1875,
        "period": "2023-06-30",
        "pretaxIncome": 217,
        "provisionforIncomeTaxes": 99,
        "purchasedFuelPowerGas": 337,
        "revenue": 1875,
        "totalOperatingExpense": 1495,
        "totalOtherIncomeExpenseNet": 13
      },
      {
        "depreciationAmortization": 319,
        "dilutedAverageSharesOutstanding": 633,
        "dilutedEPS": 0.4945,
        "ebit": 541,
        "interestExpense": 150,
        "interestIncomeExpense": -151,
        "netIncome": 313,
        "netIncomeAfterTaxes": 325,
        "nonRecurringItems": 0,
        "operationsMaintenance": 663,
        "otherOperatingExpensesTotal": 138,
        "otherRevenue": 2779,
        "period": "2023-03-31",
        "pretaxIncome": 403,
        "provisionforIncomeTaxes": 78,
        "purchasedFuelPowerGas": 1118,
        "revenue": 2779,
        "totalOperatingExpense": 2238,
        "totalOtherIncomeExpenseNet": 13
      },
      {
        "depreciationAmortization": 314,
        "dilutedAverageSharesOutstanding": 629,
        "dilutedEPS": 0.194,
        "ebit": 354,
        "interestExpense": 138,
        "interestIncomeExpense": -137,
        "netIncome": 122,
        "netIncomeAfterTaxes": 134,
        "nonRecurringItems": 0,
        "operationsMaintenance": 813,
        "otherOperatingExpensesTotal": 142,
        "otherRevenue": 2711,
        "period": "2022-12-31",
        "pretaxIncome": 166,
        "provisionforIncomeTaxes": 32,
        "purchasedFuelPowerGas": 1088,
        "revenue": 2711,
        "totalOperatingExpense": 2357,
        "totalOtherIncomeExpenseNet": -51
      },
      {
        "depreciationAmortization": 329,
        "dilutedAverageSharesOutstanding": 633,
        "dilutedEPS": 0.2986,
        "ebit": 384,
        "interestExpense": 119,
        "interestIncomeExpense": -115,
        "netIncome": 189,
        "netIncomeAfterTaxes": 202,
        "nonRecurringItems": 0,
        "operationsMaintenance": 670,
        "otherOperatingExpensesTotal": 119,
        "otherRevenue": 1903,
        "period": "2022-09-30",
        "pretaxIncome": 277,
        "provisionforIncomeTaxes": 75,
        "purchasedFuelPowerGas": 401,
        "revenue": 1903,
        "totalOperatingExpense": 1519,
        "totalOtherIncomeExpenseNet": 8
      },
      {
        "depreciationAmortization": 327,
        "dilutedAverageSharesOutstanding": 632,
        "dilutedEPS": 0.2832,
        "ebit": 351,
        "interestExpense": 110,
        "interestIncomeExpense": -106,
        "netIncome": 179,
        "netIncomeAfterTaxes": 190,
        "nonRecurringItems": 0,
        "operationsMaintenance": 662,
        "otherOperatingExpensesTotal": 135,
        "otherRevenue": 1944,
        "period": "2022-06-30",
        "pretaxIncome": 244,
        "provisionforIncomeTaxes": 54,
        "purchasedFuelPowerGas": 469,
        "revenue": 1944,
        "totalOperatingExpense": 1593,
        "totalOtherIncomeExpenseNet": -1
      },
      {
        "depreciationAmortization": 318,
        "dilutedAverageSharesOutstanding": 631,
        "dilutedEPS": 0.8209,
        "ebit": 477,
        "interestExpense": 157,
        "interestIncomeExpense": -68,
        "netIncome": 518,
        "netIncomeAfterTaxes": 531,
        "nonRecurringItems": 303,
        "operationsMaintenance": 688,
        "otherOperatingExpensesTotal": 147,
        "otherRevenue": 2763,
        "period": "2022-03-31",
        "pretaxIncome": 730,
        "provisionforIncomeTaxes": 199,
        "purchasedFuelPowerGas": 1133,
        "revenue": 2763,
        "totalOperatingExpense": 2286,
        "totalOtherIncomeExpenseNet": 18
      },
      {
        "depreciationAmortization": 329,
        "dilutedAverageSharesOutstanding": 637,
        "dilutedEPS": 1,
        "ebit": 336,
        "interestExpense": 167,
        "interestIncomeExpense": -289,
        "netIncome": 641,
        "netIncomeAfterTaxes": 38,
        "nonRecurringItems": 0,
        "operationsMaintenance": 755,
        "otherOperatingExpensesTotal": 134,
        "otherRevenue": 2314,
        "period": "2021-12-31",
        "pretaxIncome": 85,
        "provisionforIncomeTaxes": 47,
        "purchasedFuelPowerGas": 760,
        "revenue": 2314,
        "totalOperatingExpense": 1978,
        "totalOtherIncomeExpenseNet": 38
      },
      {
        "depreciationAmortization": 353,
        "dilutedAverageSharesOutstanding": 609,
        "dilutedEPS": 0.32,
        "ebit": 278,
        "interestExpense": 119,
        "interestIncomeExpense": -120,
        "netIncome": 195,
        "netIncomeAfterTaxes": 150,
        "nonRecurringItems": 8,
        "operationsMaintenance": 709,
        "otherOperatingExpensesTotal": 125,
        "otherRevenue": 1749,
        "period": "2021-09-30",
        "pretaxIncome": 183,
        "provisionforIncomeTaxes": 33,
        "purchasedFuelPowerGas": 284,
        "revenue": 1749,
        "totalOperatingExpense": 1471,
        "totalOtherIncomeExpenseNet": 17
      },
      {
        "depreciationAmortization": 327,
        "dilutedAverageSharesOutstanding": 596,
        "dilutedEPS": 0.37,
        "ebit": 296,
        "interestExpense": 131,
        "interestIncomeExpense": -133,
        "netIncome": 221,
        "netIncomeAfterTaxes": 200,
        "nonRecurringItems": 0,
        "operationsMaintenance": 677,
        "otherOperatingExpensesTotal": 126,
        "otherRevenue": 1742,
        "period": "2021-06-30",
        "pretaxIncome": 181,
        "provisionforIncomeTaxes": -19,
        "purchasedFuelPowerGas": 316,
        "revenue": 1742,
        "totalOperatingExpense": 1446,
        "totalOtherIncomeExpenseNet": 18
      },
      {
        "depreciationAmortization": 307,
        "dilutedAverageSharesOutstanding": 631,
        "dilutedEPS": 0.53,
        "ebit": 453,
        "interestExpense": 146,
        "interestIncomeExpense": -8,
        "netIncome": 334,
        "netIncomeAfterTaxes": 363,
        "nonRecurringItems": 0,
        "operationsMaintenance": 669,
        "otherOperatingExpensesTotal": 143,
        "otherRevenue": 2547,
        "period": "2021-03-31",
        "pretaxIncome": 437,
        "provisionforIncomeTaxes": 74,
        "purchasedFuelPowerGas": 975,
        "revenue": 2547,
        "totalOperatingExpense": 2094,
        "totalOtherIncomeExpenseNet": -8
      },
      {
        "depreciationAmortization": 304,
        "dilutedAverageSharesOutstanding": 549,
        "dilutedEPS": 0.28,
        "ebit": 285,
        "interestExpense": 117,
        "interestIncomeExpense": -47,
        "netIncome": 151,
        "netIncomeAfterTaxes": 200,
        "nonRecurringItems": 0,
        "operationsMaintenance": 768,
        "otherOperatingExpensesTotal": 129,
        "otherRevenue": 2054,
        "period": "2020-12-31",
        "pretaxIncome": 254,
        "provisionforIncomeTaxes": 54,
        "purchasedFuelPowerGas": 568,
        "revenue": 2054,
        "totalOperatingExpense": 1769,
        "totalOtherIncomeExpenseNet": 16
      },
      {
        "depreciationAmortization": 306,
        "dilutedAverageSharesOutstanding": 548,
        "dilutedEPS": 0.14,
        "ebit": 302,
        "interestExpense": 128,
        "interestIncomeExpense": -195,
        "netIncome": 69,
        "netIncomeAfterTaxes": 127,
        "nonRecurringItems": 0,
        "operationsMaintenance": 659,
        "otherOperatingExpensesTotal": 122,
        "otherRevenue": 1622,
        "period": "2020-09-30",
        "pretaxIncome": 117,
        "provisionforIncomeTaxes": -10,
        "purchasedFuelPowerGas": 233,
        "revenue": 1622,
        "totalOperatingExpense": 1320,
        "totalOtherIncomeExpenseNet": 10
      },
      {
        "depreciationAmortization": 297,
        "dilutedAverageSharesOutstanding": 531,
        "dilutedEPS": 0.11,
        "ebit": 235,
        "interestExpense": 135,
        "interestIncomeExpense": -92,
        "netIncome": 59,
        "netIncomeAfterTaxes": 135,
        "nonRecurringItems": 0,
        "operationsMaintenance": 643,
        "otherOperatingExpensesTotal": 129,
        "otherRevenue": 1575,
        "period": "2020-06-30",
        "pretaxIncome": 164,
        "provisionforIncomeTaxes": 29,
        "purchasedFuelPowerGas": 271,
        "revenue": 1575,
        "totalOperatingExpense": 1340,
        "totalOtherIncomeExpenseNet": 21
      },
      {
        "depreciationAmortization": 282,
        "dilutedAverageSharesOutstanding": 502,
        "dilutedEPS": -2.44,
        "ebit": 402,
        "interestExpense": 147,
        "interestIncomeExpense": -1495,
        "netIncome": -1228,
        "netIncomeAfterTaxes": -1053,
        "nonRecurringItems": -185,
        "operationsMaintenance": 674,
        "otherOperatingExpensesTotal": 136,
        "otherRevenue": 2167,
        "period": "2020-03-31",
        "pretaxIncome": -1400,
        "provisionforIncomeTaxes": -347,
        "purchasedFuelPowerGas": 673,
        "revenue": 2167,
        "totalOperatingExpense": 1765,
        "totalOtherIncomeExpenseNet": -122
      },
      {
        "depreciationAmortization": 287,
        "dilutedAverageSharesOutstanding": 505,
        "dilutedEPS": 0.25,
        "ebit": 274,
        "interestExpense": 147,
        "interestIncomeExpense": -128,
        "netIncome": 128,
        "netIncomeAfterTaxes": 137,
        "nonRecurringItems": 0,
        "operationsMaintenance": 733,
        "otherOperatingExpensesTotal": 122,
        "otherRevenue": 2019,
        "period": "2019-12-31",
        "pretaxIncome": 154,
        "provisionforIncomeTaxes": 17,
        "purchasedFuelPowerGas": 603,
        "revenue": 2019,
        "totalOperatingExpense": 1745,
        "totalOtherIncomeExpenseNet": 8
      },
      {
        "depreciationAmortization": 316,
        "dilutedAverageSharesOutstanding": 505,
        "dilutedEPS": 0.47,
        "ebit": 357,
        "interestExpense": 143,
        "interestIncomeExpense": -65,
        "netIncome": 241,
        "netIncomeAfterTaxes": 251,
        "nonRecurringItems": 0,
        "operationsMaintenance": 621,
        "otherOperatingExpensesTotal": 113,
        "otherRevenue": 1658,
        "period": "2019-09-30",
        "pretaxIncome": 297,
        "provisionforIncomeTaxes": 46,
        "purchasedFuelPowerGas": 251,
        "revenue": 1658,
        "totalOperatingExpense": 1301,
        "totalOtherIncomeExpenseNet": 5
      },
      {
        "depreciationAmortization": 322,
        "dilutedAverageSharesOutstanding": 505,
        "dilutedEPS": 0.32,
        "ebit": 229,
        "interestExpense": 144,
        "interestIncomeExpense": -72,
        "netIncome": 165,
        "netIncomeAfterTaxes": 151,
        "nonRecurringItems": 0,
        "operationsMaintenance": 673,
        "otherOperatingExpensesTotal": 113,
        "otherRevenue": 1658,
        "period": "2019-06-30",
        "pretaxIncome": 166,
        "provisionforIncomeTaxes": 15,
        "purchasedFuelPowerGas": 321,
        "revenue": 1658,
        "totalOperatingExpense": 1429,
        "totalOtherIncomeExpenseNet": 9
      },
      {
        "depreciationAmortization": 300,
        "dilutedAverageSharesOutstanding": 504,
        "dilutedEPS": 0.27,
        "ebit": 211,
        "interestExpense": 133,
        "interestIncomeExpense": -146,
        "netIncome": 140,
        "netIncomeAfterTaxes": 143,
        "nonRecurringItems": 0,
        "operationsMaintenance": 748,
        "otherOperatingExpensesTotal": 126,
        "otherRevenue": 2229,
        "period": "2019-03-31",
        "pretaxIncome": 157,
        "provisionforIncomeTaxes": 14,
        "purchasedFuelPowerGas": 844,
        "revenue": 2229,
        "totalOperatingExpense": 2018,
        "totalOtherIncomeExpenseNet": 92
      },
      {
        "depreciationAmortization": 248,
        "dilutedAverageSharesOutstanding": 504,
        "dilutedEPS": 0.17,
        "ebit": 204,
        "interestExpense": 115,
        "interestIncomeExpense": 4,
        "netIncome": 90,
        "netIncomeAfterTaxes": 148,
        "operationsMaintenance": 557,
        "otherOperatingExpensesTotal": 97,
        "otherRevenue": -1276,
        "period": "2018-12-31",
        "pretaxIncome": 218,
        "provisionforIncomeTaxes": 70,
        "purchasedFuelPowerGas": -2382,
        "revenue": -1276,
        "totalOperatingExpense": -1480,
        "totalOtherIncomeExpenseNet": 10
      },
      {
        "depreciationAmortization": 326,
        "dilutedAverageSharesOutstanding": 435,
        "dilutedEPS": 0.35,
        "ebit": 226,
        "interestExpense": 106,
        "interestIncomeExpense": -70,
        "netIncome": 153,
        "netIncomeAfterTaxes": 158,
        "operationsMaintenance": 567,
        "otherOperatingExpensesTotal": 95,
        "otherRevenue": 2212,
        "period": "2018-09-30",
        "pretaxIncome": 209,
        "provisionforIncomeTaxes": 51,
        "purchasedFuelPowerGas": 998,
        "revenue": 2212,
        "totalOperatingExpense": 1986,
        "totalOtherIncomeExpenseNet": 53
      },
      {
        "depreciationAmortization": 342,
        "dilutedAverageSharesOutstanding": 432,
        "dilutedEPS": -0.17,
        "ebit": 197,
        "interestExpense": 105,
        "interestIncomeExpense": -543,
        "netIncome": -75,
        "netIncomeAfterTaxes": -75,
        "operationsMaintenance": 578,
        "otherOperatingExpensesTotal": 101,
        "otherRevenue": 2186,
        "period": "2018-06-30",
        "pretaxIncome": -88,
        "provisionforIncomeTaxes": -13,
        "purchasedFuelPowerGas": 968,
        "revenue": 2186,
        "totalOperatingExpense": 1989,
        "totalOtherIncomeExpenseNet": 258
      },
      {
        "depreciationAmortization": 314,
        "dilutedAverageSharesOutstanding": 434,
        "dilutedEPS": 0.38,
        "ebit": 318,
        "interestExpense": 94,
        "interestIncomeExpense": -127,
        "netIncome": 165,
        "netIncomeAfterTaxes": 165,
        "operationsMaintenance": 569,
        "otherOperatingExpensesTotal": 111,
        "otherRevenue": 3155,
        "period": "2018-03-31",
        "pretaxIncome": 212,
        "provisionforIncomeTaxes": 47,
        "purchasedFuelPowerGas": 1843,
        "revenue": 3155,
        "totalOperatingExpense": 2837,
        "totalOtherIncomeExpenseNet": 21
      },
      {
        "depreciationAmortization": 287,
        "dilutedAverageSharesOutstanding": 435,
        "dilutedEPS": 2.97,
        "ebit": 308,
        "interestExpense": 97,
        "interestIncomeExpense": 88,
        "netIncome": 1296,
        "netIncomeAfterTaxes": 183,
        "operationsMaintenance": 595,
        "otherOperatingExpensesTotal": 103,
        "otherRevenue": 2638,
        "period": "2017-12-31",
        "pretaxIncome": 286,
        "provisionforIncomeTaxes": 103,
        "purchasedFuelPowerGas": 1345,
        "revenue": 2638,
        "totalOperatingExpense": 2330,
        "totalOtherIncomeExpenseNet": -110
      },
      {
        "depreciationAmortization": 269,
        "dilutedAverageSharesOutstanding": 434,
        "dilutedEPS": 0.39,
        "ebit": 297,
        "interestExpense": 98,
        "interestIncomeExpense": -65,
        "netIncome": 169,
        "netIncomeAfterTaxes": 169,
        "operationsMaintenance": 501,
        "otherOperatingExpensesTotal": 93,
        "otherRevenue": 2098,
        "period": "2017-09-30",
        "pretaxIncome": 267,
        "provisionforIncomeTaxes": 98,
        "purchasedFuelPowerGas": 938,
        "revenue": 2098,
        "totalOperatingExpense": 1801,
        "totalOtherIncomeExpenseNet": 35
      },
      {
        "depreciationAmortization": 254,
        "dilutedAverageSharesOutstanding": 434,
        "dilutedEPS": 0.31,
        "ebit": 250,
        "interestExpense": 97,
        "interestIncomeExpense": -51,
        "netIncome": 135,
        "netIncomeAfterTaxes": 135,
        "operationsMaintenance": 518,
        "otherOperatingExpensesTotal": 99,
        "otherRevenue": 2143,
        "period": "2017-06-30",
        "pretaxIncome": 211,
        "provisionforIncomeTaxes": 76,
        "purchasedFuelPowerGas": 1022,
        "revenue": 2143,
        "totalOperatingExpense": 1893,
        "totalOtherIncomeExpenseNet": 12
      },
      {
        "depreciationAmortization": 226,
        "dilutedAverageSharesOutstanding": 433,
        "dilutedEPS": 0.44,
        "ebit": 357,
        "interestExpense": 98,
        "interestIncomeExpense": -68,
        "netIncome": 192,
        "netIncomeAfterTaxes": 192,
        "operationsMaintenance": 543,
        "otherOperatingExpensesTotal": 96,
        "otherRevenue": 2735,
        "period": "2017-03-31",
        "pretaxIncome": 299,
        "provisionforIncomeTaxes": 107,
        "purchasedFuelPowerGas": 1513,
        "revenue": 2735,
        "totalOperatingExpense": 2378,
        "totalOtherIncomeExpenseNet": 10
      },
      {
        "depreciationAmortization": 253,
        "dilutedAverageSharesOutstanding": 436,
        "dilutedEPS": 0.23,
        "ebit": 243,
        "interestExpense": 103,
        "interestIncomeExpense": -230,
        "netIncome": 101,
        "netIncomeAfterTaxes": 101,
        "operationsMaintenance": 554,
        "otherOperatingExpensesTotal": 96,
        "period": "2016-12-31",
        "pretaxIncome": 162,
        "provisionforIncomeTaxes": 61,
        "purchasedFuelPowerGas": 935,
        "revenue": 2081,
        "totalOperatingExpense": 1838,
        "totalOtherIncomeExpenseNet": 149
      },
      {
        "depreciationAmortization": 324,
        "dilutedAverageSharesOutstanding": 433,
        "dilutedEPS": 0.41,
        "ebit": 297,
        "interestExpense": 106,
        "interestIncomeExpense": -113,
        "netIncome": 179,
        "netIncomeAfterTaxes": 179,
        "operationsMaintenance": 505,
        "otherOperatingExpensesTotal": 93,
        "otherRevenue": 31,
        "period": "2016-09-30",
        "pretaxIncome": 276,
        "provisionforIncomeTaxes": 97,
        "purchasedFuelPowerGas": 670,
        "revenue": 1889,
        "totalOperatingExpense": 1592,
        "totalOtherIncomeExpenseNet": 92
      },
      {
        "depreciationAmortization": 289,
        "dilutedAverageSharesOutstanding": 431,
        "dilutedEPS": 0,
        "ebit": 123,
        "interestExpense": 109,
        "interestIncomeExpense": 1,
        "netIncome": -2,
        "netIncomeAfterTaxes": -2,
        "operationsMaintenance": 513,
        "otherOperatingExpensesTotal": 94,
        "otherRevenue": -50,
        "period": "2016-06-30",
        "pretaxIncome": 8,
        "provisionforIncomeTaxes": 10,
        "purchasedFuelPowerGas": 555,
        "revenue": 1574,
        "totalOperatingExpense": 1451,
        "totalOtherIncomeExpenseNet": -116
      },
      {
        "depreciationAmortization": 260,
        "dilutedAverageSharesOutstanding": 433,
        "dilutedEPS": 0.36,
        "ebit": 261,
        "interestExpense": 111,
        "interestIncomeExpense": 28,
        "netIncome": 154,
        "netIncomeAfterTaxes": 154,
        "operationsMaintenance": 521,
        "otherOperatingExpensesTotal": 101,
        "otherRevenue": 20,
        "period": "2016-03-31",
        "pretaxIncome": 240,
        "provisionforIncomeTaxes": 86,
        "purchasedFuelPowerGas": 841,
        "revenue": 1984,
        "totalOperatingExpense": 1723,
        "totalOtherIncomeExpenseNet": -49
      },
      {
        "depreciationAmortization": 246,
        "dilutedAverageSharesOutstanding": 431,
        "dilutedEPS": -1.18,
        "ebit": 259,
        "interestExpense": 111,
        "interestIncomeExpense": -1075,
        "netIncome": -509,
        "netIncomeAfterTaxes": -509,
        "operationsMaintenance": 542,
        "otherOperatingExpensesTotal": 85,
        "otherRevenue": 46,
        "period": "2015-12-31",
        "pretaxIncome": -818,
        "provisionforIncomeTaxes": -309,
        "purchasedFuelPowerGas": 659,
        "revenue": 1791,
        "totalOperatingExpense": 1532,
        "totalOtherIncomeExpenseNet": -2
      },
      {
        "depreciationAmortization": 268,
        "dilutedAverageSharesOutstanding": 430,
        "dilutedEPS": -0.91,
        "ebit": 295,
        "interestExpense": 113,
        "interestIncomeExpense": -813,
        "netIncome": -391,
        "netIncomeAfterTaxes": -391,
        "operationsMaintenance": 479,
        "otherOperatingExpensesTotal": 91,
        "otherRevenue": 39,
        "period": "2015-09-30",
        "pretaxIncome": -635,
        "provisionforIncomeTaxes": -244,
        "purchasedFuelPowerGas": 497,
        "revenue": 1630,
        "totalOperatingExpense": 1335,
        "totalOtherIncomeExpenseNet": -117
      }
    ],
    "symbol": "CNP"
  }
}