{
  "symbol": "AOS",
  "statement": "ic",
  "frequency": "annual",
  "timestamp": "2025-09-19T14:33:38.560236",
  "data": {
    "financials": [
      {
        "costOfGoodsSold": 2362,
        "dilutedAverageSharesOutstanding": 147.0841,
        "dilutedEPS": 3.6279,
        "ebit": 725.3,
        "grossIncome": 1456.1,
        "interestExpense": 6.7,
        "interestIncomeExpense": -6.7,
        "netIncome": 533.6,
        "netIncomeAfterTaxes": 533.6,
        "nonRecurringItems": -17.6,
        "otherOperatingExpensesTotal": -8.5,
        "period": "2024-12-31",
        "pretaxIncome": 701,
        "provisionforIncomeTaxes": 167.4,
        "revenue": 3818.1,
        "sgaExpense": 739.3,
        "totalOperatingExpense": 730.8,
        "year": 2024
      },
      {
        "costOfGoodsSold": 2368,
        "dilutedAverageSharesOutstanding": 151.0156,
        "dilutedEPS": 3.6857,
        "ebit": 764.3,
        "grossIncome": 1484.8,
        "interestExpense": 12,
        "interestIncomeExpense": -12,
        "netIncome": 556.6,
        "netIncomeAfterTaxes": 556.6,
        "nonRecurringItems": -18.8,
        "otherOperatingExpensesTotal": -6.9,
        "period": "2023-12-31",
        "pretaxIncome": 733.5,
        "provisionforIncomeTaxes": 176.9,
        "revenue": 3852.8,
        "sgaExpense": 727.4,
        "totalOperatingExpense": 720.5,
        "year": 2023
      },
      {
        "costOfGoodsSold": 2424.3,
        "dilutedAverageSharesOutstanding": 155.8,
        "dilutedEPS": 1.51,
        "ebit": 233.1,
        "grossIncome": 1329.6,
        "interestExpense": 9.4,
        "interestIncomeExpense": -9.4,
        "netIncome": 235.7,
        "netIncomeAfterTaxes": 235.7,
        "nonRecurringItems": 0,
        "otherOperatingExpensesTotal": 425.6,
        "period": "2022-12-31",
        "pretaxIncome": 223.7,
        "provisionforIncomeTaxes": -12,
        "revenue": 3753.9,
        "sgaExpense": 670.9,
        "totalOperatingExpense": 1096.5,
        "year": 2022
      },
      {
        "costOfGoodsSold": 2228,
        "dilutedAverageSharesOutstanding": 161.3,
        "dilutedEPS": 3.02,
        "ebit": 629.9,
        "grossIncome": 1310.9,
        "interestExpense": 4.3,
        "interestIncomeExpense": -4.3,
        "netIncome": 487.1,
        "netIncomeAfterTaxes": 487.1,
        "nonRecurringItems": 0,
        "otherOperatingExpensesTotal": -20.4,
        "period": "2021-12-31",
        "pretaxIncome": 625.6,
        "provisionforIncomeTaxes": 138.5,
        "revenue": 3538.9,
        "sgaExpense": 701.4,
        "totalOperatingExpense": 681,
        "year": 2021
      },
      {
        "costOfGoodsSold": 1787.1,
        "dilutedAverageSharesOutstanding": 162.6,
        "dilutedEPS": 2.12,
        "ebit": 458.9,
        "grossIncome": 1108.2,
        "interestExpense": 7.3,
        "interestIncomeExpense": -7.3,
        "netIncome": 344.9,
        "netIncomeAfterTaxes": 344.9,
        "nonRecurringItems": -7.7,
        "otherOperatingExpensesTotal": -11,
        "period": "2020-12-31",
        "pretaxIncome": 443.9,
        "provisionforIncomeTaxes": 99,
        "revenue": 2895.3,
        "sgaExpense": 660.3,
        "totalOperatingExpense": 649.3,
        "year": 2020
      },
      {
        "costOfGoodsSold": 1812,
        "dilutedAverageSharesOutstanding": 166.7,
        "dilutedEPS": 2.22,
        "ebit": 483.1,
        "grossIncome": 1180.7,
        "interestExpense": 11,
        "interestIncomeExpense": -11,
        "netIncome": 370,
        "netIncomeAfterTaxes": 370,
        "nonRecurringItems": 0,
        "otherOperatingExpensesTotal": -18,
        "period": "2019-12-31",
        "pretaxIncome": 472.1,
        "provisionforIncomeTaxes": 102.1,
        "revenue": 2992.7,
        "sgaExpense": 715.6,
        "totalOperatingExpense": 697.6,
        "year": 2019
      },
      {
        "costOfGoodsSold": 1882.4,
        "dilutedAverageSharesOutstanding": 172.2,
        "dilutedEPS": 2.58,
        "ebit": 572.9,
        "grossIncome": 1305.5,
        "interestExpense": 8.4,
        "interestIncomeExpense": -8.4,
        "netIncome": 444.2,
        "netIncomeAfterTaxes": 444.2,
        "nonRecurringItems": -6.7,
        "otherOperatingExpensesTotal": -21.2,
        "period": "2018-12-31",
        "pretaxIncome": 557.8,
        "provisionforIncomeTaxes": 113.6,
        "revenue": 3187.9,
        "sgaExpense": 753.8,
        "totalOperatingExpense": 732.6,
        "year": 2018
      },
      {
        "costOfGoodsSold": 1764.3,
        "dilutedAverageSharesOutstanding": 174.6,
        "dilutedEPS": 1.69,
        "ebit": 530.9,
        "grossIncome": 1232.4,
        "interestExpense": 10.1,
        "interestIncomeExpense": -10.1,
        "netIncome": 296.5,
        "netIncomeAfterTaxes": 378.3,
        "nonRecurringItems": 0,
        "otherOperatingExpensesTotal": -21.3,
        "period": "2017-12-31",
        "pretaxIncome": 520.8,
        "provisionforIncomeTaxes": 142.5,
        "revenue": 2996.7,
        "sgaExpense": 722.8,
        "totalOperatingExpense": 701.5,
        "year": 2017
      },
      {
        "costOfGoodsSold": 1571.7,
        "dilutedAverageSharesOutstanding": 176.8,
        "dilutedEPS": 1.85,
        "ebit": 469.8,
        "grossIncome": 1114.2,
        "interestExpense": 7.3,
        "interestIncomeExpense": -7.3,
        "netIncome": 326.5,
        "netIncomeAfterTaxes": 326.5,
        "nonRecurringItems": 0,
        "otherOperatingExpensesTotal": -18.1,
        "period": "2016-12-31",
        "pretaxIncome": 462.5,
        "provisionforIncomeTaxes": 136,
        "revenue": 2685.9,
        "sgaExpense": 662.5,
        "totalOperatingExpense": 644.4,
        "year": 2016
      },
      {
        "costOfGoodsSold": 1526.7,
        "dilutedAverageSharesOutstanding": 179,
        "dilutedEPS": 1.58,
        "ebit": 409.9,
        "grossIncome": 1009.8,
        "interestExpense": 7.4,
        "interestIncomeExpense": -7.4,
        "netIncome": 282.9,
        "netIncomeAfterTaxes": 282.9,
        "nonRecurringItems": 0,
        "otherOperatingExpensesTotal": -10.8,
        "period": "2015-12-31",
        "pretaxIncome": 402.5,
        "provisionforIncomeTaxes": 119.6,
        "revenue": 2536.5,
        "sgaExpense": 610.7,
        "totalOperatingExpense": 599.9,
        "year": 2015
      }
    ],
    "symbol": "AOS"
  }
}