{
  "symbol": "ETN",
  "statement": "ic",
  "frequency": "quarterly",
  "timestamp": "2025-09-19T13:59:32.657986",
  "data": {
    "financials": [
      {
        "costOfGoodsSold": 4431,
        "dilutedAverageSharesOutstanding": 391.4,
        "dilutedEPS": 2.5089,
        "ebit": 1257,
        "grossIncome": 2597,
        "interestIncomeExpense": -71,
        "minorityInterest": -1,
        "netIncome": 982,
        "netIncomeAfterTaxes": 983,
        "otherOperatingExpensesTotal": -1,
        "period": "2025-06-30",
        "pretaxIncome": 1186,
        "provisionforIncomeTaxes": 203,
        "researchDevelopment": 192,
        "revenue": 7028,
        "sgaExpense": 1149,
        "totalOperatingExpense": 1340
      },
      {
        "costOfGoodsSold": 3930,
        "dilutedAverageSharesOutstanding": 393.6,
        "dilutedEPS": 2.4492,
        "ebit": 1210,
        "grossIncome": 2447,
        "interestIncomeExpense": -33,
        "minorityInterest": -1,
        "netIncome": 964,
        "netIncomeAfterTaxes": 965,
        "otherOperatingExpensesTotal": -9,
        "period": "2025-03-31",
        "pretaxIncome": 1177,
        "provisionforIncomeTaxes": 212,
        "researchDevelopment": 198,
        "revenue": 6377,
        "sgaExpense": 1048,
        "totalOperatingExpense": 1237
      },
      {
        "costOfGoodsSold": 3811,
        "dilutedAverageSharesOutstanding": 395.8,
        "dilutedEPS": 2.4533,
        "ebit": 1209,
        "grossIncome": 2429,
        "interestIncomeExpense": -42,
        "minorityInterest": 0,
        "netIncome": 971,
        "netIncomeAfterTaxes": 972,
        "nonRecurringItems": 0,
        "otherOperatingExpensesTotal": 16,
        "period": "2024-12-31",
        "pretaxIncome": 1167,
        "provisionforIncomeTaxes": 195,
        "researchDevelopment": 201,
        "revenue": 6240,
        "sgaExpense": 1003,
        "totalOperatingExpense": 1220
      },
      {
        "costOfGoodsSold": 3899,
        "dilutedAverageSharesOutstanding": 399,
        "dilutedEPS": 2.53,
        "ebit": 1233,
        "grossIncome": 2446,
        "interestIncomeExpense": -29,
        "minorityInterest": -1,
        "netIncome": 1009,
        "netIncomeAfterTaxes": 1011,
        "otherOperatingExpensesTotal": -22,
        "period": "2024-09-30",
        "pretaxIncome": 1204,
        "provisionforIncomeTaxes": 193,
        "researchDevelopment": 207,
        "revenue": 6345,
        "sgaExpense": 1028,
        "totalOperatingExpense": 1213
      },
      {
        "costOfGoodsSold": 3940,
        "dilutedAverageSharesOutstanding": 401,
        "dilutedEPS": 2.48,
        "ebit": 1225,
        "grossIncome": 2410,
        "interestIncomeExpense": -29,
        "minorityInterest": -1,
        "netIncome": 993,
        "netIncomeAfterTaxes": 994,
        "otherOperatingExpensesTotal": -32,
        "period": "2024-06-30",
        "pretaxIncome": 1195,
        "provisionforIncomeTaxes": 201,
        "researchDevelopment": 196,
        "revenue": 6350,
        "sgaExpense": 1021,
        "totalOperatingExpense": 1185,
        "totalOtherIncomeExpenseNet": -1
      },
      {
        "costOfGoodsSold": 3725,
        "dilutedAverageSharesOutstanding": 401.9,
        "dilutedEPS": 2.0428,
        "ebit": 1030,
        "grossIncome": 2218,
        "interestIncomeExpense": -30,
        "minorityInterest": -1,
        "netIncome": 821,
        "netIncomeAfterTaxes": 822,
        "otherOperatingExpensesTotal": -26,
        "period": "2024-03-31",
        "pretaxIncome": 1001,
        "provisionforIncomeTaxes": 179,
        "researchDevelopment": 189,
        "revenue": 5943,
        "sgaExpense": 1025,
        "totalOperatingExpense": 1188,
        "totalOtherIncomeExpenseNet": 1
      },
      {
        "costOfGoodsSold": 3732,
        "dilutedAverageSharesOutstanding": 401.7,
        "dilutedEPS": 2.3525,
        "ebit": 1115,
        "grossIncome": 2235,
        "interestIncomeExpense": -27,
        "minorityInterest": -1,
        "netIncome": 945,
        "netIncomeAfterTaxes": 947,
        "nonRecurringItems": 0,
        "otherOperatingExpensesTotal": -37,
        "period": "2023-12-31",
        "pretaxIncome": 1088,
        "provisionforIncomeTaxes": 141,
        "researchDevelopment": 201,
        "revenue": 5967,
        "sgaExpense": 956,
        "totalOperatingExpense": 1120
      },
      {
        "costOfGoodsSold": 3684,
        "dilutedAverageSharesOutstanding": 401.6,
        "dilutedEPS": 2.2186,
        "ebit": 1112,
        "grossIncome": 2196,
        "interestIncomeExpense": -33,
        "minorityInterest": -1,
        "netIncome": 891,
        "netIncomeAfterTaxes": 892,
        "nonRecurringItems": 0,
        "otherOperatingExpensesTotal": -52,
        "period": "2023-09-30",
        "pretaxIncome": 1079,
        "provisionforIncomeTaxes": 187,
        "researchDevelopment": 187,
        "revenue": 5880,
        "sgaExpense": 949,
        "totalOperatingExpense": 1084
      },
      {
        "costOfGoodsSold": 3747,
        "dilutedAverageSharesOutstanding": 400.7,
        "dilutedEPS": 1.8568,
        "ebit": 939,
        "grossIncome": 2119,
        "interestIncomeExpense": -42,
        "minorityInterest": -1,
        "netIncome": 744,
        "netIncomeAfterTaxes": 745,
        "nonRecurringItems": 0,
        "otherOperatingExpensesTotal": 7,
        "period": "2023-06-30",
        "pretaxIncome": 898,
        "provisionforIncomeTaxes": 153,
        "researchDevelopment": 187,
        "revenue": 5866,
        "sgaExpense": 986,
        "totalOperatingExpense": 1180,
        "totalOtherIncomeExpenseNet": 1
      },
      {
        "costOfGoodsSold": 3599,
        "dilutedAverageSharesOutstanding": 400.5,
        "dilutedEPS": 1.593,
        "ebit": 812,
        "grossIncome": 1884,
        "interestIncomeExpense": -50,
        "minorityInterest": -1,
        "netIncome": 638,
        "netIncomeAfterTaxes": 639,
        "nonRecurringItems": 0,
        "otherOperatingExpensesTotal": -11,
        "period": "2023-03-31",
        "pretaxIncome": 762,
        "provisionforIncomeTaxes": 123,
        "researchDevelopment": 179,
        "revenue": 5483,
        "sgaExpense": 904,
        "totalOperatingExpense": 1072
      },
      {
        "costOfGoodsSold": 3546,
        "dilutedAverageSharesOutstanding": 400.5,
        "dilutedEPS": 1.8003,
        "ebit": 895,
        "grossIncome": 1838,
        "interestIncomeExpense": -44,
        "minorityInterest": -2,
        "netIncome": 721,
        "netIncomeAfterTaxes": 722,
        "nonRecurringItems": 0,
        "otherOperatingExpensesTotal": -20,
        "period": "2022-12-31",
        "pretaxIncome": 851,
        "provisionforIncomeTaxes": 129,
        "researchDevelopment": 167,
        "revenue": 5384,
        "sgaExpense": 796,
        "totalOperatingExpense": 943
      },
      {
        "costOfGoodsSold": 3545,
        "dilutedAverageSharesOutstanding": 400.3,
        "dilutedEPS": 1.5164,
        "ebit": 756,
        "grossIncome": 1768,
        "interestIncomeExpense": -37,
        "minorityInterest": -1,
        "netIncome": 607,
        "netIncomeAfterTaxes": 608,
        "nonRecurringItems": 0,
        "otherOperatingExpensesTotal": 34,
        "period": "2022-09-30",
        "pretaxIncome": 720,
        "provisionforIncomeTaxes": 112,
        "researchDevelopment": 165,
        "revenue": 5313,
        "sgaExpense": 813,
        "totalOperatingExpense": 1012,
        "totalOtherIncomeExpenseNet": 1
      },
      {
        "costOfGoodsSold": 3505,
        "dilutedAverageSharesOutstanding": 400.7,
        "dilutedEPS": 1.4999,
        "ebit": 752,
        "grossIncome": 1707,
        "interestIncomeExpense": -31,
        "minorityInterest": 0,
        "netIncome": 601,
        "netIncomeAfterTaxes": 601,
        "nonRecurringItems": 0,
        "otherOperatingExpensesTotal": -41,
        "period": "2022-06-30",
        "pretaxIncome": 720,
        "provisionforIncomeTaxes": 119,
        "researchDevelopment": 168,
        "revenue": 5212,
        "sgaExpense": 828,
        "totalOperatingExpense": 955,
        "totalOtherIncomeExpenseNet": -1
      },
      {
        "costOfGoodsSold": 3269,
        "dilutedAverageSharesOutstanding": 401.8,
        "dilutedEPS": 1.324,
        "ebit": 627,
        "grossIncome": 1574,
        "interestIncomeExpense": -32,
        "minorityInterest": -1,
        "netIncome": 532,
        "netIncomeAfterTaxes": 533,
        "nonRecurringItems": 24,
        "otherOperatingExpensesTotal": -8,
        "period": "2022-03-31",
        "pretaxIncome": 619,
        "provisionforIncomeTaxes": 86,
        "researchDevelopment": 165,
        "revenue": 4843,
        "sgaExpense": 790,
        "totalOperatingExpense": 947
      },
      {
        "costOfGoodsSold": 3226,
        "dilutedAverageSharesOutstanding": 402.2,
        "dilutedEPS": 1.37,
        "ebit": 657,
        "grossIncome": 1572,
        "interestIncomeExpense": -32,
        "minorityInterest": 0,
        "netIncome": 551,
        "netIncomeAfterTaxes": 551,
        "nonRecurringItems": 0,
        "otherOperatingExpensesTotal": 2,
        "period": "2021-12-31",
        "pretaxIncome": 625,
        "provisionforIncomeTaxes": 74,
        "researchDevelopment": 162,
        "revenue": 4798,
        "sgaExpense": 751,
        "totalOperatingExpense": 915
      },
      {
        "costOfGoodsSold": 3338,
        "dilutedAverageSharesOutstanding": 401.9,
        "dilutedEPS": 1.5651,
        "ebit": 533,
        "grossIncome": 1585,
        "interestIncomeExpense": -37,
        "minorityInterest": -1,
        "netIncome": 629,
        "netIncomeAfterTaxes": 630,
        "nonRecurringItems": 617,
        "otherOperatingExpensesTotal": 66,
        "period": "2021-09-30",
        "pretaxIncome": 1113,
        "provisionforIncomeTaxes": 483,
        "researchDevelopment": 152,
        "revenue": 4923,
        "sgaExpense": 834,
        "totalOperatingExpense": 1052
      },
      {
        "costOfGoodsSold": 3545,
        "dilutedAverageSharesOutstanding": 401.4,
        "dilutedEPS": 1.2606,
        "ebit": 657,
        "grossIncome": 1670,
        "interestIncomeExpense": -36,
        "minorityInterest": 0,
        "netIncome": 506,
        "netIncomeAfterTaxes": 506,
        "nonRecurringItems": 0,
        "otherOperatingExpensesTotal": -17,
        "period": "2021-06-30",
        "pretaxIncome": 620,
        "provisionforIncomeTaxes": 114,
        "researchDevelopment": 154,
        "revenue": 5215,
        "sgaExpense": 876,
        "totalOperatingExpense": 1013,
        "totalOtherIncomeExpenseNet": -1
      },
      {
        "costOfGoodsSold": 3184,
        "dilutedAverageSharesOutstanding": 400.9,
        "dilutedEPS": 1.14,
        "ebit": 577,
        "grossIncome": 1508,
        "interestIncomeExpense": -39,
        "minorityInterest": -1,
        "netIncome": 458,
        "netIncomeAfterTaxes": 459,
        "nonRecurringItems": 0,
        "otherOperatingExpensesTotal": -12,
        "period": "2021-03-31",
        "pretaxIncome": 538,
        "provisionforIncomeTaxes": 79,
        "researchDevelopment": 148,
        "revenue": 4692,
        "sgaExpense": 795,
        "totalOperatingExpense": 931
      },
      {
        "costOfGoodsSold": 3178,
        "dilutedAverageSharesOutstanding": 401.3,
        "dilutedEPS": 1.18,
        "ebit": 589,
        "grossIncome": 1509,
        "interestIncomeExpense": -36,
        "minorityInterest": -1,
        "netIncome": 475,
        "netIncomeAfterTaxes": 476,
        "nonRecurringItems": 0,
        "otherOperatingExpensesTotal": 15,
        "period": "2020-12-31",
        "pretaxIncome": 553,
        "provisionforIncomeTaxes": 77,
        "researchDevelopment": 140,
        "revenue": 4687,
        "sgaExpense": 765,
        "totalOperatingExpense": 920
      },
      {
        "costOfGoodsSold": 3051,
        "dilutedAverageSharesOutstanding": 402.3,
        "dilutedEPS": 1.11,
        "ebit": 566,
        "grossIncome": 1475,
        "interestIncomeExpense": -41,
        "minorityInterest": -1,
        "netIncome": 446,
        "netIncomeAfterTaxes": 447,
        "nonRecurringItems": 0,
        "otherOperatingExpensesTotal": 23,
        "period": "2020-09-30",
        "pretaxIncome": 525,
        "provisionforIncomeTaxes": 78,
        "researchDevelopment": 132,
        "revenue": 4526,
        "sgaExpense": 754,
        "totalOperatingExpense": 909
      },
      {
        "costOfGoodsSold": 2877,
        "dilutedAverageSharesOutstanding": 401.3,
        "dilutedEPS": 0.13,
        "ebit": 85,
        "grossIncome": 979,
        "interestIncomeExpense": -38,
        "minorityInterest": -3,
        "netIncome": 51,
        "netIncomeAfterTaxes": 54,
        "nonRecurringItems": 0,
        "otherOperatingExpensesTotal": 77,
        "period": "2020-06-30",
        "pretaxIncome": 47,
        "provisionforIncomeTaxes": -7,
        "researchDevelopment": 126,
        "revenue": 3856,
        "sgaExpense": 691,
        "totalOperatingExpense": 894
      },
      {
        "costOfGoodsSold": 3302,
        "dilutedAverageSharesOutstanding": 411.1,
        "dilutedEPS": 1.07,
        "ebit": 434,
        "grossIncome": 1487,
        "interestIncomeExpense": -34,
        "minorityInterest": 0,
        "netIncome": 438,
        "netIncomeAfterTaxes": 438,
        "nonRecurringItems": 221,
        "otherOperatingExpensesTotal": 35,
        "period": "2020-03-31",
        "pretaxIncome": 621,
        "provisionforIncomeTaxes": 183,
        "researchDevelopment": 153,
        "revenue": 4789,
        "sgaExpense": 865,
        "totalOperatingExpense": 1053
      },
      {
        "costOfGoodsSold": 3556,
        "dilutedAverageSharesOutstanding": 415.7,
        "dilutedEPS": 1.09,
        "ebit": 585,
        "grossIncome": 1682,
        "interestIncomeExpense": -53,
        "minorityInterest": -1,
        "netIncome": 452,
        "netIncomeAfterTaxes": 453,
        "nonRecurringItems": 0,
        "otherOperatingExpensesTotal": 71,
        "period": "2019-12-31",
        "pretaxIncome": 532,
        "provisionforIncomeTaxes": 79,
        "researchDevelopment": 152,
        "revenue": 5238,
        "sgaExpense": 874,
        "totalOperatingExpense": 1097
      },
      {
        "costOfGoodsSold": 3512,
        "dilutedAverageSharesOutstanding": 418.4,
        "dilutedEPS": 1.44,
        "ebit": 772,
        "grossIncome": 1802,
        "interestIncomeExpense": -54,
        "minorityInterest": -1,
        "netIncome": 601,
        "netIncomeAfterTaxes": 602,
        "nonRecurringItems": 0,
        "otherOperatingExpensesTotal": -2,
        "period": "2019-09-30",
        "pretaxIncome": 718,
        "provisionforIncomeTaxes": 116,
        "researchDevelopment": 147,
        "revenue": 5314,
        "sgaExpense": 885,
        "totalOperatingExpense": 1030
      },
      {
        "costOfGoodsSold": 3697,
        "dilutedAverageSharesOutstanding": 423.1,
        "dilutedEPS": 1.5,
        "ebit": 801,
        "grossIncome": 1836,
        "interestIncomeExpense": -63,
        "minorityInterest": 0,
        "netIncome": 636,
        "netIncomeAfterTaxes": 636,
        "otherOperatingExpensesTotal": -23,
        "period": "2019-06-30",
        "pretaxIncome": 738,
        "provisionforIncomeTaxes": 102,
        "researchDevelopment": 151,
        "revenue": 5533,
        "sgaExpense": 907,
        "totalOperatingExpense": 1035
      },
      {
        "costOfGoodsSold": 3573,
        "dilutedAverageSharesOutstanding": 425.9,
        "dilutedEPS": 1.23,
        "ebit": 669,
        "grossIncome": 1732,
        "interestIncomeExpense": -66,
        "minorityInterest": 0,
        "netIncome": 522,
        "netIncomeAfterTaxes": 522,
        "otherOperatingExpensesTotal": -10,
        "period": "2019-03-31",
        "pretaxIncome": 603,
        "provisionforIncomeTaxes": 81,
        "researchDevelopment": 156,
        "revenue": 5305,
        "sgaExpense": 917,
        "totalOperatingExpense": 1063
      },
      {
        "costOfGoodsSold": 3670,
        "dilutedAverageSharesOutstanding": 432.4,
        "dilutedEPS": 1.46,
        "ebit": 792,
        "grossIncome": 1789,
        "interestIncomeExpense": -66,
        "minorityInterest": -1,
        "netIncome": 631,
        "netIncomeAfterTaxes": 632,
        "nonRecurringItems": 0,
        "otherOperatingExpensesTotal": -17,
        "period": "2018-12-31",
        "pretaxIncome": 726,
        "provisionforIncomeTaxes": 94,
        "researchDevelopment": 145,
        "revenue": 5459,
        "sgaExpense": 869,
        "totalOperatingExpense": 997
      },
      {
        "costOfGoodsSold": 3597,
        "dilutedAverageSharesOutstanding": 436.3,
        "dilutedEPS": 0.95,
        "ebit": 781,
        "grossIncome": 1815,
        "interestIncomeExpense": -67,
        "minorityInterest": 0,
        "netIncome": 416,
        "netIncomeAfterTaxes": 416,
        "nonRecurringItems": -275,
        "otherOperatingExpensesTotal": 7,
        "period": "2018-09-30",
        "pretaxIncome": 439,
        "provisionforIncomeTaxes": 23,
        "researchDevelopment": 138,
        "revenue": 5412,
        "sgaExpense": 889,
        "totalOperatingExpense": 1034
      },
      {
        "costOfGoodsSold": 3671,
        "dilutedAverageSharesOutstanding": 437.3,
        "dilutedEPS": 1.39,
        "ebit": 762,
        "grossIncome": 1816,
        "interestIncomeExpense": -68,
        "minorityInterest": -1,
        "netIncome": 610,
        "netIncomeAfterTaxes": 611,
        "otherOperatingExpensesTotal": 8,
        "period": "2018-06-30",
        "pretaxIncome": 694,
        "provisionforIncomeTaxes": 83,
        "researchDevelopment": 145,
        "revenue": 5487,
        "sgaExpense": 901,
        "totalOperatingExpense": 1054
      },
      {
        "costOfGoodsSold": 3573,
        "dilutedAverageSharesOutstanding": 441.7,
        "dilutedEPS": 1.1,
        "ebit": 635,
        "grossIncome": 1678,
        "interestIncomeExpense": -70,
        "minorityInterest": 1,
        "netIncome": 488,
        "netIncomeAfterTaxes": 487,
        "otherOperatingExpensesTotal": -2,
        "period": "2018-03-31",
        "pretaxIncome": 565,
        "provisionforIncomeTaxes": 78,
        "researchDevelopment": 156,
        "revenue": 5251,
        "sgaExpense": 889,
        "totalOperatingExpense": 1043
      },
      {
        "costOfGoodsSold": 3527,
        "dilutedAverageSharesOutstanding": 443.1,
        "dilutedEPS": 1.44,
        "ebit": 708,
        "gainLossOnDispositionOfAssets": 0,
        "grossIncome": 1686,
        "interestIncomeExpense": -65,
        "minorityInterest": 0,
        "netIncome": 639,
        "netIncomeAfterTaxes": 577,
        "otherOperatingExpensesTotal": -28,
        "period": "2017-12-31",
        "pretaxIncome": 643,
        "provisionforIncomeTaxes": 66,
        "researchDevelopment": 144,
        "revenue": 5213,
        "sgaExpense": 862,
        "totalOperatingExpense": 978
      },
      {
        "costOfGoodsSold": 3466,
        "dilutedAverageSharesOutstanding": 446.9,
        "dilutedEPS": 3.13,
        "ebit": 1754,
        "grossIncome": 1745,
        "interestIncomeExpense": -60,
        "minorityInterest": 0,
        "netIncome": 1401,
        "netIncomeAfterTaxes": 1401,
        "otherOperatingExpensesTotal": -1058,
        "period": "2017-09-30",
        "pretaxIncome": 1694,
        "provisionforIncomeTaxes": 293,
        "researchDevelopment": 147,
        "revenue": 5211,
        "sgaExpense": 902,
        "totalOperatingExpense": -9
      },
      {
        "costOfGoodsSold": 3445,
        "dilutedAverageSharesOutstanding": 451.9,
        "dilutedEPS": 1.16,
        "ebit": 635,
        "grossIncome": 1687,
        "interestIncomeExpense": -60,
        "minorityInterest": -1,
        "netIncome": 518,
        "netIncomeAfterTaxes": 519,
        "otherOperatingExpensesTotal": 20,
        "period": "2017-06-30",
        "pretaxIncome": 575,
        "provisionforIncomeTaxes": 56,
        "researchDevelopment": 150,
        "revenue": 5132,
        "sgaExpense": 882,
        "totalOperatingExpense": 1052
      },
      {
        "costOfGoodsSold": 3310,
        "dilutedAverageSharesOutstanding": 451,
        "dilutedEPS": 0.96,
        "ebit": 525,
        "grossIncome": 1538,
        "interestIncomeExpense": -61,
        "minorityInterest": 0,
        "netIncome": 432,
        "netIncomeAfterTaxes": 432,
        "otherOperatingExpensesTotal": -15,
        "period": "2017-03-31",
        "pretaxIncome": 464,
        "provisionforIncomeTaxes": 32,
        "researchDevelopment": 143,
        "revenue": 4848,
        "sgaExpense": 885,
        "totalOperatingExpense": 1013
      },
      {
        "costOfGoodsSold": 3328,
        "dilutedAverageSharesOutstanding": 452.3,
        "dilutedEPS": 1.1,
        "ebit": 610,
        "grossIncome": 1539,
        "interestIncomeExpense": -60,
        "minorityInterest": -4,
        "netIncome": 498,
        "netIncomeAfterTaxes": 502,
        "otherOperatingExpensesTotal": -79,
        "period": "2016-12-31",
        "pretaxIncome": 550,
        "provisionforIncomeTaxes": 48,
        "researchDevelopment": 145,
        "revenue": 4867,
        "sgaExpense": 863,
        "totalOperatingExpense": 929
      },
      {
        "costOfGoodsSold": 3371,
        "dilutedAverageSharesOutstanding": 455.6,
        "dilutedEPS": 1.15,
        "ebit": 632,
        "grossIncome": 1616,
        "interestIncomeExpense": -59,
        "minorityInterest": 1,
        "netIncome": 523,
        "netIncomeAfterTaxes": 522,
        "otherOperatingExpensesTotal": -15,
        "period": "2016-09-30",
        "pretaxIncome": 573,
        "provisionforIncomeTaxes": 51,
        "researchDevelopment": 146,
        "revenue": 4987,
        "sgaExpense": 853,
        "totalOperatingExpense": 984
      },
      {
        "costOfGoodsSold": 3419,
        "dilutedAverageSharesOutstanding": 458.3,
        "dilutedEPS": 1.07,
        "ebit": 610,
        "grossIncome": 1661,
        "interestIncomeExpense": -57,
        "minorityInterest": -1,
        "netIncome": 491,
        "netIncomeAfterTaxes": 492,
        "otherOperatingExpensesTotal": 5,
        "period": "2016-06-30",
        "pretaxIncome": 553,
        "provisionforIncomeTaxes": 61,
        "researchDevelopment": 149,
        "revenue": 5080,
        "sgaExpense": 897,
        "totalOperatingExpense": 1051
      },
      {
        "costOfGoodsSold": 3291,
        "dilutedAverageSharesOutstanding": 459.8,
        "dilutedEPS": 0.88,
        "ebit": 499,
        "grossIncome": 1522,
        "interestIncomeExpense": -57,
        "minorityInterest": 1,
        "netIncome": 404,
        "netIncomeAfterTaxes": 403,
        "otherOperatingExpensesTotal": -18,
        "period": "2016-03-31",
        "pretaxIncome": 442,
        "provisionforIncomeTaxes": 39,
        "researchDevelopment": 149,
        "revenue": 4813,
        "sgaExpense": 892,
        "totalOperatingExpense": 1023
      },
      {
        "costOfGoodsSold": 3439,
        "dilutedAverageSharesOutstanding": 462.9,
        "dilutedEPS": 1.13,
        "ebit": 600,
        "grossIncome": 1618,
        "interestIncomeExpense": -57,
        "minorityInterest": -2,
        "netIncome": 525,
        "netIncomeAfterTaxes": 527,
        "otherOperatingExpensesTotal": -8,
        "period": "2015-12-31",
        "pretaxIncome": 543,
        "provisionforIncomeTaxes": 16,
        "researchDevelopment": 153,
        "revenue": 5057,
        "sgaExpense": 873,
        "totalOperatingExpense": 1018
      },
      {
        "costOfGoodsSold": 3597,
        "dilutedAverageSharesOutstanding": 466.4,
        "dilutedEPS": 0.96,
        "ebit": 546,
        "grossIncome": 1606,
        "interestIncomeExpense": -59,
        "minorityInterest": 1,
        "netIncome": 446,
        "netIncomeAfterTaxes": 445,
        "nonRecurringItems": 0,
        "otherOperatingExpensesTotal": -3,
        "period": "2015-09-30",
        "pretaxIncome": 487,
        "provisionforIncomeTaxes": 42,
        "researchDevelopment": 156,
        "revenue": 5203,
        "sgaExpense": 907,
        "totalOperatingExpense": 1060
      }
    ],
    "symbol": "ETN"
  }
}