{
  "symbol": "SNPS",
  "statement": "ic",
  "frequency": "quarterly",
  "timestamp": "2025-09-19T14:07:06.150519",
  "data": {
    "financials": [
      {
        "costOfGoodsSold": 380.564,
        "depreciationAmortization": 28.573,
        "dilutedAverageSharesOutstanding": 161.682,
        "dilutedEPS": 1.4999,
        "ebit": 165.269,
        "gainLossOnDispositionOfAssets": 43.417,
        "grossIncome": 1359.173,
        "interestExpense": 146.502,
        "interestIncomeExpense": -15.064,
        "minorityInterest": 0.232,
        "netIncome": 242.509,
        "netIncomeAfterTaxes": 242.277,
        "otherOperatingExpensesTotal": 13.5,
        "period": "2025-07-31",
        "pretaxIncome": 189.31,
        "provisionforIncomeTaxes": -52.967,
        "researchDevelopment": 625.301,
        "revenue": 1739.737,
        "sgaExpense": 526.53,
        "totalOperatingExpense": 1193.904,
        "totalOtherIncomeExpenseNet": -4.312
      },
      {
        "costOfGoodsSold": 318.347,
        "depreciationAmortization": 3.996,
        "dilutedAverageSharesOutstanding": 156.088,
        "dilutedEPS": 2.21,
        "ebit": 376.426,
        "gainLossOnDispositionOfAssets": 31.279,
        "grossIncome": 1285.919,
        "interestExpense": 94.336,
        "interestIncomeExpense": -7.059,
        "minorityInterest": 0.222,
        "netIncome": 345.332,
        "netIncomeAfterTaxes": 349.01,
        "otherOperatingExpensesTotal": 12.9,
        "period": "2025-04-30",
        "pretaxIncome": 396.191,
        "provisionforIncomeTaxes": 47.181,
        "researchDevelopment": 553.979,
        "revenue": 1604.266,
        "sgaExpense": 338.618,
        "totalOperatingExpense": 909.493,
        "totalOtherIncomeExpenseNet": -4.455
      },
      {
        "costOfGoodsSold": 269.975,
        "depreciationAmortization": 4,
        "dilutedAverageSharesOutstanding": 156.189,
        "dilutedEPS": 1.89,
        "ebit": 251.839,
        "gainLossOnDispositionOfAssets": 19.638,
        "grossIncome": 1185.34,
        "interestExpense": 10.683,
        "interestIncomeExpense": 25.101,
        "minorityInterest": -1.728,
        "netIncome": 295.683,
        "netIncomeAfterTaxes": 297.411,
        "otherOperatingExpensesTotal": 12.5,
        "period": "2025-01-31",
        "pretaxIncome": 291.117,
        "provisionforIncomeTaxes": -6.294,
        "researchDevelopment": 553.216,
        "revenue": 1455.315,
        "sgaExpense": 363.785,
        "totalOperatingExpense": 933.501,
        "totalOtherIncomeExpenseNet": -5.461
      },
      {
        "costOfGoodsSold": 375.023,
        "depreciationAmortization": 4.086,
        "dilutedAverageSharesOutstanding": 156.187,
        "dilutedEPS": 7.13,
        "ebit": 310.802,
        "gainLossOnDispositionOfAssets": 9.17,
        "grossIncome": 1260.963,
        "interestExpense": 15.752,
        "interestIncomeExpense": 13.613,
        "minorityInterest": 18.486,
        "netIncome": 1114.106,
        "netIncomeAfterTaxes": 260.795,
        "nonRecurringItems": 0,
        "otherOperatingExpensesTotal": 12.2,
        "period": "2024-10-31",
        "pretaxIncome": 322.879,
        "provisionforIncomeTaxes": 62.084,
        "researchDevelopment": 554.818,
        "revenue": 1635.986,
        "sgaExpense": 379.057,
        "totalOperatingExpense": 950.161,
        "totalOtherIncomeExpenseNet": -10.706
      },
      {
        "costOfGoodsSold": 290.676,
        "depreciationAmortization": 4.062,
        "dilutedAverageSharesOutstanding": 156.131,
        "dilutedEPS": 2.61,
        "ebit": 360.211,
        "gainLossOnDispositionOfAssets": 25.78,
        "grossIncome": 1235.073,
        "interestExpense": 11.742,
        "interestIncomeExpense": 4.294,
        "minorityInterest": 3.161,
        "netIncome": 408.055,
        "netIncomeAfterTaxes": 422.707,
        "nonRecurringItems": 0,
        "otherOperatingExpensesTotal": 12.6,
        "period": "2024-07-31",
        "pretaxIncome": 391.995,
        "provisionforIncomeTaxes": -30.712,
        "researchDevelopment": 508.872,
        "revenue": 1525.749,
        "sgaExpense": 349.328,
        "totalOperatingExpense": 874.862,
        "totalOtherIncomeExpenseNet": 1.71
      },
      {
        "costOfGoodsSold": 300.397,
        "depreciationAmortization": 4.561,
        "dilutedAverageSharesOutstanding": 155.77,
        "dilutedEPS": 1.87,
        "ebit": 332.072,
        "gainLossOnDispositionOfAssets": 11.051,
        "grossIncome": 1154.315,
        "interestExpense": 7.067,
        "interestIncomeExpense": 4.316,
        "minorityInterest": 3.018,
        "netIncome": 292.107,
        "netIncomeAfterTaxes": 296.093,
        "otherOperatingExpensesTotal": 12.4,
        "period": "2024-04-30",
        "pretaxIncome": 341.53,
        "provisionforIncomeTaxes": 45.437,
        "researchDevelopment": 493.136,
        "revenue": 1454.712,
        "sgaExpense": 312.146,
        "totalOperatingExpense": 822.243,
        "totalOtherIncomeExpenseNet": -5.909
      },
      {
        "costOfGoodsSold": 279.193,
        "depreciationAmortization": 3.529,
        "dilutedAverageSharesOutstanding": 155.334,
        "dilutedEPS": 2.89,
        "ebit": 352.626,
        "gainLossOnDispositionOfAssets": 39.445,
        "grossIncome": 1231.796,
        "interestExpense": 1.324,
        "interestIncomeExpense": 70.268,
        "minorityInterest": 2.905,
        "netIncome": 449.112,
        "netIncomeAfterTaxes": 434.545,
        "otherOperatingExpensesTotal": 11.2,
        "period": "2024-01-31",
        "pretaxIncome": 457.454,
        "provisionforIncomeTaxes": 22.909,
        "researchDevelopment": 525.534,
        "revenue": 1510.989,
        "sgaExpense": 338.907,
        "totalOperatingExpense": 879.17,
        "totalOtherIncomeExpenseNet": -4.885
      },
      {
        "costOfGoodsSold": 286.181,
        "depreciationAmortization": 3.346,
        "dilutedAverageSharesOutstanding": 155.423,
        "dilutedEPS": 2.23,
        "ebit": 422.817,
        "gainLossOnDispositionOfAssets": -23.927,
        "grossIncome": 1181.202,
        "interestExpense": 0.26,
        "interestIncomeExpense": 7.658,
        "minorityInterest": 2.695,
        "netIncome": 349.19,
        "netIncomeAfterTaxes": 343.356,
        "nonRecurringItems": 1.348,
        "otherOperatingExpensesTotal": 11.8,
        "period": "2023-10-31",
        "pretaxIncome": 403.765,
        "provisionforIncomeTaxes": 60.409,
        "researchDevelopment": 465.815,
        "revenue": 1467.383,
        "sgaExpense": 277.424,
        "totalOperatingExpense": 758.385,
        "totalOtherIncomeExpenseNet": -4.131
      },
      {
        "costOfGoodsSold": 260.432,
        "depreciationAmortization": 2.014,
        "dilutedAverageSharesOutstanding": 154.947,
        "dilutedEPS": 2.17,
        "ebit": 321.955,
        "gainLossOnDispositionOfAssets": 21.492,
        "grossIncome": 1093.958,
        "interestExpense": 0.342,
        "interestIncomeExpense": 11.561,
        "minorityInterest": 3.197,
        "netIncome": 336.252,
        "netIncomeAfterTaxes": 332.511,
        "nonRecurringItems": -21.879,
        "otherOperatingExpensesTotal": 14,
        "period": "2023-07-31",
        "pretaxIncome": 325.56,
        "provisionforIncomeTaxes": -6.951,
        "researchDevelopment": 484.47,
        "revenue": 1354.39,
        "sgaExpense": 271.519,
        "totalOperatingExpense": 772.003,
        "totalOtherIncomeExpenseNet": -7.569
      },
      {
        "costOfGoodsSold": 248.241,
        "depreciationAmortization": 1.9,
        "dilutedAverageSharesOutstanding": 154.73,
        "dilutedEPS": 1.78,
        "ebit": 286.797,
        "gainLossOnDispositionOfAssets": 2.791,
        "grossIncome": 1014.503,
        "interestExpense": 0.312,
        "interestIncomeExpense": 5.413,
        "minorityInterest": 2.962,
        "netIncome": 272.91,
        "netIncomeAfterTaxes": 272.64,
        "nonRecurringItems": 5.578,
        "otherOperatingExpensesTotal": 13.5,
        "period": "2023-04-30",
        "pretaxIncome": 296.587,
        "provisionforIncomeTaxes": 23.947,
        "researchDevelopment": 460.463,
        "revenue": 1262.744,
        "sgaExpense": 251.843,
        "totalOperatingExpense": 727.706,
        "totalOtherIncomeExpenseNet": -3.992
      },
      {
        "costOfGoodsSold": 235.989,
        "depreciationAmortization": 2.035,
        "dilutedAverageSharesOutstanding": 154.887,
        "dilutedEPS": 1.74,
        "ebit": 294.761,
        "gainLossOnDispositionOfAssets": 19.84,
        "grossIncome": 997.508,
        "interestExpense": 0.264,
        "interestIncomeExpense": 9.335,
        "minorityInterest": 2.909,
        "netIncome": 271.536,
        "netIncomeAfterTaxes": 266.775,
        "nonRecurringItems": -38.138,
        "otherOperatingExpensesTotal": 12.8,
        "period": "2023-01-31",
        "pretaxIncome": 279.558,
        "provisionforIncomeTaxes": 12.783,
        "researchDevelopment": 439.187,
        "revenue": 1233.497,
        "sgaExpense": 248.725,
        "totalOperatingExpense": 702.747,
        "totalOtherIncomeExpenseNet": -6.24
      },
      {
        "costOfGoodsSold": 117.037,
        "dilutedAverageSharesOutstanding": 156.305,
        "dilutedEPS": 0.98,
        "ebit": 203.213,
        "gainLossOnDispositionOfAssets": -17.515,
        "grossIncome": 701.427,
        "interestExpense": 0.359,
        "interestIncomeExpense": 4.552,
        "minorityInterest": 1.943,
        "netIncome": 153.5,
        "netIncomeAfterTaxes": 137.188,
        "nonRecurringItems": 0.836,
        "otherOperatingExpensesTotal": -11.399,
        "period": "2022-10-31",
        "pretaxIncome": 200.067,
        "provisionforIncomeTaxes": 62.879,
        "researchDevelopment": 371.085,
        "revenue": 818.464,
        "sgaExpense": 138.528,
        "totalOperatingExpense": 498.214,
        "totalOtherIncomeExpenseNet": 8.981
      },
      {
        "costOfGoodsSold": 271.181,
        "depreciationAmortization": 7.124,
        "dilutedAverageSharesOutstanding": 155.806,
        "dilutedEPS": 1.43,
        "ebit": 233.928,
        "gainLossOnDispositionOfAssets": -1.092,
        "grossIncome": 976.585,
        "interestExpense": 0.439,
        "interestIncomeExpense": 1.92,
        "minorityInterest": 2.98,
        "netIncome": 222.626,
        "netIncomeAfterTaxes": 219.646,
        "nonRecurringItems": 0,
        "otherOperatingExpensesTotal": 19.9,
        "period": "2022-07-31",
        "pretaxIncome": 236.354,
        "provisionforIncomeTaxes": 16.708,
        "researchDevelopment": 444.826,
        "revenue": 1247.766,
        "sgaExpense": 270.807,
        "totalOperatingExpense": 742.657,
        "totalOtherIncomeExpenseNet": 1.598
      },
      {
        "costOfGoodsSold": 252.811,
        "depreciationAmortization": 6.912,
        "dilutedAverageSharesOutstanding": 156.167,
        "dilutedEPS": 1.89,
        "ebit": 364.012,
        "gainLossOnDispositionOfAssets": -29.31,
        "grossIncome": 1026.418,
        "interestExpense": 0.4,
        "interestIncomeExpense": 5.735,
        "minorityInterest": 0.889,
        "netIncome": 294.781,
        "netIncomeAfterTaxes": 293.892,
        "nonRecurringItems": -0.311,
        "otherOperatingExpensesTotal": 17.8,
        "period": "2022-04-30",
        "pretaxIncome": 339.788,
        "provisionforIncomeTaxes": 45.896,
        "researchDevelopment": 389.964,
        "revenue": 1279.229,
        "sgaExpense": 247.73,
        "totalOperatingExpense": 662.406,
        "totalOtherIncomeExpenseNet": -0.338
      },
      {
        "costOfGoodsSold": 256.984,
        "depreciationAmortization": 9,
        "dilutedAverageSharesOutstanding": 157.273,
        "dilutedEPS": 1.99,
        "ebit": 358.782,
        "gainLossOnDispositionOfAssets": -19.599,
        "grossIncome": 1013.271,
        "interestExpense": 0.5,
        "interestIncomeExpense": -0.666,
        "minorityInterest": 0.346,
        "netIncome": 313.687,
        "netIncomeAfterTaxes": 313.341,
        "nonRecurringItems": -11.746,
        "otherOperatingExpensesTotal": 16.7,
        "period": "2022-01-31",
        "pretaxIncome": 327.243,
        "provisionforIncomeTaxes": 13.902,
        "researchDevelopment": 383.971,
        "revenue": 1270.255,
        "sgaExpense": 244.818,
        "totalOperatingExpense": 654.489,
        "totalOtherIncomeExpenseNet": 0.472
      },
      {
        "costOfGoodsSold": 234.726,
        "depreciationAmortization": 8.646,
        "dilutedAverageSharesOutstanding": 157.886,
        "dilutedEPS": 1.28,
        "ebit": 208.542,
        "gainLossOnDispositionOfAssets": 8.906,
        "grossIncome": 917.693,
        "interestExpense": 1.064,
        "interestIncomeExpense": -0.026,
        "minorityInterest": 0.31,
        "netIncome": 201.447,
        "netIncomeAfterTaxes": 201.137,
        "nonRecurringItems": -18.254,
        "otherOperatingExpensesTotal": 17.7,
        "period": "2021-10-31",
        "pretaxIncome": 199.078,
        "provisionforIncomeTaxes": -2.059,
        "researchDevelopment": 413.864,
        "revenue": 1152.419,
        "sgaExpense": 268.941,
        "totalOperatingExpense": 709.151,
        "totalOtherIncomeExpenseNet": -0.09
      },
      {
        "costOfGoodsSold": 205.066,
        "depreciationAmortization": 8.57,
        "dilutedAverageSharesOutstanding": 156.907,
        "dilutedEPS": 1.27,
        "ebit": 217.074,
        "gainLossOnDispositionOfAssets": 10.473,
        "grossIncome": 852.064,
        "interestExpense": 0.757,
        "interestIncomeExpense": 2.656,
        "minorityInterest": 0.254,
        "netIncome": 198.646,
        "netIncomeAfterTaxes": 198.392,
        "nonRecurringItems": -15.151,
        "otherOperatingExpensesTotal": 16.5,
        "period": "2021-07-31",
        "pretaxIncome": 213.337,
        "provisionforIncomeTaxes": 14.945,
        "researchDevelopment": 371.146,
        "revenue": 1057.13,
        "sgaExpense": 238.774,
        "totalOperatingExpense": 634.99,
        "totalOtherIncomeExpenseNet": -1.715
      },
      {
        "costOfGoodsSold": 213.986,
        "depreciationAmortization": 8.313,
        "dilutedAverageSharesOutstanding": 157.077,
        "dilutedEPS": 1.24,
        "ebit": 194.231,
        "gainLossOnDispositionOfAssets": 21.358,
        "grossIncome": 810.337,
        "interestExpense": 0.807,
        "interestIncomeExpense": 2.482,
        "minorityInterest": 0.276,
        "netIncome": 195.078,
        "netIncomeAfterTaxes": 194.802,
        "nonRecurringItems": 0,
        "otherOperatingExpensesTotal": 15.5,
        "period": "2021-04-30",
        "pretaxIncome": 215.995,
        "provisionforIncomeTaxes": 21.193,
        "researchDevelopment": 362.345,
        "revenue": 1024.323,
        "sgaExpense": 229.948,
        "totalOperatingExpense": 616.106,
        "totalOtherIncomeExpenseNet": -2.076
      },
      {
        "costOfGoodsSold": 207.999,
        "depreciationAmortization": 8.39,
        "dilutedAverageSharesOutstanding": 157.277,
        "dilutedEPS": 1.03,
        "ebit": 148.348,
        "gainLossOnDispositionOfAssets": 30.866,
        "grossIncome": 762.322,
        "interestExpense": 0.739,
        "interestIncomeExpense": -0.744,
        "minorityInterest": 0.317,
        "netIncome": 162.345,
        "netIncomeAfterTaxes": 162.028,
        "nonRecurringItems": 0,
        "otherOperatingExpensesTotal": 15,
        "period": "2021-01-31",
        "pretaxIncome": 177.104,
        "provisionforIncomeTaxes": 15.076,
        "researchDevelopment": 357.468,
        "revenue": 970.321,
        "sgaExpense": 233.116,
        "totalOperatingExpense": 613.974,
        "totalOtherIncomeExpenseNet": -1.366
      },
      {
        "costOfGoodsSold": 224.549,
        "depreciationAmortization": 9.284,
        "dilutedAverageSharesOutstanding": 157.602,
        "dilutedEPS": 1.25,
        "ebit": 171.545,
        "gainLossOnDispositionOfAssets": 1.303,
        "grossIncome": 800.89,
        "interestExpense": 0.75,
        "interestIncomeExpense": -0.037,
        "minorityInterest": 0.9,
        "netIncome": 197.455,
        "netIncomeAfterTaxes": 196.555,
        "nonRecurringItems": 24.587,
        "period": "2020-10-31",
        "pretaxIncome": 191.566,
        "provisionforIncomeTaxes": -4.989,
        "researchDevelopment": 339.566,
        "revenue": 1025.439,
        "sgaExpense": 280.495,
        "totalOperatingExpense": 629.345,
        "totalOtherIncomeExpenseNet": -5.832
      },
      {
        "costOfGoodsSold": 193.008,
        "depreciationAmortization": 9.931,
        "dilutedAverageSharesOutstanding": 155.973,
        "dilutedEPS": 1.62,
        "ebit": 208.621,
        "gainLossOnDispositionOfAssets": 26.153,
        "grossIncome": 771.126,
        "interestExpense": 0.941,
        "interestIncomeExpense": -0.038,
        "netIncome": 252.911,
        "netIncomeAfterTaxes": 252.911,
        "nonRecurringItems": 1.977,
        "period": "2020-07-31",
        "pretaxIncome": 236.854,
        "provisionforIncomeTaxes": -16.057,
        "researchDevelopment": 322.602,
        "revenue": 964.134,
        "sgaExpense": 229.972,
        "totalOperatingExpense": 562.505,
        "totalOtherIncomeExpenseNet": 0.141
      },
      {
        "costOfGoodsSold": 184.265,
        "depreciationAmortization": 10.25,
        "dilutedAverageSharesOutstanding": 154.379,
        "dilutedEPS": 0.71,
        "ebit": 155.567,
        "gainLossOnDispositionOfAssets": -18.46,
        "grossIncome": 677.062,
        "interestExpense": 1.846,
        "interestIncomeExpense": 2.723,
        "netIncome": 109.92,
        "netIncomeAfterTaxes": 109.92,
        "nonRecurringItems": -29.672,
        "period": "2020-04-30",
        "pretaxIncome": 110.166,
        "provisionforIncomeTaxes": 0.246,
        "researchDevelopment": 302.571,
        "revenue": 861.327,
        "sgaExpense": 208.674,
        "totalOperatingExpense": 521.495,
        "totalOtherIncomeExpenseNet": 0.008
      },
      {
        "costOfGoodsSold": 192.868,
        "depreciationAmortization": 9.364,
        "dilutedAverageSharesOutstanding": 154.504,
        "dilutedEPS": 0.67,
        "ebit": 96.267,
        "gainLossOnDispositionOfAssets": 12.473,
        "grossIncome": 641.513,
        "interestExpense": 1.603,
        "interestIncomeExpense": 0.213,
        "netIncome": 104.061,
        "netIncomeAfterTaxes": 104.061,
        "nonRecurringItems": -8.751,
        "period": "2020-01-31",
        "pretaxIncome": 99.573,
        "provisionforIncomeTaxes": -4.488,
        "researchDevelopment": 314.283,
        "revenue": 834.381,
        "sgaExpense": 221.599,
        "totalOperatingExpense": 545.246,
        "totalOtherIncomeExpenseNet": -0.629
      },
      {
        "costOfGoodsSold": 182.743,
        "depreciationAmortization": 10.08,
        "dilutedAverageSharesOutstanding": 155.183,
        "dilutedEPS": 1.04,
        "ebit": 143.161,
        "gainLossOnDispositionOfAssets": 2.558,
        "grossIncome": 668.338,
        "interestExpense": 1.051,
        "interestIncomeExpense": 1.41,
        "netIncome": 160.714,
        "netIncomeAfterTaxes": 160.714,
        "nonRecurringItems": -13.44,
        "period": "2019-10-31",
        "pretaxIncome": 131.623,
        "provisionforIncomeTaxes": -29.091,
        "researchDevelopment": 290.503,
        "revenue": 851.081,
        "sgaExpense": 224.594,
        "totalOperatingExpense": 525.177,
        "totalOtherIncomeExpenseNet": -2.066
      },
      {
        "costOfGoodsSold": 186.632,
        "depreciationAmortization": 10.111,
        "dilutedAverageSharesOutstanding": 154.6,
        "dilutedEPS": 0.65,
        "ebit": 146.932,
        "gainLossOnDispositionOfAssets": 4.686,
        "grossIncome": 666.338,
        "interestExpense": 2.214,
        "interestIncomeExpense": 2.759,
        "netIncome": 99.929,
        "netIncomeAfterTaxes": 99.929,
        "nonRecurringItems": -19.338,
        "period": "2019-07-31",
        "pretaxIncome": 132.911,
        "provisionforIncomeTaxes": 32.982,
        "researchDevelopment": 284.804,
        "revenue": 852.97,
        "sgaExpense": 224.491,
        "totalOperatingExpense": 519.406,
        "totalOtherIncomeExpenseNet": -2.128
      },
      {
        "costOfGoodsSold": 190.679,
        "depreciationAmortization": 10.316,
        "dilutedAverageSharesOutstanding": 153.904,
        "dilutedEPS": 0.77,
        "ebit": 129.945,
        "gainLossOnDispositionOfAssets": 16.226,
        "grossIncome": 645.563,
        "interestExpense": 3.841,
        "interestIncomeExpense": 5.153,
        "netIncome": 118.21,
        "netIncomeAfterTaxes": 118.21,
        "nonRecurringItems": -14.443,
        "period": "2019-04-30",
        "pretaxIncome": 133.917,
        "provisionforIncomeTaxes": 15.707,
        "researchDevelopment": 290.299,
        "revenue": 836.242,
        "sgaExpense": 215.003,
        "totalOperatingExpense": 515.618,
        "totalOtherIncomeExpenseNet": -2.964
      },
      {
        "costOfGoodsSold": 192.892,
        "depreciationAmortization": 10.784,
        "dilutedAverageSharesOutstanding": 152.661,
        "dilutedEPS": 1.01,
        "ebit": 129.079,
        "gainLossOnDispositionOfAssets": 4.289,
        "grossIncome": 627.509,
        "interestExpense": 4.554,
        "interestIncomeExpense": -5.422,
        "netIncome": 153.514,
        "netIncomeAfterTaxes": 153.514,
        "nonRecurringItems": 18.335,
        "period": "2019-01-31",
        "pretaxIncome": 147.055,
        "provisionforIncomeTaxes": -6.459,
        "researchDevelopment": 271.326,
        "revenue": 820.401,
        "sgaExpense": 216.32,
        "totalOperatingExpense": 498.43,
        "totalOtherIncomeExpenseNet": 0.774
      },
      {
        "costOfGoodsSold": 190.582,
        "depreciationAmortization": 10.704,
        "dilutedAverageSharesOutstanding": 154.218,
        "dilutedEPS": 1.64,
        "ebit": 72.553,
        "gainLossOnDispositionOfAssets": -9.956,
        "grossIncome": 604.5,
        "interestExpense": 4.326,
        "interestIncomeExpense": 1.365,
        "netIncome": 254.328,
        "netIncomeAfterTaxes": 249.328,
        "nonRecurringItems": -11.028,
        "period": "2018-10-31",
        "pretaxIncome": 52.248,
        "provisionforIncomeTaxes": -197.08,
        "researchDevelopment": 290.875,
        "revenue": 795.082,
        "sgaExpense": 230.368,
        "totalOperatingExpense": 531.947,
        "totalOtherIncomeExpenseNet": -0.686
      },
      {
        "costOfGoodsSold": 185.381,
        "depreciationAmortization": 10.651,
        "dilutedAverageSharesOutstanding": 152.614,
        "dilutedEPS": 0.52,
        "ebit": 63.991,
        "gainLossOnDispositionOfAssets": 8.397,
        "grossIncome": 594.333,
        "interestExpense": 4.558,
        "interestIncomeExpense": -0.4,
        "netIncome": 79.409,
        "netIncomeAfterTaxes": 79.409,
        "nonRecurringItems": -0.023,
        "period": "2018-07-31",
        "pretaxIncome": 71.893,
        "provisionforIncomeTaxes": -7.516,
        "researchDevelopment": 277.402,
        "revenue": 779.714,
        "sgaExpense": 242.289,
        "totalOperatingExpense": 530.342,
        "totalOtherIncomeExpenseNet": -0.072
      },
      {
        "costOfGoodsSold": 178.779,
        "depreciationAmortization": 10.736,
        "dilutedAverageSharesOutstanding": 153.167,
        "dilutedEPS": 0.67,
        "ebit": 129.19,
        "gainLossOnDispositionOfAssets": -7.245,
        "grossIncome": 598.057,
        "interestExpense": 3.88,
        "interestIncomeExpense": -0.28,
        "netIncome": 102.472,
        "netIncomeAfterTaxes": 102.472,
        "nonRecurringItems": -2.176,
        "period": "2018-04-30",
        "pretaxIncome": 119.299,
        "provisionforIncomeTaxes": 16.827,
        "researchDevelopment": 252.134,
        "revenue": 776.836,
        "sgaExpense": 205.997,
        "totalOperatingExpense": 468.867,
        "totalOtherIncomeExpenseNet": -0.19
      },
      {
        "costOfGoodsSold": 181.156,
        "depreciationAmortization": 9.539,
        "dilutedAverageSharesOutstanding": 149.441,
        "dilutedEPS": -0.02,
        "ebit": 107.436,
        "gainLossOnDispositionOfAssets": 13.44,
        "grossIncome": 588.27,
        "interestExpense": 2.843,
        "interestIncomeExpense": -3.583,
        "netIncome": -3.691,
        "netIncomeAfterTaxes": 115.309,
        "nonRecurringItems": 0.282,
        "period": "2018-01-31",
        "pretaxIncome": 120.103,
        "provisionforIncomeTaxes": 4.794,
        "researchDevelopment": 264.411,
        "revenue": 769.426,
        "sgaExpense": 206.884,
        "totalOperatingExpense": 480.834,
        "totalOtherIncomeExpenseNet": 2.528
      },
      {
        "costOfGoodsSold": 166.864,
        "depreciationAmortization": 7.808,
        "dilutedAverageSharesOutstanding": 150.448,
        "dilutedEPS": -0.8,
        "ebit": 97.261,
        "gainLossOnDispositionOfAssets": 7.272,
        "grossIncome": 529.78,
        "interestExpense": 1.816,
        "interestIncomeExpense": 0.812,
        "netIncome": -120.082,
        "netIncomeAfterTaxes": -120.082,
        "nonRecurringItems": -5.548,
        "period": "2017-10-31",
        "pretaxIncome": 99.926,
        "provisionforIncomeTaxes": 220.008,
        "researchDevelopment": 244.515,
        "revenue": 696.644,
        "sgaExpense": 180.196,
        "totalOperatingExpense": 432.519,
        "totalOtherIncomeExpenseNet": 0.129
      },
      {
        "costOfGoodsSold": 169.546,
        "depreciationAmortization": 7.906,
        "dilutedAverageSharesOutstanding": 154.683,
        "dilutedEPS": 0.75,
        "ebit": 111.396,
        "gainLossOnDispositionOfAssets": 6.791,
        "grossIncome": 525.835,
        "interestExpense": 2.32,
        "interestIncomeExpense": 0.499,
        "netIncome": 116.751,
        "netIncomeAfterTaxes": 116.751,
        "nonRecurringItems": -6.026,
        "period": "2017-07-31",
        "pretaxIncome": 112.791,
        "provisionforIncomeTaxes": -3.96,
        "researchDevelopment": 228.663,
        "revenue": 695.381,
        "sgaExpense": 177.87,
        "totalOperatingExpense": 414.439,
        "totalOtherIncomeExpenseNet": 0.131
      },
      {
        "costOfGoodsSold": 162.028,
        "depreciationAmortization": 7.864,
        "dilutedAverageSharesOutstanding": 154.861,
        "dilutedEPS": 0.34,
        "ebit": 66.513,
        "gainLossOnDispositionOfAssets": 7.763,
        "grossIncome": 518.041,
        "interestExpense": 1.86,
        "interestIncomeExpense": 0.274,
        "netIncome": 53.306,
        "netIncomeAfterTaxes": 53.306,
        "nonRecurringItems": -12.907,
        "period": "2017-04-30",
        "pretaxIncome": 62.02,
        "provisionforIncomeTaxes": 8.714,
        "researchDevelopment": 223.015,
        "revenue": 680.069,
        "sgaExpense": 220.649,
        "totalOperatingExpense": 451.528,
        "totalOtherIncomeExpenseNet": 0.377
      },
      {
        "costOfGoodsSold": 155.746,
        "depreciationAmortization": 8.036,
        "dilutedAverageSharesOutstanding": 154.433,
        "dilutedEPS": 0.56,
        "ebit": 108.979,
        "gainLossOnDispositionOfAssets": 7.781,
        "grossIncome": 497.04,
        "interestExpense": 1.308,
        "interestIncomeExpense": 3.374,
        "netIncome": 86.588,
        "netIncomeAfterTaxes": 86.588,
        "nonRecurringItems": -12.105,
        "period": "2017-01-31",
        "pretaxIncome": 108.361,
        "provisionforIncomeTaxes": 21.773,
        "researchDevelopment": 212.648,
        "revenue": 652.786,
        "sgaExpense": 167.377,
        "totalOperatingExpense": 388.061,
        "totalOtherIncomeExpenseNet": 0.332
      },
      {
        "costOfGoodsSold": 142.211,
        "depreciationAmortization": 6.493,
        "dilutedAverageSharesOutstanding": 154.997,
        "dilutedEPS": 0.47,
        "ebit": 89.403,
        "gainLossOnDispositionOfAssets": -1.736,
        "grossIncome": 491.508,
        "interestExpense": 1.042,
        "interestIncomeExpense": 0.626,
        "netIncome": 72.697,
        "netIncomeAfterTaxes": 72.697,
        "nonRecurringItems": -6.646,
        "period": "2016-10-31",
        "pretaxIncome": 82.752,
        "provisionforIncomeTaxes": 10.055,
        "researchDevelopment": 221.954,
        "revenue": 633.719,
        "sgaExpense": 173.658,
        "totalOperatingExpense": 402.105,
        "totalOtherIncomeExpenseNet": 1.105
      },
      {
        "costOfGoodsSold": 139.677,
        "depreciationAmortization": 7.055,
        "dilutedAverageSharesOutstanding": 153.89,
        "dilutedEPS": 0.42,
        "ebit": 76.722,
        "gainLossOnDispositionOfAssets": 6.822,
        "grossIncome": 475.527,
        "interestExpense": 1.208,
        "interestIncomeExpense": -0.271,
        "netIncome": 64.718,
        "netIncomeAfterTaxes": 64.718,
        "nonRecurringItems": 0,
        "period": "2016-07-31",
        "pretaxIncome": 85.231,
        "provisionforIncomeTaxes": 20.513,
        "researchDevelopment": 221.874,
        "revenue": 615.204,
        "sgaExpense": 169.876,
        "totalOperatingExpense": 398.805,
        "totalOtherIncomeExpenseNet": 1.958
      },
      {
        "costOfGoodsSold": 131.63,
        "depreciationAmortization": 7.024,
        "dilutedAverageSharesOutstanding": 154.536,
        "dilutedEPS": 0.45,
        "ebit": 87.7,
        "gainLossOnDispositionOfAssets": 8.707,
        "grossIncome": 473.375,
        "interestExpense": 0.848,
        "interestIncomeExpense": -0.742,
        "netIncome": 69.376,
        "netIncomeAfterTaxes": 69.376,
        "nonRecurringItems": -0.894,
        "period": "2016-04-30",
        "pretaxIncome": 97.223,
        "provisionforIncomeTaxes": 27.847,
        "researchDevelopment": 216.172,
        "revenue": 605.005,
        "sgaExpense": 162.479,
        "totalOperatingExpense": 385.675,
        "totalOtherIncomeExpenseNet": 2.452
      },
      {
        "costOfGoodsSold": 129.444,
        "depreciationAmortization": 6.935,
        "dilutedAverageSharesOutstanding": 155.283,
        "dilutedEPS": 0.39,
        "ebit": 73.203,
        "gainLossOnDispositionOfAssets": -9.394,
        "grossIncome": 439.16,
        "interestExpense": 0.673,
        "interestIncomeExpense": 0.487,
        "netIncome": 60.035,
        "netIncomeAfterTaxes": 60.035,
        "nonRecurringItems": -2.093,
        "period": "2016-01-31",
        "pretaxIncome": 64.342,
        "provisionforIncomeTaxes": 4.307,
        "researchDevelopment": 196.705,
        "revenue": 568.604,
        "sgaExpense": 162.317,
        "totalOperatingExpense": 365.957,
        "totalOtherIncomeExpenseNet": 2.139
      },
      {
        "costOfGoodsSold": 139.844,
        "depreciationAmortization": 6.938,
        "dilutedAverageSharesOutstanding": 158.71,
        "dilutedEPS": 0.31,
        "ebit": 57.558,
        "gainLossOnDispositionOfAssets": -3.39,
        "grossIncome": 447.315,
        "interestExpense": 0.757,
        "interestIncomeExpense": 0.834,
        "netIncome": 49.762,
        "netIncomeAfterTaxes": 49.762,
        "nonRecurringItems": 0,
        "period": "2015-10-31",
        "pretaxIncome": 55.918,
        "provisionforIncomeTaxes": 6.156,
        "researchDevelopment": 208.305,
        "revenue": 587.159,
        "sgaExpense": 174.514,
        "totalOperatingExpense": 389.757,
        "totalOtherIncomeExpenseNet": 0.916
      }
    ],
    "symbol": "SNPS"
  }
}