{
  "symbol": "BDX",
  "statement": "ic",
  "frequency": "annual",
  "timestamp": "2025-09-19T13:56:42.178554",
  "data": {
    "financials": [
      {
        "costOfGoodsSold": 11015,
        "dilutedAverageSharesOutstanding": 291.009,
        "dilutedEPS": 5.8589,
        "ebit": 2906,
        "grossIncome": 9163,
        "interestExpense": 528,
        "interestIncomeExpense": -407,
        "netIncome": 1705,
        "netIncomeAfterTaxes": 1705,
        "nonRecurringItems": -483,
        "otherOperatingExpensesTotal": 210,
        "period": "2024-09-30",
        "pretaxIncome": 2005,
        "provisionforIncomeTaxes": 300,
        "researchDevelopment": 1190,
        "revenue": 20178,
        "sgaExpense": 4857,
        "totalOperatingExpense": 6257,
        "totalOtherIncomeExpenseNet": -11,
        "year": 2024
      },
      {
        "costOfGoodsSold": 10549,
        "dilutedAverageSharesOutstanding": 288.392,
        "dilutedEPS": 4.93,
        "ebit": 2823,
        "grossIncome": 8823,
        "interestExpense": 452,
        "interestIncomeExpense": -442,
        "netIncome": 1424,
        "netIncomeAfterTaxes": 1530,
        "nonRecurringItems": -653,
        "otherOperatingExpensesTotal": 44,
        "period": "2023-09-30",
        "pretaxIncome": 1662,
        "provisionforIncomeTaxes": 132,
        "researchDevelopment": 1237,
        "revenue": 19372,
        "sgaExpense": 4719,
        "totalOperatingExpense": 6000,
        "totalOtherIncomeExpenseNet": -66,
        "year": 2023
      },
      {
        "costOfGoodsSold": 10267,
        "dilutedAverageSharesOutstanding": 287,
        "dilutedEPS": 5.88,
        "ebit": 2620,
        "grossIncome": 8603,
        "interestExpense": 398,
        "interestIncomeExpense": -491,
        "netIncome": 1689,
        "netIncomeAfterTaxes": 1635,
        "nonRecurringItems": -329,
        "otherOperatingExpensesTotal": 18,
        "period": "2022-09-30",
        "pretaxIncome": 1783,
        "provisionforIncomeTaxes": 148,
        "researchDevelopment": 1256,
        "revenue": 18870,
        "sgaExpense": 4709,
        "totalOperatingExpense": 5983,
        "totalOtherIncomeExpenseNet": -17,
        "year": 2022
      },
      {
        "costOfGoodsSold": 10444,
        "dilutedAverageSharesOutstanding": 292,
        "dilutedEPS": 6.85,
        "ebit": 2327,
        "grossIncome": 8687,
        "interestExpense": 469,
        "interestIncomeExpense": -373,
        "netIncome": 2002,
        "netIncomeAfterTaxes": 1604,
        "nonRecurringItems": -255,
        "otherOperatingExpensesTotal": 362,
        "period": "2021-09-30",
        "pretaxIncome": 1692,
        "provisionforIncomeTaxes": 88,
        "researchDevelopment": 1279,
        "revenue": 19131,
        "sgaExpense": 4719,
        "totalOperatingExpense": 6360,
        "totalOtherIncomeExpenseNet": -7,
        "year": 2021
      },
      {
        "costOfGoodsSold": 8934,
        "dilutedAverageSharesOutstanding": 282,
        "dilutedEPS": 2.71,
        "ebit": 1553,
        "grossIncome": 7140,
        "interestExpense": 528,
        "interestIncomeExpense": -501,
        "netIncome": 767,
        "netIncomeAfterTaxes": 352,
        "nonRecurringItems": -649,
        "otherOperatingExpensesTotal": 363,
        "period": "2020-09-30",
        "pretaxIncome": 414,
        "provisionforIncomeTaxes": 62,
        "researchDevelopment": 1039,
        "revenue": 16074,
        "sgaExpense": 4185,
        "totalOperatingExpense": 5587,
        "totalOtherIncomeExpenseNet": 11,
        "year": 2020
      },
      {
        "costOfGoodsSold": 9002,
        "dilutedAverageSharesOutstanding": 275,
        "dilutedEPS": 3.93,
        "ebit": 2190,
        "grossIncome": 8288,
        "interestExpense": 639,
        "interestIncomeExpense": -626,
        "netIncome": 1082,
        "netIncomeAfterTaxes": 1183,
        "nonRecurringItems": -454,
        "otherOperatingExpensesTotal": 654,
        "period": "2019-09-30",
        "pretaxIncome": 1176,
        "provisionforIncomeTaxes": -7,
        "researchDevelopment": 1062,
        "revenue": 17290,
        "sgaExpense": 4382,
        "totalOperatingExpense": 6098,
        "totalOtherIncomeExpenseNet": 66,
        "year": 2019
      },
      {
        "costOfGoodsSold": 8714,
        "dilutedAverageSharesOutstanding": 265,
        "dilutedEPS": 0.6,
        "ebit": 2119,
        "grossIncome": 7269,
        "interestExpense": 706,
        "interestIncomeExpense": -359,
        "netIncome": 159,
        "netIncomeAfterTaxes": 951,
        "nonRecurringItems": -626,
        "otherOperatingExpensesTotal": 0,
        "period": "2018-09-30",
        "pretaxIncome": 1173,
        "provisionforIncomeTaxes": 222,
        "researchDevelopment": 1004,
        "revenue": 15983,
        "sgaExpense": 4146,
        "totalOperatingExpense": 5150,
        "totalOtherIncomeExpenseNet": 39,
        "year": 2018
      },
      {
        "costOfGoodsSold": 6128,
        "dilutedAverageSharesOutstanding": 224,
        "dilutedEPS": 4.61,
        "ebit": 1866,
        "grossIncome": 5965,
        "interestExpense": 521,
        "interestIncomeExpense": -432,
        "netIncome": 1030,
        "netIncomeAfterTaxes": 1100,
        "nonRecurringItems": -417,
        "otherOperatingExpensesTotal": 410,
        "period": "2017-09-30",
        "pretaxIncome": 976,
        "provisionforIncomeTaxes": -124,
        "researchDevelopment": 770,
        "revenue": 12093,
        "sgaExpense": 2919,
        "totalOperatingExpense": 4099,
        "totalOtherIncomeExpenseNet": -41,
        "year": 2017
      },
      {
        "costOfGoodsSold": 6492,
        "dilutedAverageSharesOutstanding": 218,
        "dilutedEPS": 4.49,
        "ebit": 2119,
        "grossIncome": 5991,
        "interestExpense": 388,
        "interestIncomeExpense": -370,
        "netIncome": 976,
        "netIncomeAfterTaxes": 977,
        "nonRecurringItems": -689,
        "period": "2016-09-30",
        "pretaxIncome": 1074,
        "provisionforIncomeTaxes": 97,
        "researchDevelopment": 828,
        "revenue": 12483,
        "sgaExpense": 3044,
        "totalOperatingExpense": 3872,
        "totalOtherIncomeExpenseNet": 14,
        "year": 2016
      },
      {
        "costOfGoodsSold": 5587,
        "dilutedAverageSharesOutstanding": 208,
        "dilutedEPS": 3.35,
        "ebit": 1456,
        "grossIncome": 4695,
        "interestExpense": 371,
        "interestIncomeExpense": -405,
        "netIncome": 695,
        "netIncomeAfterTaxes": 695,
        "nonRecurringItems": -382,
        "period": "2015-09-30",
        "pretaxIncome": 739,
        "provisionforIncomeTaxes": 44,
        "researchDevelopment": 632,
        "revenue": 10282,
        "sgaExpense": 2607,
        "totalOperatingExpense": 3239,
        "totalOtherIncomeExpenseNet": 70,
        "year": 2015
      }
    ],
    "symbol": "BDX"
  }
}