{
  "symbol": "KMI",
  "statement": "ic",
  "frequency": "quarterly",
  "timestamp": "2025-09-19T14:02:49.967445",
  "data": {
    "financials": [
      {
        "costOfGoodsSold": 1984,
        "depreciationAmortization": 616,
        "dilutedAverageSharesOutstanding": 2222,
        "dilutedEPS": 0.32,
        "ebit": 1152,
        "grossIncome": 2058,
        "interestIncomeExpense": -246,
        "minorityInterest": -27,
        "netIncome": 715,
        "netIncomeAfterTaxes": 742,
        "otherOperatingExpensesTotal": -9,
        "period": "2025-06-30",
        "pretaxIncome": 919,
        "provisionforIncomeTaxes": 177,
        "revenue": 4042,
        "sgaExpense": 299,
        "totalOperatingExpense": 906,
        "totalOtherIncomeExpenseNet": 13
      },
      {
        "costOfGoodsSold": 2187,
        "depreciationAmortization": 610,
        "dilutedAverageSharesOutstanding": 2222,
        "dilutedEPS": 0.32,
        "ebit": 1145,
        "grossIncome": 2054,
        "interestIncomeExpense": -231,
        "minorityInterest": -26,
        "netIncome": 713,
        "netIncomeAfterTaxes": 743,
        "otherOperatingExpensesTotal": 0,
        "period": "2025-03-31",
        "pretaxIncome": 929,
        "provisionforIncomeTaxes": 186,
        "revenue": 4241,
        "sgaExpense": 299,
        "totalOperatingExpense": 909,
        "totalOtherIncomeExpenseNet": 15
      },
      {
        "costOfGoodsSold": 2000,
        "depreciationAmortization": 596,
        "dilutedAverageSharesOutstanding": 2220,
        "dilutedEPS": 0.3,
        "ebit": 1184,
        "grossIncome": 1987,
        "interestIncomeExpense": -213,
        "minorityInterest": -27,
        "netIncome": 663,
        "netIncomeAfterTaxes": 694,
        "nonRecurringItems": -77,
        "otherOperatingExpensesTotal": -81,
        "period": "2024-12-31",
        "pretaxIncome": 891,
        "provisionforIncomeTaxes": 197,
        "revenue": 3987,
        "sgaExpense": 288,
        "totalOperatingExpense": 803,
        "totalOtherIncomeExpenseNet": -3
      },
      {
        "costOfGoodsSold": 1814,
        "depreciationAmortization": 587,
        "dilutedAverageSharesOutstanding": 2221,
        "dilutedEPS": 0.28,
        "ebit": 1016,
        "grossIncome": 1885,
        "interestIncomeExpense": -255,
        "minorityInterest": -26,
        "netIncome": 621,
        "netIncomeAfterTaxes": 651,
        "nonRecurringItems": -1,
        "otherOperatingExpensesTotal": -1,
        "period": "2024-09-30",
        "pretaxIncome": 764,
        "provisionforIncomeTaxes": 113,
        "revenue": 3699,
        "sgaExpense": 283,
        "totalOperatingExpense": 869,
        "totalOtherIncomeExpenseNet": 4
      },
      {
        "costOfGoodsSold": 1708,
        "depreciationAmortization": 584,
        "dilutedAverageSharesOutstanding": 2219,
        "dilutedEPS": 0.26,
        "ebit": 993,
        "grossIncome": 1864,
        "interestIncomeExpense": -297,
        "minorityInterest": -27,
        "netIncome": 572,
        "netIncomeAfterTaxes": 602,
        "nonRecurringItems": 86,
        "otherOperatingExpensesTotal": -1,
        "period": "2024-06-30",
        "pretaxIncome": 770,
        "provisionforIncomeTaxes": 168,
        "revenue": 3572,
        "sgaExpense": 288,
        "totalOperatingExpense": 871,
        "totalOtherIncomeExpenseNet": -12
      },
      {
        "costOfGoodsSold": 1787,
        "depreciationAmortization": 587,
        "dilutedAverageSharesOutstanding": 2220,
        "dilutedEPS": 0.33,
        "ebit": 1191,
        "grossIncome": 2055,
        "interestIncomeExpense": -258,
        "minorityInterest": -27,
        "netIncome": 742,
        "netIncomeAfterTaxes": 773,
        "nonRecurringItems": 61,
        "otherOperatingExpensesTotal": -9,
        "period": "2024-03-31",
        "pretaxIncome": 982,
        "provisionforIncomeTaxes": 209,
        "revenue": 3842,
        "sgaExpense": 286,
        "totalOperatingExpense": 864,
        "totalOtherIncomeExpenseNet": -12
      },
      {
        "costOfGoodsSold": 2092,
        "depreciationAmortization": 567,
        "dilutedAverageSharesOutstanding": 2222,
        "dilutedEPS": 0.27,
        "ebit": 1102,
        "grossIncome": 1946,
        "interestIncomeExpense": -221,
        "minorityInterest": -24,
        "netIncome": 591,
        "netIncomeAfterTaxes": 618,
        "nonRecurringItems": -1,
        "otherOperatingExpensesTotal": 4,
        "period": "2023-12-31",
        "pretaxIncome": 824,
        "provisionforIncomeTaxes": 206,
        "revenue": 4038,
        "sgaExpense": 273,
        "totalOperatingExpense": 844,
        "totalOtherIncomeExpenseNet": -56
      },
      {
        "costOfGoodsSold": 2143,
        "depreciationAmortization": 561,
        "dilutedAverageSharesOutstanding": 2230,
        "dilutedEPS": 0.24,
        "ebit": 935,
        "grossIncome": 1764,
        "interestIncomeExpense": -223,
        "minorityInterest": -23,
        "netIncome": 528,
        "netIncomeAfterTaxes": 555,
        "nonRecurringItems": 3,
        "otherOperatingExpensesTotal": 0,
        "period": "2023-09-30",
        "pretaxIncome": 700,
        "provisionforIncomeTaxes": 145,
        "revenue": 3907,
        "sgaExpense": 268,
        "totalOperatingExpense": 829,
        "totalOtherIncomeExpenseNet": -15
      },
      {
        "costOfGoodsSold": 1656,
        "depreciationAmortization": 557,
        "dilutedAverageSharesOutstanding": 2237,
        "dilutedEPS": 0.26,
        "ebit": 1017,
        "grossIncome": 1845,
        "interestIncomeExpense": -235,
        "minorityInterest": -24,
        "netIncome": 582,
        "netIncomeAfterTaxes": 610,
        "nonRecurringItems": 13,
        "otherOperatingExpensesTotal": -1,
        "period": "2023-06-30",
        "pretaxIncome": 778,
        "provisionforIncomeTaxes": 168,
        "revenue": 3501,
        "sgaExpense": 272,
        "totalOperatingExpense": 828,
        "totalOtherIncomeExpenseNet": -17
      },
      {
        "costOfGoodsSold": 1854,
        "depreciationAmortization": 565,
        "dilutedAverageSharesOutstanding": 2247,
        "dilutedEPS": 0.3,
        "ebit": 1194,
        "grossIncome": 2034,
        "interestIncomeExpense": -213,
        "minorityInterest": -24,
        "netIncome": 675,
        "netIncomeAfterTaxes": 703,
        "nonRecurringItems": -67,
        "otherOperatingExpensesTotal": -1,
        "period": "2023-03-31",
        "pretaxIncome": 899,
        "provisionforIncomeTaxes": 196,
        "revenue": 3888,
        "sgaExpense": 276,
        "totalOperatingExpense": 840,
        "totalOtherIncomeExpenseNet": -15
      },
      {
        "costOfGoodsSold": 2656,
        "depreciationAmortization": 554,
        "dilutedAverageSharesOutstanding": 2246,
        "dilutedEPS": 0.3,
        "ebit": 1102,
        "grossIncome": 1923,
        "interestIncomeExpense": -187,
        "minorityInterest": -23,
        "netIncome": 666,
        "netIncomeAfterTaxes": 693,
        "nonRecurringItems": 2,
        "otherOperatingExpensesTotal": -1,
        "period": "2022-12-31",
        "pretaxIncome": 891,
        "provisionforIncomeTaxes": 198,
        "revenue": 4579,
        "sgaExpense": 268,
        "totalOperatingExpense": 821,
        "totalOtherIncomeExpenseNet": -26
      },
      {
        "costOfGoodsSold": 3429,
        "depreciationAmortization": 551,
        "dilutedAverageSharesOutstanding": 2253,
        "dilutedEPS": 0.25,
        "ebit": 922,
        "grossIncome": 1748,
        "interestIncomeExpense": -204,
        "minorityInterest": -19,
        "netIncome": 572,
        "netIncomeAfterTaxes": 595,
        "nonRecurringItems": 9,
        "otherOperatingExpensesTotal": 0,
        "period": "2022-09-30",
        "pretaxIncome": 729,
        "provisionforIncomeTaxes": 134,
        "revenue": 5177,
        "sgaExpense": 275,
        "totalOperatingExpense": 826,
        "totalOtherIncomeExpenseNet": 2
      },
      {
        "costOfGoodsSold": 3346,
        "depreciationAmortization": 543,
        "dilutedAverageSharesOutstanding": 2265,
        "dilutedEPS": 0.28,
        "ebit": 995,
        "grossIncome": 1805,
        "interestIncomeExpense": -173,
        "minorityInterest": -18,
        "netIncome": 633,
        "netIncomeAfterTaxes": 653,
        "nonRecurringItems": 11,
        "otherOperatingExpensesTotal": -1,
        "period": "2022-06-30",
        "pretaxIncome": 837,
        "provisionforIncomeTaxes": 184,
        "revenue": 5151,
        "sgaExpense": 268,
        "totalOperatingExpense": 810,
        "totalOtherIncomeExpenseNet": 4
      },
      {
        "costOfGoodsSold": 2479,
        "depreciationAmortization": 538,
        "dilutedAverageSharesOutstanding": 2267,
        "dilutedEPS": 0.29,
        "ebit": 1014,
        "grossIncome": 1814,
        "interestIncomeExpense": -146,
        "minorityInterest": -17,
        "netIncome": 663,
        "netIncomeAfterTaxes": 684,
        "nonRecurringItems": 10,
        "otherOperatingExpensesTotal": -5,
        "period": "2022-03-31",
        "pretaxIncome": 878,
        "provisionforIncomeTaxes": 194,
        "revenue": 4293,
        "sgaExpense": 267,
        "totalOperatingExpense": 800,
        "totalOtherIncomeExpenseNet": 0
      },
      {
        "costOfGoodsSold": 2647,
        "depreciationAmortization": 540,
        "dilutedAverageSharesOutstanding": 2269,
        "dilutedEPS": 0.28,
        "ebit": 972,
        "grossIncome": 1778,
        "interestIncomeExpense": -171,
        "minorityInterest": -17,
        "netIncome": 633,
        "netIncomeAfterTaxes": 654,
        "nonRecurringItems": -22,
        "otherOperatingExpensesTotal": -1,
        "period": "2021-12-31",
        "pretaxIncome": 775,
        "provisionforIncomeTaxes": 121,
        "revenue": 4425,
        "sgaExpense": 267,
        "totalOperatingExpense": 806,
        "totalOtherIncomeExpenseNet": -4
      },
      {
        "costOfGoodsSold": 2173,
        "depreciationAmortization": 526,
        "dilutedAverageSharesOutstanding": 2267,
        "dilutedEPS": 0.22,
        "ebit": 848,
        "grossIncome": 1651,
        "interestIncomeExpense": -199,
        "minorityInterest": -16,
        "netIncome": 491,
        "netIncomeAfterTaxes": 511,
        "nonRecurringItems": -4,
        "otherOperatingExpensesTotal": -3,
        "period": "2021-09-30",
        "pretaxIncome": 645,
        "provisionforIncomeTaxes": 134,
        "revenue": 3824,
        "sgaExpense": 280,
        "totalOperatingExpense": 803,
        "totalOtherIncomeExpenseNet": 0
      },
      {
        "costOfGoodsSold": 1518,
        "depreciationAmortization": 528,
        "dilutedAverageSharesOutstanding": 2265,
        "dilutedEPS": -0.34,
        "ebit": 838,
        "grossIncome": 1632,
        "interestIncomeExpense": -220,
        "minorityInterest": -17,
        "netIncome": -760,
        "netIncomeAfterTaxes": -740,
        "nonRecurringItems": -1602,
        "otherOperatingExpensesTotal": -2,
        "period": "2021-06-30",
        "pretaxIncome": -977,
        "provisionforIncomeTaxes": -237,
        "revenue": 3150,
        "sgaExpense": 268,
        "totalOperatingExpense": 794,
        "totalOtherIncomeExpenseNet": 7
      },
      {
        "costOfGoodsSold": 2523,
        "depreciationAmortization": 541,
        "dilutedAverageSharesOutstanding": 2264,
        "dilutedEPS": 0.62,
        "ebit": 1676,
        "grossIncome": 2688,
        "interestIncomeExpense": -311,
        "minorityInterest": -16,
        "netIncome": 1402,
        "netIncomeAfterTaxes": 1425,
        "nonRecurringItems": 210,
        "otherOperatingExpensesTotal": 205,
        "period": "2021-03-31",
        "pretaxIncome": 1776,
        "provisionforIncomeTaxes": 351,
        "revenue": 5211,
        "sgaExpense": 266,
        "totalOperatingExpense": 1012,
        "totalOtherIncomeExpenseNet": 201
      },
      {
        "costOfGoodsSold": 1392,
        "depreciationAmortization": 528,
        "dilutedAverageSharesOutstanding": 2263,
        "dilutedEPS": 0.27,
        "ebit": 925,
        "grossIncome": 1723,
        "interestExpense": 382,
        "interestIncomeExpense": -163,
        "minorityInterest": -16,
        "netIncome": 603,
        "netIncomeAfterTaxes": 623,
        "nonRecurringItems": 55,
        "otherOperatingExpensesTotal": 0,
        "period": "2020-12-31",
        "pretaxIncome": 800,
        "provisionforIncomeTaxes": 177,
        "revenue": 3115,
        "sgaExpense": 270,
        "totalOperatingExpense": 798,
        "totalOtherIncomeExpenseNet": -17
      },
      {
        "costOfGoodsSold": 1310,
        "depreciationAmortization": 539,
        "dilutedAverageSharesOutstanding": 2263,
        "dilutedEPS": 0.2,
        "ebit": 818,
        "grossIncome": 1609,
        "interestExpense": 383,
        "interestIncomeExpense": -177,
        "minorityInterest": -17,
        "netIncome": 452,
        "netIncomeAfterTaxes": 472,
        "nonRecurringItems": -11,
        "otherOperatingExpensesTotal": -1,
        "period": "2020-09-30",
        "pretaxIncome": 612,
        "provisionforIncomeTaxes": 140,
        "revenue": 2919,
        "sgaExpense": 253,
        "totalOperatingExpense": 791,
        "totalOtherIncomeExpenseNet": -18
      },
      {
        "costOfGoodsSold": 1049,
        "depreciationAmortization": 532,
        "dilutedAverageSharesOutstanding": 2261,
        "dilutedEPS": -0.28,
        "ebit": 721,
        "grossIncome": 1511,
        "interestExpense": 393,
        "interestIncomeExpense": -217,
        "minorityInterest": -13,
        "netIncome": -640,
        "netIncomeAfterTaxes": -624,
        "nonRecurringItems": -1005,
        "otherOperatingExpensesTotal": 0,
        "period": "2020-06-30",
        "pretaxIncome": -520,
        "provisionforIncomeTaxes": 104,
        "revenue": 2560,
        "sgaExpense": 258,
        "totalOperatingExpense": 790,
        "totalOtherIncomeExpenseNet": -19
      },
      {
        "costOfGoodsSold": 1287,
        "depreciationAmortization": 565,
        "dilutedAverageSharesOutstanding": 2264,
        "dilutedEPS": -0.14,
        "ebit": 1010,
        "grossIncome": 1819,
        "interestExpense": 429,
        "interestIncomeExpense": -240,
        "minorityInterest": -15,
        "netIncome": -309,
        "netIncomeAfterTaxes": -291,
        "nonRecurringItems": -971,
        "otherOperatingExpensesTotal": -1,
        "period": "2020-03-31",
        "pretaxIncome": -231,
        "provisionforIncomeTaxes": 60,
        "revenue": 3106,
        "sgaExpense": 245,
        "totalOperatingExpense": 809,
        "totalOtherIncomeExpenseNet": -30
      },
      {
        "costOfGoodsSold": 1458,
        "depreciationAmortization": 661,
        "dilutedAverageSharesOutstanding": 2267,
        "dilutedEPS": 0.27,
        "ebit": 999,
        "grossIncome": 1894,
        "interestExpense": 442,
        "interestIncomeExpense": -864,
        "minorityInterest": -17,
        "netIncome": 607,
        "netIncomeAfterTaxes": 627,
        "nonRecurringItems": 929,
        "otherOperatingExpensesTotal": -2,
        "period": "2019-12-31",
        "pretaxIncome": 1082,
        "provisionforIncomeTaxes": 455,
        "revenue": 3352,
        "sgaExpense": 236,
        "totalOperatingExpense": 895,
        "totalOtherIncomeExpenseNet": 18
      },
      {
        "costOfGoodsSold": 1433,
        "depreciationAmortization": 578,
        "dilutedAverageSharesOutstanding": 2264,
        "dilutedEPS": 0.22,
        "ebit": 945,
        "grossIncome": 1781,
        "interestExpense": 447,
        "interestIncomeExpense": -271,
        "minorityInterest": -11,
        "netIncome": 503,
        "netIncomeAfterTaxes": 517,
        "nonRecurringItems": 3,
        "otherOperatingExpensesTotal": 1,
        "period": "2019-09-30",
        "pretaxIncome": 668,
        "provisionforIncomeTaxes": 151,
        "revenue": 3214,
        "sgaExpense": 257,
        "totalOperatingExpense": 836,
        "totalOtherIncomeExpenseNet": -9
      },
      {
        "costOfGoodsSold": 1413,
        "depreciationAmortization": 579,
        "dilutedAverageSharesOutstanding": 2262,
        "dilutedEPS": 0.23,
        "ebit": 973,
        "grossIncome": 1801,
        "interestExpense": 452,
        "interestIncomeExpense": -301,
        "minorityInterest": -10,
        "netIncome": 515,
        "netIncomeAfterTaxes": 528,
        "nonRecurringItems": 10,
        "otherOperatingExpensesTotal": -2,
        "period": "2019-06-30",
        "pretaxIncome": 676,
        "provisionforIncomeTaxes": 148,
        "revenue": 3214,
        "sgaExpense": 251,
        "totalOperatingExpense": 828,
        "totalOtherIncomeExpenseNet": -6
      },
      {
        "costOfGoodsSold": 1545,
        "depreciationAmortization": 593,
        "dilutedAverageSharesOutstanding": 2262,
        "dilutedEPS": 0.24,
        "ebit": 1019,
        "grossIncome": 1884,
        "interestExpense": 460,
        "interestIncomeExpense": -269,
        "minorityInterest": -11,
        "netIncome": 553,
        "netIncomeAfterTaxes": 567,
        "period": "2019-03-31",
        "pretaxIncome": 739,
        "provisionforIncomeTaxes": 172,
        "revenue": 3429,
        "sgaExpense": 272,
        "totalOperatingExpense": 865,
        "totalOtherIncomeExpenseNet": -11
      },
      {
        "costOfGoodsSold": 1839,
        "depreciationAmortization": 587,
        "dilutedAverageSharesOutstanding": 2249,
        "dilutedEPS": 0.21,
        "ebit": 1160,
        "grossIncome": 1942,
        "interestExpense": 461,
        "interestIncomeExpense": -282,
        "minorityInterest": -8,
        "netIncome": 480,
        "netIncomeAfterTaxes": 502,
        "nonRecurringItems": -102,
        "otherOperatingExpensesTotal": -1,
        "period": "2018-12-31",
        "pretaxIncome": 775,
        "provisionforIncomeTaxes": 273,
        "revenue": 3781,
        "sgaExpense": 196,
        "totalOperatingExpense": 782,
        "totalOtherIncomeExpenseNet": -1
      },
      {
        "costOfGoodsSold": 1781,
        "depreciationAmortization": 569,
        "dilutedAverageSharesOutstanding": 2205,
        "dilutedEPS": 0.31,
        "ebit": 927,
        "grossIncome": 1736,
        "interestExpense": 473,
        "interestIncomeExpense": -313,
        "minorityInterest": -273,
        "netIncome": 689,
        "netIncomeAfterTaxes": 1005,
        "nonRecurringItems": 588,
        "otherOperatingExpensesTotal": 0,
        "period": "2018-09-30",
        "pretaxIncome": 1201,
        "provisionforIncomeTaxes": 196,
        "revenue": 3517,
        "sgaExpense": 240,
        "totalOperatingExpense": 809,
        "totalOtherIncomeExpenseNet": -1
      },
      {
        "costOfGoodsSold": 1685,
        "depreciationAmortization": 571,
        "dilutedAverageSharesOutstanding": 2204,
        "dilutedEPS": -0.08,
        "ebit": 925,
        "grossIncome": 1743,
        "interestExpense": 516,
        "interestIncomeExpense": -188,
        "minorityInterest": -11,
        "netIncome": -182,
        "netIncomeAfterTaxes": -130,
        "nonRecurringItems": -923,
        "otherOperatingExpensesTotal": -2,
        "period": "2018-06-30",
        "pretaxIncome": -176,
        "provisionforIncomeTaxes": -46,
        "revenue": 3428,
        "sgaExpense": 249,
        "totalOperatingExpense": 818,
        "totalOtherIncomeExpenseNet": 10
      },
      {
        "costOfGoodsSold": 1638,
        "depreciationAmortization": 570,
        "dilutedAverageSharesOutstanding": 2207,
        "dilutedEPS": 0.22,
        "ebit": 949,
        "grossIncome": 1780,
        "interestExpense": 467,
        "interestIncomeExpense": -247,
        "minorityInterest": -18,
        "netIncome": 483,
        "netIncomeAfterTaxes": 542,
        "otherOperatingExpensesTotal": 0,
        "period": "2018-03-31",
        "pretaxIncome": 706,
        "provisionforIncomeTaxes": 164,
        "revenue": 3418,
        "sgaExpense": 261,
        "totalOperatingExpense": 831,
        "totalOtherIncomeExpenseNet": 4
      },
      {
        "costOfGoodsSold": 1981,
        "depreciationAmortization": 564,
        "dilutedAverageSharesOutstanding": 2230,
        "dilutedEPS": -0.46,
        "ebit": 808,
        "grossIncome": 1651,
        "interestExpense": 445,
        "interestIncomeExpense": -344,
        "minorityInterest": -14,
        "netIncome": -1045,
        "netIncomeAfterTaxes": -2232,
        "nonRecurringItems": -150,
        "otherOperatingExpensesTotal": -1,
        "period": "2017-12-31",
        "pretaxIncome": 324,
        "provisionforIncomeTaxes": 2556,
        "revenue": 3632,
        "sgaExpense": 280,
        "totalOperatingExpense": 843,
        "totalOtherIncomeExpenseNet": 10
      },
      {
        "costOfGoodsSold": 1616,
        "depreciationAmortization": 562,
        "dilutedAverageSharesOutstanding": 2231,
        "dilutedEPS": 0.15,
        "ebit": 833,
        "grossIncome": 1665,
        "interestExpense": 459,
        "interestIncomeExpense": -292,
        "minorityInterest": -14,
        "netIncome": 334,
        "netIncomeAfterTaxes": 387,
        "nonRecurringItems": -7,
        "otherOperatingExpensesTotal": 0,
        "period": "2017-09-30",
        "pretaxIncome": 547,
        "provisionforIncomeTaxes": 160,
        "revenue": 3281,
        "sgaExpense": 270,
        "totalOperatingExpense": 832,
        "totalOtherIncomeExpenseNet": 13
      },
      {
        "costOfGoodsSold": 1626,
        "depreciationAmortization": 577,
        "dilutedAverageSharesOutstanding": 2230,
        "dilutedEPS": 0.15,
        "ebit": 922,
        "grossIncome": 1742,
        "interestExpense": 463,
        "interestIncomeExpense": -328,
        "minorityInterest": -7,
        "netIncome": 337,
        "netIncomeAfterTaxes": 383,
        "nonRecurringItems": 0,
        "otherOperatingExpensesTotal": -1,
        "period": "2017-06-30",
        "pretaxIncome": 599,
        "provisionforIncomeTaxes": 216,
        "revenue": 3368,
        "sgaExpense": 244,
        "totalOperatingExpense": 820,
        "totalOtherIncomeExpenseNet": 5
      },
      {
        "costOfGoodsSold": 1594,
        "depreciationAmortization": 558,
        "dilutedAverageSharesOutstanding": 2230,
        "dilutedEPS": 0.18,
        "ebit": 986,
        "grossIncome": 1830,
        "interestExpense": 465,
        "interestIncomeExpense": -290,
        "minorityInterest": -5,
        "netIncome": 401,
        "netIncomeAfterTaxes": 445,
        "nonRecurringItems": -6,
        "otherOperatingExpensesTotal": 1,
        "period": "2017-03-31",
        "pretaxIncome": 691,
        "provisionforIncomeTaxes": 246,
        "revenue": 3424,
        "sgaExpense": 285,
        "totalOperatingExpense": 844,
        "totalOtherIncomeExpenseNet": 1
      },
      {
        "costOfGoodsSold": 1603,
        "depreciationAmortization": 557,
        "dilutedAverageSharesOutstanding": 2233,
        "dilutedEPS": 0.08,
        "ebit": 1014,
        "grossIncome": 1786,
        "interestExpense": 280,
        "interestIncomeExpense": -268,
        "minorityInterest": -6,
        "netIncome": 170,
        "netIncomeAfterTaxes": 215,
        "nonRecurringItems": -346,
        "otherOperatingExpensesTotal": -1,
        "period": "2016-12-31",
        "pretaxIncome": 388,
        "provisionforIncomeTaxes": 173,
        "revenue": 3389,
        "sgaExpense": 216,
        "totalOperatingExpense": 772,
        "totalOtherIncomeExpenseNet": -12
      },
      {
        "costOfGoodsSold": 1547,
        "depreciationAmortization": 549,
        "dilutedAverageSharesOutstanding": 2230,
        "dilutedEPS": -0.1,
        "ebit": 958,
        "grossIncome": 1783,
        "interestExpense": 505,
        "interestIncomeExpense": -335,
        "minorityInterest": -5,
        "netIncome": -227,
        "netIncomeAfterTaxes": -183,
        "nonRecurringItems": -426,
        "otherOperatingExpensesTotal": -1,
        "period": "2016-09-30",
        "pretaxIncome": 194,
        "provisionforIncomeTaxes": 377,
        "revenue": 3330,
        "sgaExpense": 277,
        "totalOperatingExpense": 825,
        "totalOtherIncomeExpenseNet": -3
      },
      {
        "costOfGoodsSold": 1355,
        "depreciationAmortization": 552,
        "dilutedAverageSharesOutstanding": 2229,
        "dilutedEPS": 0.15,
        "ebit": 936,
        "grossIncome": 1789,
        "interestExpense": 510,
        "interestIncomeExpense": -365,
        "minorityInterest": -3,
        "netIncome": 333,
        "netIncomeAfterTaxes": 375,
        "nonRecurringItems": 4,
        "otherOperatingExpensesTotal": 2,
        "period": "2016-06-30",
        "pretaxIncome": 588,
        "provisionforIncomeTaxes": 213,
        "revenue": 3144,
        "sgaExpense": 299,
        "totalOperatingExpense": 853,
        "totalOtherIncomeExpenseNet": 13
      },
      {
        "costOfGoodsSold": 1296,
        "depreciationAmortization": 551,
        "dilutedAverageSharesOutstanding": 2229,
        "dilutedEPS": 0.12,
        "ebit": 1051,
        "grossIncome": 1899,
        "interestExpense": 442,
        "interestIncomeExpense": -347,
        "minorityInterest": 1,
        "netIncome": 276,
        "netIncomeAfterTaxes": 314,
        "nonRecurringItems": -235,
        "otherOperatingExpensesTotal": -1,
        "period": "2016-03-31",
        "pretaxIncome": 468,
        "provisionforIncomeTaxes": 154,
        "revenue": 3195,
        "sgaExpense": 298,
        "totalOperatingExpense": 848,
        "totalOtherIncomeExpenseNet": -1
      },
      {
        "costOfGoodsSold": 1464,
        "depreciationAmortization": 584,
        "dilutedAverageSharesOutstanding": 2229,
        "dilutedEPS": -0.32,
        "ebit": 1336,
        "grossIncome": 2172,
        "interestIncomeExpense": -443,
        "minorityInterest": 41,
        "netIncome": -711,
        "netIncomeAfterTaxes": -736,
        "nonRecurringItems": -1584,
        "otherOperatingExpensesTotal": 2,
        "period": "2015-12-31",
        "pretaxIncome": -693,
        "provisionforIncomeTaxes": 43,
        "revenue": 3636,
        "sgaExpense": 250,
        "totalOperatingExpense": 836,
        "totalOtherIncomeExpenseNet": -2
      },
      {
        "costOfGoodsSold": 1718,
        "depreciationAmortization": 617,
        "dilutedAverageSharesOutstanding": 2203,
        "dilutedEPS": 0.08,
        "ebit": 1106,
        "grossIncome": 1989,
        "interestExpense": 524,
        "interestIncomeExpense": -426,
        "minorityInterest": 3,
        "netIncome": 186,
        "netIncomeAfterTaxes": 183,
        "nonRecurringItems": -385,
        "otherOperatingExpensesTotal": -2,
        "period": "2015-09-30",
        "pretaxIncome": 291,
        "provisionforIncomeTaxes": 108,
        "revenue": 3707,
        "sgaExpense": 268,
        "totalOperatingExpense": 883,
        "totalOtherIncomeExpenseNet": -4
      }
    ],
    "symbol": "KMI"
  }
}