{
  "symbol": "AEE",
  "statement": "ic",
  "frequency": "quarterly",
  "timestamp": "2025-09-19T13:55:45.976421",
  "data": {
    "financials": [
      {
        "costOfGoodsSold": 39,
        "depreciationAmortization": 386,
        "dilutedAverageSharesOutstanding": 271.6,
        "dilutedEPS": 1.0125,
        "ebit": 411,
        "grossIncome": 2182,
        "interestExpense": 187,
        "interestIncomeExpense": -183,
        "minorityInterest": -2,
        "netIncome": 275,
        "netIncomeAfterTaxes": 277,
        "nonRecurringItems": 8,
        "operationsMaintenance": 460,
        "otherOperatingExpensesTotal": 131,
        "period": "2025-06-30",
        "pretaxIncome": 320,
        "provisionforIncomeTaxes": 43,
        "purchasedFuelPowerGas": 794,
        "revenue": 2221,
        "totalOperatingExpense": 1771,
        "totalOtherIncomeExpenseNet": 84
      },
      {
        "costOfGoodsSold": 169,
        "depreciationAmortization": 367,
        "dilutedAverageSharesOutstanding": 271.4,
        "dilutedEPS": 1.0649,
        "ebit": 430,
        "grossIncome": 1928,
        "interestExpense": 175,
        "interestIncomeExpense": -168,
        "minorityInterest": -1,
        "netIncome": 289,
        "netIncomeAfterTaxes": 290,
        "operationsMaintenance": 485,
        "otherOperatingExpensesTotal": 144,
        "period": "2025-03-31",
        "pretaxIncome": 340,
        "provisionforIncomeTaxes": 50,
        "purchasedFuelPowerGas": 502,
        "revenue": 2097,
        "totalOperatingExpense": 1498,
        "totalOtherIncomeExpenseNet": 78
      },
      {
        "costOfGoodsSold": 106,
        "depreciationAmortization": 465,
        "dilutedAverageSharesOutstanding": 268.9,
        "dilutedEPS": 0.7698,
        "ebit": 198,
        "grossIncome": 1835,
        "interestExpense": 171,
        "interestIncomeExpense": -162,
        "minorityInterest": -1,
        "netIncome": 207,
        "netIncomeAfterTaxes": 208,
        "nonRecurringItems": -16,
        "operationsMaintenance": 514,
        "otherOperatingExpensesTotal": 131,
        "period": "2024-12-31",
        "pretaxIncome": 151,
        "provisionforIncomeTaxes": -57,
        "purchasedFuelPowerGas": 527,
        "revenue": 1941,
        "totalOperatingExpense": 1637,
        "totalOtherIncomeExpenseNet": 131
      },
      {
        "costOfGoodsSold": 30,
        "depreciationAmortization": 388,
        "dilutedAverageSharesOutstanding": 267.3,
        "dilutedEPS": 1.706,
        "ebit": 586,
        "grossIncome": 2143,
        "interestExpense": 173,
        "interestIncomeExpense": -167,
        "minorityInterest": -1,
        "netIncome": 456,
        "netIncomeAfterTaxes": 457,
        "operationsMaintenance": 520,
        "otherOperatingExpensesTotal": 150,
        "period": "2024-09-30",
        "pretaxIncome": 514,
        "provisionforIncomeTaxes": 57,
        "purchasedFuelPowerGas": 499,
        "revenue": 2173,
        "totalOperatingExpense": 1557,
        "totalOtherIncomeExpenseNet": 95
      },
      {
        "costOfGoodsSold": 33,
        "depreciationAmortization": 376,
        "dilutedAverageSharesOutstanding": 266.8,
        "dilutedEPS": 0.967,
        "ebit": 361,
        "grossIncome": 1660,
        "interestExpense": 165,
        "interestIncomeExpense": -151,
        "minorityInterest": -2,
        "netIncome": 258,
        "netIncomeAfterTaxes": 260,
        "operationsMaintenance": 465,
        "otherOperatingExpensesTotal": 131,
        "period": "2024-06-30",
        "pretaxIncome": 299,
        "provisionforIncomeTaxes": 39,
        "purchasedFuelPowerGas": 327,
        "revenue": 1693,
        "totalOperatingExpense": 1299,
        "totalOtherIncomeExpenseNet": 89
      },
      {
        "costOfGoodsSold": 151,
        "depreciationAmortization": 361,
        "dilutedAverageSharesOutstanding": 266.8,
        "dilutedEPS": 0.982,
        "ebit": 371,
        "grossIncome": 1665,
        "interestExpense": 154,
        "interestIncomeExpense": -146,
        "minorityInterest": -1,
        "netIncome": 261,
        "netIncomeAfterTaxes": 262,
        "operationsMaintenance": 470,
        "otherOperatingExpensesTotal": 135,
        "period": "2024-03-31",
        "pretaxIncome": 306,
        "provisionforIncomeTaxes": 44,
        "purchasedFuelPowerGas": 328,
        "revenue": 1816,
        "totalOperatingExpense": 1294,
        "totalOtherIncomeExpenseNet": 81
      },
      {
        "costOfGoodsSold": 278,
        "depreciationAmortization": 363,
        "dilutedAverageSharesOutstanding": 264,
        "dilutedEPS": 0.5985,
        "ebit": 264,
        "grossIncome": 1340,
        "interestExpense": 153,
        "interestIncomeExpense": -122,
        "minorityInterest": -1,
        "netIncome": 158,
        "netIncomeAfterTaxes": 159,
        "operationsMaintenance": 498,
        "otherOperatingExpensesTotal": 124,
        "period": "2023-12-31",
        "pretaxIncome": 198,
        "provisionforIncomeTaxes": 39,
        "purchasedFuelPowerGas": 91,
        "revenue": 1618,
        "totalOperatingExpense": 1076,
        "totalOtherIncomeExpenseNet": 56
      },
      {
        "costOfGoodsSold": 302,
        "depreciationAmortization": 369,
        "dilutedAverageSharesOutstanding": 263.4,
        "dilutedEPS": 1.87,
        "ebit": 614,
        "grossIncome": 1758,
        "interestExpense": 152,
        "interestIncomeExpense": -152,
        "minorityInterest": -1,
        "netIncome": 493,
        "netIncomeAfterTaxes": 494,
        "operationsMaintenance": 470,
        "otherOperatingExpensesTotal": 147,
        "period": "2023-09-30",
        "pretaxIncome": 563,
        "provisionforIncomeTaxes": 69,
        "purchasedFuelPowerGas": 158,
        "revenue": 2060,
        "totalOperatingExpense": 1144,
        "totalOtherIncomeExpenseNet": 101
      },
      {
        "costOfGoodsSold": 370,
        "depreciationAmortization": 335,
        "dilutedAverageSharesOutstanding": 263.2,
        "dilutedEPS": 0.9,
        "ebit": 329,
        "grossIncome": 1390,
        "interestExpense": 134,
        "interestIncomeExpense": -134,
        "minorityInterest": -2,
        "netIncome": 237,
        "netIncomeAfterTaxes": 239,
        "operationsMaintenance": 450,
        "otherOperatingExpensesTotal": 124,
        "period": "2023-06-30",
        "pretaxIncome": 277,
        "provisionforIncomeTaxes": 38,
        "purchasedFuelPowerGas": 152,
        "revenue": 1760,
        "totalOperatingExpense": 1061,
        "totalOtherIncomeExpenseNet": 82
      },
      {
        "costOfGoodsSold": 703,
        "depreciationAmortization": 320,
        "dilutedAverageSharesOutstanding": 263.1,
        "dilutedEPS": 1,
        "ebit": 351,
        "grossIncome": 1359,
        "interestExpense": 127,
        "interestIncomeExpense": -124,
        "minorityInterest": -1,
        "netIncome": 264,
        "netIncomeAfterTaxes": 265,
        "operationsMaintenance": 448,
        "otherOperatingExpensesTotal": 127,
        "period": "2023-03-31",
        "pretaxIncome": 302,
        "provisionforIncomeTaxes": 37,
        "purchasedFuelPowerGas": 113,
        "revenue": 2062,
        "totalOperatingExpense": 1008,
        "totalOtherIncomeExpenseNet": 75
      },
      {
        "costOfGoodsSold": 715,
        "depreciationAmortization": 324,
        "dilutedAverageSharesOutstanding": 260.1,
        "dilutedEPS": 0.63,
        "ebit": 276,
        "grossIncome": 1331,
        "interestExpense": 130,
        "interestIncomeExpense": -112,
        "minorityInterest": -1,
        "netIncome": 163,
        "netIncomeAfterTaxes": 164,
        "operationsMaintenance": 510,
        "otherOperatingExpensesTotal": 124,
        "period": "2022-12-31",
        "pretaxIncome": 192,
        "provisionforIncomeTaxes": 28,
        "purchasedFuelPowerGas": 97,
        "revenue": 2046,
        "totalOperatingExpense": 1055,
        "totalOtherIncomeExpenseNet": 28
      },
      {
        "costOfGoodsSold": 621,
        "depreciationAmortization": 350,
        "dilutedAverageSharesOutstanding": 259.5,
        "dilutedEPS": 1.74,
        "ebit": 599,
        "grossIncome": 1685,
        "interestExpense": 126,
        "interestIncomeExpense": -123,
        "minorityInterest": -1,
        "netIncome": 452,
        "netIncomeAfterTaxes": 453,
        "operationsMaintenance": 475,
        "otherOperatingExpensesTotal": 144,
        "period": "2022-09-30",
        "pretaxIncome": 531,
        "provisionforIncomeTaxes": 78,
        "purchasedFuelPowerGas": 117,
        "revenue": 2306,
        "totalOperatingExpense": 1086,
        "totalOtherIncomeExpenseNet": 55
      },
      {
        "costOfGoodsSold": 398,
        "depreciationAmortization": 316,
        "dilutedAverageSharesOutstanding": 259.4,
        "dilutedEPS": 0.8,
        "ebit": 309,
        "grossIncome": 1328,
        "interestExpense": 126,
        "interestIncomeExpense": -120,
        "minorityInterest": -2,
        "netIncome": 207,
        "netIncomeAfterTaxes": 209,
        "operationsMaintenance": 491,
        "otherOperatingExpensesTotal": 129,
        "period": "2022-06-30",
        "pretaxIncome": 245,
        "provisionforIncomeTaxes": 36,
        "purchasedFuelPowerGas": 83,
        "revenue": 1726,
        "totalOperatingExpense": 1019,
        "totalOtherIncomeExpenseNet": 56
      },
      {
        "costOfGoodsSold": 470,
        "depreciationAmortization": 299,
        "dilutedAverageSharesOutstanding": 259,
        "dilutedEPS": 0.97,
        "ebit": 331,
        "grossIncome": 1409,
        "interestExpense": 104,
        "interestIncomeExpense": -96,
        "minorityInterest": -1,
        "netIncome": 252,
        "netIncomeAfterTaxes": 253,
        "operationsMaintenance": 461,
        "otherOperatingExpensesTotal": 142,
        "period": "2022-03-31",
        "pretaxIncome": 287,
        "provisionforIncomeTaxes": 34,
        "purchasedFuelPowerGas": 176,
        "revenue": 1879,
        "totalOperatingExpense": 1078,
        "totalOtherIncomeExpenseNet": 52
      },
      {
        "costOfGoodsSold": 294,
        "depreciationAmortization": 290,
        "dilutedAverageSharesOutstanding": 258.8,
        "dilutedEPS": 0.48,
        "ebit": 197,
        "grossIncome": 1251,
        "interestExpense": 93,
        "interestIncomeExpense": -86,
        "minorityInterest": -1,
        "netIncome": 125,
        "netIncomeAfterTaxes": 126,
        "operationsMaintenance": 485,
        "otherOperatingExpensesTotal": 120,
        "period": "2021-12-31",
        "pretaxIncome": 155,
        "provisionforIncomeTaxes": 29,
        "purchasedFuelPowerGas": 159,
        "revenue": 1545,
        "totalOperatingExpense": 1054,
        "totalOtherIncomeExpenseNet": 44
      },
      {
        "costOfGoodsSold": 204,
        "depreciationAmortization": 290,
        "dilutedAverageSharesOutstanding": 258.6,
        "dilutedEPS": 1.64,
        "ebit": 534,
        "grossIncome": 1607,
        "interestExpense": 94,
        "interestIncomeExpense": -87,
        "minorityInterest": -1,
        "netIncome": 425,
        "netIncomeAfterTaxes": 426,
        "operationsMaintenance": 457,
        "otherOperatingExpensesTotal": 142,
        "period": "2021-09-30",
        "pretaxIncome": 496,
        "provisionforIncomeTaxes": 70,
        "purchasedFuelPowerGas": 184,
        "revenue": 1811,
        "totalOperatingExpense": 1073,
        "totalOtherIncomeExpenseNet": 49
      },
      {
        "costOfGoodsSold": 194,
        "depreciationAmortization": 285,
        "dilutedAverageSharesOutstanding": 257.2,
        "dilutedEPS": 0.8,
        "ebit": 286,
        "grossIncome": 1278,
        "interestExpense": 96,
        "interestIncomeExpense": -90,
        "minorityInterest": -1,
        "netIncome": 207,
        "netIncomeAfterTaxes": 208,
        "operationsMaintenance": 412,
        "otherOperatingExpensesTotal": 122,
        "period": "2021-06-30",
        "pretaxIncome": 239,
        "provisionforIncomeTaxes": 31,
        "purchasedFuelPowerGas": 173,
        "revenue": 1472,
        "totalOperatingExpense": 992,
        "totalOtherIncomeExpenseNet": 43
      },
      {
        "costOfGoodsSold": 356,
        "depreciationAmortization": 281,
        "dilutedAverageSharesOutstanding": 255.9,
        "dilutedEPS": 0.91,
        "ebit": 316,
        "grossIncome": 1210,
        "interestExpense": 100,
        "interestIncomeExpense": -93,
        "minorityInterest": -2,
        "netIncome": 233,
        "netIncomeAfterTaxes": 235,
        "operationsMaintenance": 420,
        "otherOperatingExpensesTotal": 128,
        "period": "2021-03-31",
        "pretaxIncome": 262,
        "provisionforIncomeTaxes": 27,
        "purchasedFuelPowerGas": 65,
        "revenue": 1566,
        "totalOperatingExpense": 894,
        "totalOtherIncomeExpenseNet": 39
      },
      {
        "costOfGoodsSold": 219,
        "depreciationAmortization": 276,
        "dilutedAverageSharesOutstanding": 249.6,
        "dilutedEPS": 0.46,
        "ebit": 211,
        "grossIncome": 1109,
        "interestExpense": 108,
        "interestIncomeExpense": -100,
        "minorityInterest": -1,
        "netIncome": 115,
        "netIncomeAfterTaxes": 116,
        "operationsMaintenance": 421,
        "otherOperatingExpensesTotal": 111,
        "period": "2020-12-31",
        "pretaxIncome": 137,
        "provisionforIncomeTaxes": 21,
        "purchasedFuelPowerGas": 90,
        "revenue": 1328,
        "totalOperatingExpense": 898,
        "totalOtherIncomeExpenseNet": 26
      },
      {
        "costOfGoodsSold": 174,
        "depreciationAmortization": 273,
        "dilutedAverageSharesOutstanding": 249.2,
        "dilutedEPS": 1.47,
        "ebit": 494,
        "grossIncome": 1454,
        "interestExpense": 110,
        "interestIncomeExpense": -103,
        "minorityInterest": -2,
        "netIncome": 367,
        "netIncomeAfterTaxes": 369,
        "operationsMaintenance": 418,
        "otherOperatingExpensesTotal": 128,
        "period": "2020-09-30",
        "pretaxIncome": 432,
        "provisionforIncomeTaxes": 63,
        "purchasedFuelPowerGas": 141,
        "revenue": 1628,
        "totalOperatingExpense": 960,
        "totalOtherIncomeExpenseNet": 41
      },
      {
        "costOfGoodsSold": 151,
        "depreciationAmortization": 271,
        "dilutedAverageSharesOutstanding": 247.9,
        "dilutedEPS": 0.98,
        "ebit": 354,
        "grossIncome": 1247,
        "interestExpense": 108,
        "interestIncomeExpense": -101,
        "minorityInterest": -1,
        "netIncome": 243,
        "netIncomeAfterTaxes": 244,
        "operationsMaintenance": 384,
        "otherOperatingExpensesTotal": 119,
        "period": "2020-06-30",
        "pretaxIncome": 294,
        "provisionforIncomeTaxes": 50,
        "purchasedFuelPowerGas": 119,
        "revenue": 1398,
        "totalOperatingExpense": 893,
        "totalOtherIncomeExpenseNet": 41
      },
      {
        "costOfGoodsSold": 241,
        "depreciationAmortization": 255,
        "dilutedAverageSharesOutstanding": 248.1,
        "dilutedEPS": 0.59,
        "ebit": 241,
        "grossIncome": 1199,
        "interestExpense": 93,
        "interestIncomeExpense": -86,
        "minorityInterest": -2,
        "netIncome": 146,
        "netIncomeAfterTaxes": 148,
        "operationsMaintenance": 438,
        "otherOperatingExpensesTotal": 125,
        "period": "2020-03-31",
        "pretaxIncome": 169,
        "provisionforIncomeTaxes": 21,
        "purchasedFuelPowerGas": 140,
        "revenue": 1440,
        "totalOperatingExpense": 958,
        "totalOtherIncomeExpenseNet": 14
      },
      {
        "costOfGoodsSold": 211,
        "depreciationAmortization": 250,
        "dilutedAverageSharesOutstanding": 247.4,
        "dilutedEPS": 0.38,
        "ebit": 179,
        "grossIncome": 1105,
        "interestExpense": 91,
        "interestIncomeExpense": -83,
        "minorityInterest": -1,
        "netIncome": 94,
        "netIncomeAfterTaxes": 95,
        "operationsMaintenance": 444,
        "otherOperatingExpensesTotal": 106,
        "period": "2019-12-31",
        "pretaxIncome": 119,
        "provisionforIncomeTaxes": 24,
        "purchasedFuelPowerGas": 126,
        "revenue": 1316,
        "totalOperatingExpense": 926,
        "totalOtherIncomeExpenseNet": 23
      },
      {
        "costOfGoodsSold": 179,
        "depreciationAmortization": 248,
        "dilutedAverageSharesOutstanding": 247.5,
        "dilutedEPS": 1.47,
        "ebit": 520,
        "grossIncome": 1480,
        "interestExpense": 96,
        "interestIncomeExpense": -88,
        "minorityInterest": -2,
        "netIncome": 364,
        "netIncomeAfterTaxes": 366,
        "operationsMaintenance": 434,
        "otherOperatingExpensesTotal": 131,
        "period": "2019-09-30",
        "pretaxIncome": 458,
        "provisionforIncomeTaxes": 92,
        "purchasedFuelPowerGas": 147,
        "revenue": 1659,
        "totalOperatingExpense": 960,
        "totalOtherIncomeExpenseNet": 26
      },
      {
        "costOfGoodsSold": 180,
        "depreciationAmortization": 249,
        "dilutedAverageSharesOutstanding": 247.2,
        "dilutedEPS": 0.72,
        "ebit": 280,
        "grossIncome": 1199,
        "interestExpense": 97,
        "interestIncomeExpense": -88,
        "minorityInterest": -1,
        "netIncome": 179,
        "netIncomeAfterTaxes": 180,
        "operationsMaintenance": 450,
        "otherOperatingExpensesTotal": 118,
        "period": "2019-06-30",
        "pretaxIncome": 219,
        "provisionforIncomeTaxes": 39,
        "purchasedFuelPowerGas": 102,
        "revenue": 1379,
        "totalOperatingExpense": 919,
        "totalOtherIncomeExpenseNet": 27
      },
      {
        "costOfGoodsSold": 317,
        "depreciationAmortization": 248,
        "dilutedAverageSharesOutstanding": 246.4,
        "dilutedEPS": 0.78,
        "ebit": 288,
        "grossIncome": 1239,
        "interestExpense": 97,
        "interestIncomeExpense": -87,
        "minorityInterest": -2,
        "netIncome": 191,
        "netIncomeAfterTaxes": 193,
        "operationsMaintenance": 417,
        "otherOperatingExpensesTotal": 126,
        "period": "2019-03-31",
        "pretaxIncome": 220,
        "provisionforIncomeTaxes": 27,
        "purchasedFuelPowerGas": 160,
        "revenue": 1556,
        "totalOperatingExpense": 951,
        "totalOtherIncomeExpenseNet": 19
      },
      {
        "costOfGoodsSold": 250,
        "depreciationAmortization": 242,
        "dilutedAverageSharesOutstanding": 246.7,
        "dilutedEPS": 0.28,
        "ebit": 166,
        "grossIncome": 1169,
        "interestExpense": 99,
        "interestIncomeExpense": -77,
        "minorityInterest": -1,
        "netIncome": 68,
        "netIncomeAfterTaxes": 69,
        "operationsMaintenance": 473,
        "otherOperatingExpensesTotal": 109,
        "period": "2018-12-31",
        "pretaxIncome": 85,
        "provisionforIncomeTaxes": 16,
        "purchasedFuelPowerGas": 179,
        "revenue": 1419,
        "totalOperatingExpense": 1003,
        "totalOtherIncomeExpenseNet": -4
      },
      {
        "costOfGoodsSold": 178,
        "depreciationAmortization": 241,
        "dilutedAverageSharesOutstanding": 246.3,
        "dilutedEPS": 1.45,
        "ebit": 533,
        "grossIncome": 1546,
        "interestExpense": 101,
        "interestIncomeExpense": -91,
        "minorityInterest": -2,
        "netIncome": 357,
        "netIncomeAfterTaxes": 359,
        "operationsMaintenance": 429,
        "otherOperatingExpensesTotal": 127,
        "period": "2018-09-30",
        "pretaxIncome": 464,
        "provisionforIncomeTaxes": 105,
        "purchasedFuelPowerGas": 216,
        "revenue": 1724,
        "totalOperatingExpense": 1013,
        "totalOtherIncomeExpenseNet": 22
      },
      {
        "costOfGoodsSold": 193,
        "depreciationAmortization": 238,
        "dilutedAverageSharesOutstanding": 245.8,
        "dilutedEPS": 0.97,
        "ebit": 385,
        "grossIncome": 1370,
        "interestExpense": 100,
        "interestIncomeExpense": -89,
        "minorityInterest": -1,
        "netIncome": 239,
        "netIncomeAfterTaxes": 240,
        "operationsMaintenance": 439,
        "otherOperatingExpensesTotal": 122,
        "period": "2018-06-30",
        "pretaxIncome": 314,
        "provisionforIncomeTaxes": 74,
        "purchasedFuelPowerGas": 186,
        "revenue": 1563,
        "totalOperatingExpense": 985,
        "totalOtherIncomeExpenseNet": 18
      },
      {
        "costOfGoodsSold": 334,
        "depreciationAmortization": 234,
        "dilutedAverageSharesOutstanding": 242.9,
        "dilutedEPS": 0.62,
        "ebit": 273,
        "grossIncome": 1251,
        "interestExpense": 101,
        "interestIncomeExpense": -92,
        "minorityInterest": -2,
        "netIncome": 151,
        "netIncomeAfterTaxes": 153,
        "operationsMaintenance": 431,
        "otherOperatingExpensesTotal": 125,
        "period": "2018-03-31",
        "pretaxIncome": 195,
        "provisionforIncomeTaxes": 42,
        "purchasedFuelPowerGas": 188,
        "revenue": 1585,
        "totalOperatingExpense": 978,
        "totalOtherIncomeExpenseNet": 14
      },
      {
        "costOfGoodsSold": 262,
        "depreciationAmortization": 228,
        "dilutedAverageSharesOutstanding": 242.6,
        "dilutedEPS": -0.24,
        "ebit": 225,
        "grossIncome": 1140,
        "interestExpense": 96,
        "interestIncomeExpense": -87,
        "minorityInterest": -1,
        "netIncome": -60,
        "netIncomeAfterTaxes": 95,
        "operationsMaintenance": 431,
        "otherOperatingExpensesTotal": 113,
        "period": "2017-12-31",
        "pretaxIncome": 141,
        "provisionforIncomeTaxes": 46,
        "purchasedFuelPowerGas": 143,
        "revenue": 1402,
        "totalOperatingExpense": 915,
        "totalOtherIncomeExpenseNet": 3
      },
      {
        "costOfGoodsSold": 188,
        "depreciationAmortization": 225,
        "dilutedAverageSharesOutstanding": 244.7,
        "dilutedEPS": 1.18,
        "ebit": 569,
        "grossIncome": 1535,
        "interestExpense": 97,
        "interestIncomeExpense": -89,
        "minorityInterest": -2,
        "netIncome": 288,
        "netIncomeAfterTaxes": 290,
        "operationsMaintenance": 413,
        "otherOperatingExpensesTotal": 129,
        "period": "2017-09-30",
        "pretaxIncome": 495,
        "provisionforIncomeTaxes": 205,
        "purchasedFuelPowerGas": 199,
        "revenue": 1723,
        "totalOperatingExpense": 966,
        "totalOtherIncomeExpenseNet": 15
      },
      {
        "costOfGoodsSold": 191,
        "depreciationAmortization": 222,
        "dilutedAverageSharesOutstanding": 243.5,
        "dilutedEPS": 0.79,
        "ebit": 387,
        "grossIncome": 1346,
        "interestExpense": 99,
        "interestIncomeExpense": -88,
        "minorityInterest": -1,
        "netIncome": 193,
        "netIncomeAfterTaxes": 194,
        "operationsMaintenance": 431,
        "otherOperatingExpensesTotal": 117,
        "period": "2017-06-30",
        "pretaxIncome": 308,
        "provisionforIncomeTaxes": 114,
        "purchasedFuelPowerGas": 189,
        "revenue": 1537,
        "totalOperatingExpense": 959,
        "totalOtherIncomeExpenseNet": 9
      },
      {
        "costOfGoodsSold": 310,
        "depreciationAmortization": 221,
        "dilutedAverageSharesOutstanding": 242.6,
        "dilutedEPS": 0.42,
        "ebit": 242,
        "grossIncome": 1205,
        "interestExpense": 99,
        "interestIncomeExpense": -90,
        "minorityInterest": -2,
        "netIncome": 102,
        "netIncomeAfterTaxes": 104,
        "operationsMaintenance": 418,
        "otherOperatingExpensesTotal": 118,
        "period": "2017-03-31",
        "pretaxIncome": 161,
        "provisionforIncomeTaxes": 57,
        "purchasedFuelPowerGas": 206,
        "revenue": 1515,
        "totalOperatingExpense": 963,
        "totalOtherIncomeExpenseNet": 9
      },
      {
        "costOfGoodsSold": 286,
        "depreciationAmortization": 217,
        "dilutedAverageSharesOutstanding": 244.6,
        "dilutedEPS": 0.13,
        "ebit": 86,
        "grossIncome": 1070,
        "interestExpense": 95,
        "interestIncomeExpense": -86,
        "minorityInterest": -1,
        "netIncome": 32,
        "netIncomeAfterTaxes": 33,
        "operationsMaintenance": 487,
        "otherOperatingExpensesTotal": 109,
        "period": "2016-12-31",
        "pretaxIncome": 59,
        "provisionforIncomeTaxes": 26,
        "purchasedFuelPowerGas": 171,
        "revenue": 1356,
        "totalOperatingExpense": 984,
        "totalOtherIncomeExpenseNet": 59
      },
      {
        "costOfGoodsSold": 212,
        "depreciationAmortization": 211,
        "dilutedAverageSharesOutstanding": 242.9,
        "dilutedEPS": 1.52,
        "ebit": 691,
        "grossIncome": 1647,
        "interestExpense": 97,
        "interestIncomeExpense": -87,
        "minorityInterest": -2,
        "netIncome": 369,
        "netIncomeAfterTaxes": 371,
        "operationsMaintenance": 411,
        "otherOperatingExpensesTotal": 129,
        "period": "2016-09-30",
        "pretaxIncome": 604,
        "provisionforIncomeTaxes": 233,
        "purchasedFuelPowerGas": 205,
        "revenue": 1859,
        "totalOperatingExpense": 956,
        "totalOtherIncomeExpenseNet": 0
      },
      {
        "costOfGoodsSold": 176,
        "depreciationAmortization": 210,
        "dilutedAverageSharesOutstanding": 242.6,
        "dilutedEPS": 0.61,
        "ebit": 325,
        "grossIncome": 1251,
        "interestExpense": 95,
        "interestIncomeExpense": -85,
        "minorityInterest": -1,
        "netIncome": 147,
        "netIncomeAfterTaxes": 148,
        "operationsMaintenance": 435,
        "otherOperatingExpensesTotal": 115,
        "period": "2016-06-30",
        "pretaxIncome": 240,
        "provisionforIncomeTaxes": 92,
        "purchasedFuelPowerGas": 166,
        "revenue": 1427,
        "totalOperatingExpense": 926,
        "totalOtherIncomeExpenseNet": 0
      },
      {
        "costOfGoodsSold": 290,
        "depreciationAmortization": 207,
        "dilutedAverageSharesOutstanding": 242.6,
        "dilutedEPS": 0.43,
        "ebit": 220,
        "grossIncome": 1144,
        "interestExpense": 95,
        "interestIncomeExpense": -84,
        "minorityInterest": -2,
        "netIncome": 105,
        "netIncomeAfterTaxes": 107,
        "operationsMaintenance": 400,
        "otherOperatingExpensesTotal": 114,
        "period": "2016-03-31",
        "pretaxIncome": 138,
        "provisionforIncomeTaxes": 31,
        "purchasedFuelPowerGas": 203,
        "revenue": 1434,
        "totalOperatingExpense": 924,
        "totalOtherIncomeExpenseNet": 2
      },
      {
        "costOfGoodsSold": 216,
        "depreciationAmortization": 202,
        "dilutedAverageSharesOutstanding": 243,
        "dilutedEPS": 0.12,
        "ebit": 140,
        "grossIncome": 1092,
        "interestExpense": 91,
        "interestIncomeExpense": -82,
        "minorityInterest": -1,
        "netIncome": 29,
        "netIncomeAfterTaxes": 31,
        "operationsMaintenance": 438,
        "otherOperatingExpensesTotal": 104,
        "period": "2015-12-31",
        "pretaxIncome": 61,
        "provisionforIncomeTaxes": 30,
        "purchasedFuelPowerGas": 208,
        "revenue": 1308,
        "totalOperatingExpense": 952,
        "totalOtherIncomeExpenseNet": 3
      },
      {
        "costOfGoodsSold": 191,
        "depreciationAmortization": 201,
        "dilutedAverageSharesOutstanding": 243.9,
        "dilutedEPS": 1.41,
        "ebit": 626,
        "grossIncome": 1642,
        "interestExpense": 87,
        "interestIncomeExpense": -76,
        "minorityInterest": -2,
        "netIncome": 343,
        "netIncomeAfterTaxes": 345,
        "operationsMaintenance": 428,
        "otherOperatingExpensesTotal": 128,
        "period": "2015-09-30",
        "pretaxIncome": 553,
        "provisionforIncomeTaxes": 208,
        "purchasedFuelPowerGas": 259,
        "revenue": 1833,
        "totalOperatingExpense": 1016,
        "totalOtherIncomeExpenseNet": 3
      }
    ],
    "symbol": "AEE"
  }
}