{
  "symbol": "MRNA",
  "statement": "ic",
  "frequency": "annual",
  "timestamp": "2025-09-19T14:04:07.416574",
  "data": {
    "financials": [
      {
        "costOfGoodsSold": 969,
        "dilutedAverageSharesOutstanding": 384,
        "dilutedEPS": -9.2734,
        "ebit": -3450,
        "grossIncome": 2267,
        "interestExpense": 24,
        "interestIncomeExpense": 345,
        "netIncome": -3561,
        "netIncomeAfterTaxes": -3561,
        "nonRecurringItems": -495,
        "period": "2024-12-31",
        "pretaxIncome": -3607,
        "provisionforIncomeTaxes": -46,
        "researchDevelopment": 4543,
        "revenue": 3236,
        "sgaExpense": 1174,
        "totalOperatingExpense": 5717,
        "totalOtherIncomeExpenseNet": -7,
        "year": 2024
      },
      {
        "costOfGoodsSold": 2493,
        "dilutedAverageSharesOutstanding": 382,
        "dilutedEPS": -12.3403,
        "ebit": -2039,
        "grossIncome": 4355,
        "interestExpense": 38,
        "interestIncomeExpense": 311,
        "netIncome": -4714,
        "netIncomeAfterTaxes": -4714,
        "nonRecurringItems": -2200,
        "period": "2023-12-31",
        "pretaxIncome": -3942,
        "provisionforIncomeTaxes": 772,
        "researchDevelopment": 4845,
        "revenue": 6848,
        "sgaExpense": 1549,
        "totalOperatingExpense": 6394,
        "totalOtherIncomeExpenseNet": -14,
        "year": 2023
      },
      {
        "costOfGoodsSold": 5416,
        "dilutedAverageSharesOutstanding": 416,
        "dilutedEPS": 20.1,
        "ebit": 9420,
        "grossIncome": 13847,
        "interestExpense": 29,
        "interestIncomeExpense": 151,
        "netIncome": 8362,
        "netIncomeAfterTaxes": 8362,
        "period": "2022-12-31",
        "pretaxIncome": 9575,
        "provisionforIncomeTaxes": 1213,
        "researchDevelopment": 3295,
        "revenue": 19263,
        "sgaExpense": 1132,
        "totalOperatingExpense": 4427,
        "totalOtherIncomeExpenseNet": 4,
        "year": 2022
      },
      {
        "costOfGoodsSold": 2617,
        "dilutedAverageSharesOutstanding": 431,
        "dilutedEPS": 28.31,
        "ebit": 13296,
        "grossIncome": 15854,
        "interestExpense": 18,
        "interestIncomeExpense": 1,
        "netIncome": 12202,
        "netIncomeAfterTaxes": 12202,
        "period": "2021-12-31",
        "pretaxIncome": 13285,
        "provisionforIncomeTaxes": 1083,
        "researchDevelopment": 1991,
        "revenue": 18471,
        "sgaExpense": 567,
        "totalOperatingExpense": 2558,
        "totalOtherIncomeExpenseNet": -12,
        "year": 2021
      },
      {
        "costOfGoodsSold": 8,
        "dilutedAverageSharesOutstanding": 381,
        "dilutedEPS": -1.96,
        "ebit": -763,
        "grossIncome": 795,
        "interestExpense": 9.891,
        "interestIncomeExpense": 16,
        "netIncome": -747,
        "netIncomeAfterTaxes": -747,
        "period": "2020-12-31",
        "pretaxIncome": -745,
        "provisionforIncomeTaxes": 3,
        "researchDevelopment": 1370,
        "revenue": 803,
        "sgaExpense": 188,
        "totalOperatingExpense": 1559,
        "totalOtherIncomeExpenseNet": 3,
        "year": 2020
      },
      {
        "dilutedAverageSharesOutstanding": 331,
        "dilutedEPS": -1.55,
        "ebit": -546,
        "interestExpense": 6.612,
        "interestIncomeExpense": 32,
        "netIncome": -514,
        "netIncomeAfterTaxes": -514,
        "period": "2019-12-31",
        "pretaxIncome": -515,
        "provisionforIncomeTaxes": -1,
        "researchDevelopment": 496,
        "revenue": 60,
        "sgaExpense": 110,
        "totalOperatingExpense": 606,
        "totalOtherIncomeExpenseNet": -1,
        "year": 2019
      },
      {
        "dilutedAverageSharesOutstanding": 329,
        "dilutedEPS": -1.22,
        "ebit": -413,
        "interestExpense": 3.096,
        "interestIncomeExpense": 24,
        "netIncome": -402,
        "netIncomeAfterTaxes": -385,
        "period": "2018-12-31",
        "pretaxIncome": -384,
        "provisionforIncomeTaxes": 0,
        "researchDevelopment": 454,
        "revenue": 135,
        "sgaExpense": 94,
        "totalOperatingExpense": 548,
        "totalOtherIncomeExpenseNet": 5,
        "year": 2018
      },
      {
        "dilutedAverageSharesOutstanding": 324,
        "dilutedEPS": -0.83,
        "ebit": -269,
        "interestExpense": 0.79,
        "interestIncomeExpense": 13,
        "netIncome": -270,
        "netIncomeAfterTaxes": -256,
        "period": "2017-12-31",
        "pretaxIncome": -256,
        "provisionforIncomeTaxes": 0,
        "researchDevelopment": 410,
        "revenue": 206,
        "sgaExpense": 65,
        "totalOperatingExpense": 475,
        "year": 2017
      },
      {
        "dilutedAverageSharesOutstanding": 324,
        "dilutedEPS": -0.71,
        "ebit": -224,
        "interestExpense": 0.31,
        "interestIncomeExpense": 9,
        "netIncome": -230,
        "netIncomeAfterTaxes": -216,
        "period": "2016-12-31",
        "pretaxIncome": -215,
        "provisionforIncomeTaxes": 1,
        "researchDevelopment": 275,
        "revenue": 108,
        "sgaExpense": 57,
        "totalOperatingExpense": 332,
        "year": 2016
      }
    ],
    "symbol": "MRNA"
  }
}