{
  "symbol": "AMT",
  "statement": "ic",
  "frequency": "quarterly",
  "timestamp": "2025-09-19T13:55:52.382494",
  "data": {
    "financials": [
      {
        "costOfGoodsSold": 688.7,
        "depreciationAmortization": 510.3,
        "dilutedAverageSharesOutstanding": 468.791,
        "dilutedEPS": 0.78,
        "ebit": 1197.7,
        "grossIncome": 1938.2,
        "interestExpense": 342.6,
        "interestIncomeExpense": -796,
        "minorityInterest": -13.7,
        "netIncome": 366.8,
        "netIncomeAfterTaxes": 380.5,
        "otherOperatingExpensesTotal": -3.5,
        "period": "2025-06-30",
        "pretaxIncome": 511.8,
        "provisionforIncomeTaxes": 131.3,
        "revenue": 2626.9,
        "sgaExpense": 233.7,
        "totalOperatingExpense": 740.5,
        "totalOtherIncomeExpenseNet": 110.1
      },
      {
        "costOfGoodsSold": 634.5,
        "depreciationAmortization": 492.5,
        "dilutedAverageSharesOutstanding": 468.519,
        "dilutedEPS": 1.04,
        "ebit": 1254.1,
        "grossIncome": 1928.3,
        "interestExpense": 325.3,
        "interestIncomeExpense": -644.1,
        "minorityInterest": -9.9,
        "netIncome": 488.7,
        "netIncomeAfterTaxes": 498.6,
        "otherOperatingExpensesTotal": -55.8,
        "period": "2025-03-31",
        "pretaxIncome": 617.5,
        "provisionforIncomeTaxes": 118.9,
        "revenue": 2562.8,
        "sgaExpense": 237.5,
        "totalOperatingExpense": 674.2,
        "totalOtherIncomeExpenseNet": 7.5
      },
      {
        "costOfGoodsSold": 654.4,
        "depreciationAmortization": 500.9,
        "dilutedAverageSharesOutstanding": 468.477,
        "dilutedEPS": 2.62,
        "ebit": 1080.1,
        "grossIncome": 1893.2,
        "interestExpense": 321.2,
        "interestIncomeExpense": 250.6,
        "minorityInterest": -0.9,
        "netIncome": 1229.6,
        "netIncomeAfterTaxes": 1230.5,
        "nonRecurringItems": 0,
        "otherOperatingExpensesTotal": 69.1,
        "period": "2024-12-31",
        "pretaxIncome": 1305.7,
        "provisionforIncomeTaxes": 75.2,
        "revenue": 2547.6,
        "sgaExpense": 243.1,
        "totalOperatingExpense": 813.1,
        "totalOtherIncomeExpenseNet": -25
      },
      {
        "costOfGoodsSold": 651.8,
        "depreciationAmortization": 498.5,
        "dilutedAverageSharesOutstanding": 467.196,
        "dilutedEPS": -1.69,
        "ebit": 1139.2,
        "grossIncome": 1870.5,
        "interestExpense": 356.8,
        "interestIncomeExpense": -656.5,
        "minorityInterest": -11.9,
        "netIncome": -792.3,
        "netIncomeAfterTaxes": 428.1,
        "nonRecurringItems": 0,
        "otherOperatingExpensesTotal": 5.1,
        "period": "2024-09-30",
        "pretaxIncome": 550.5,
        "provisionforIncomeTaxes": 122.4,
        "revenue": 2522.3,
        "sgaExpense": 227.7,
        "totalOperatingExpense": 731.3,
        "totalOtherIncomeExpenseNet": 67.8
      },
      {
        "costOfGoodsSold": 649.3,
        "depreciationAmortization": 520.6,
        "dilutedAverageSharesOutstanding": 467.781,
        "dilutedEPS": 1.92,
        "ebit": 1156.2,
        "grossIncome": 1895.4,
        "interestExpense": 362.7,
        "interestIncomeExpense": -350,
        "minorityInterest": -8.1,
        "netIncome": 900.3,
        "netIncomeAfterTaxes": 769.9,
        "otherOperatingExpensesTotal": 0.3,
        "period": "2024-06-30",
        "pretaxIncome": 847.3,
        "provisionforIncomeTaxes": 77.4,
        "revenue": 2544.7,
        "sgaExpense": 218.3,
        "totalOperatingExpense": 739.2,
        "totalOtherIncomeExpenseNet": 41.1
      },
      {
        "costOfGoodsSold": 618.9,
        "depreciationAmortization": 508.8,
        "dilutedAverageSharesOutstanding": 467.66,
        "dilutedEPS": 1.96,
        "ebit": 1141,
        "grossIncome": 1893.7,
        "interestExpense": 363.8,
        "interestIncomeExpense": -205.1,
        "minorityInterest": -4.3,
        "netIncome": 917.4,
        "netIncomeAfterTaxes": 830,
        "otherOperatingExpensesTotal": -0.4,
        "period": "2024-03-31",
        "pretaxIncome": 921.3,
        "provisionforIncomeTaxes": 91.3,
        "revenue": 2512.6,
        "sgaExpense": 244.3,
        "totalOperatingExpense": 752.7,
        "totalOtherIncomeExpenseNet": -14.6
      },
      {
        "costOfGoodsSold": 635.7,
        "depreciationAmortization": 724.9,
        "dilutedAverageSharesOutstanding": 467.546,
        "dilutedEPS": 0.18,
        "ebit": 692.8,
        "grossIncome": 1820.4,
        "interestExpense": 347.6,
        "interestIncomeExpense": -691.7,
        "minorityInterest": 71.6,
        "netIncome": 84.9,
        "netIncomeAfterTaxes": -61.2,
        "nonRecurringItems": -80,
        "otherOperatingExpensesTotal": 157.5,
        "period": "2023-12-31",
        "pretaxIncome": -68.8,
        "provisionforIncomeTaxes": -7.6,
        "revenue": 2456.1,
        "sgaExpense": 245.2,
        "totalOperatingExpense": 1127.6,
        "totalOtherIncomeExpenseNet": 10.1
      },
      {
        "costOfGoodsSold": 638,
        "depreciationAmortization": 723.2,
        "dilutedAverageSharesOutstanding": 467.161,
        "dilutedEPS": 1.25,
        "ebit": 913,
        "grossIncome": 1883.1,
        "interestExpense": 356.5,
        "interestIncomeExpense": -84.2,
        "minorityInterest": 9.6,
        "netIncome": 586.9,
        "netIncomeAfterTaxes": 774.8,
        "nonRecurringItems": 0,
        "otherOperatingExpensesTotal": 26.6,
        "period": "2023-09-30",
        "pretaxIncome": 824.3,
        "provisionforIncomeTaxes": 49.5,
        "revenue": 2521.1,
        "sgaExpense": 220.3,
        "totalOperatingExpense": 970.1,
        "totalOtherIncomeExpenseNet": -4.5
      },
      {
        "costOfGoodsSold": 481.7,
        "depreciationAmortization": 686.3,
        "dilutedAverageSharesOutstanding": 472.518,
        "dilutedEPS": 1,
        "ebit": 816.5,
        "grossIncome": 1786.1,
        "interestExpense": 343.9,
        "interestIncomeExpense": -430.8,
        "minorityInterest": 14.2,
        "netIncome": 475.7,
        "netIncomeAfterTaxes": 409.9,
        "nonRecurringItems": 7.3,
        "otherOperatingExpensesTotal": 66.7,
        "period": "2023-06-30",
        "pretaxIncome": 405.4,
        "provisionforIncomeTaxes": -4.5,
        "revenue": 2267.8,
        "sgaExpense": 216.6,
        "totalOperatingExpense": 969.6,
        "totalOtherIncomeExpenseNet": 12.4
      },
      {
        "costOfGoodsSold": 806.1,
        "depreciationAmortization": 794.1,
        "dilutedAverageSharesOutstanding": 466.81,
        "dilutedEPS": 0.72,
        "ebit": 783.2,
        "grossIncome": 1961.1,
        "interestExpense": 340.2,
        "interestIncomeExpense": -393.5,
        "minorityInterest": 20.8,
        "netIncome": 335.8,
        "netIncomeAfterTaxes": 315,
        "nonRecurringItems": -7.6,
        "otherOperatingExpensesTotal": 119.9,
        "period": "2023-03-31",
        "pretaxIncome": 368.4,
        "provisionforIncomeTaxes": 53.4,
        "revenue": 2767.2,
        "sgaExpense": 263.9,
        "totalOperatingExpense": 1177.9,
        "totalOtherIncomeExpenseNet": -13.7
      },
      {
        "costOfGoodsSold": 110.4,
        "depreciationAmortization": 624.5,
        "dilutedAverageSharesOutstanding": 465.653,
        "dilutedEPS": -1.46,
        "ebit": 599.9,
        "grossIncome": 1528.9,
        "interestExpense": 303,
        "interestIncomeExpense": -956.8,
        "minorityInterest": 32.8,
        "netIncome": -683.8,
        "netIncomeAfterTaxes": -440.1,
        "nonRecurringItems": -21.6,
        "otherOperatingExpensesTotal": 150.4,
        "period": "2022-12-31",
        "pretaxIncome": -393.3,
        "provisionforIncomeTaxes": 46.8,
        "revenue": 1639.3,
        "sgaExpense": 154.1,
        "totalOperatingExpense": 929,
        "totalOtherIncomeExpenseNet": -14.8
      },
      {
        "costOfGoodsSold": 836.5,
        "depreciationAmortization": 898.1,
        "dilutedAverageSharesOutstanding": 466.801,
        "dilutedEPS": 1.8,
        "ebit": 691.7,
        "grossIncome": 1835,
        "interestExpense": 294,
        "interestIncomeExpense": 199.3,
        "minorityInterest": 20,
        "netIncome": 839.7,
        "netIncomeAfterTaxes": 819.7,
        "nonRecurringItems": -39.2,
        "otherOperatingExpensesTotal": 14,
        "period": "2022-09-30",
        "pretaxIncome": 855.8,
        "provisionforIncomeTaxes": 36.1,
        "revenue": 2671.5,
        "sgaExpense": 231.2,
        "totalOperatingExpense": 1143.3,
        "totalOtherIncomeExpenseNet": 4
      },
      {
        "costOfGoodsSold": 822.9,
        "depreciationAmortization": 826.5,
        "dilutedAverageSharesOutstanding": 459.819,
        "dilutedEPS": 1.95,
        "ebit": 797.9,
        "grossIncome": 1851.4,
        "interestExpense": 276.6,
        "interestIncomeExpense": 132.4,
        "minorityInterest": 7.3,
        "netIncome": 898.2,
        "netIncomeAfterTaxes": 890.9,
        "nonRecurringItems": -15.6,
        "otherOperatingExpensesTotal": 4.1,
        "period": "2022-06-30",
        "pretaxIncome": 898.3,
        "provisionforIncomeTaxes": 7.4,
        "revenue": 2674.3,
        "sgaExpense": 222.9,
        "totalOperatingExpense": 1053.5,
        "totalOtherIncomeExpenseNet": -16.4
      },
      {
        "costOfGoodsSold": 799.4,
        "depreciationAmortization": 815.8,
        "dilutedAverageSharesOutstanding": 457.211,
        "dilutedEPS": 1.56,
        "ebit": 739.2,
        "grossIncome": 1860.9,
        "interestExpense": 262.4,
        "interestIncomeExpense": -10.4,
        "minorityInterest": 9,
        "netIncome": 711.7,
        "netIncomeAfterTaxes": 702.7,
        "nonRecurringItems": -14.1,
        "otherOperatingExpensesTotal": 12,
        "period": "2022-03-31",
        "pretaxIncome": 725.2,
        "provisionforIncomeTaxes": 22.5,
        "revenue": 2660.3,
        "sgaExpense": 293.9,
        "totalOperatingExpense": 1121.7,
        "totalOtherIncomeExpenseNet": 10.5
      },
      {
        "costOfGoodsSold": 735.5,
        "depreciationAmortization": 643.9,
        "dilutedAverageSharesOutstanding": 457.233,
        "dilutedEPS": 0.99,
        "ebit": 915.5,
        "grossIncome": 1709.7,
        "interestExpense": 224.1,
        "interestIncomeExpense": -76.3,
        "minorityInterest": 12.2,
        "netIncome": 453.4,
        "netIncomeAfterTaxes": 441.2,
        "nonRecurringItems": -301.4,
        "otherOperatingExpensesTotal": -65.6,
        "period": "2021-12-31",
        "pretaxIncome": 528.5,
        "provisionforIncomeTaxes": 87.3,
        "revenue": 2445.2,
        "sgaExpense": 215.9,
        "totalOperatingExpense": 794.2,
        "totalOtherIncomeExpenseNet": -9.3
      },
      {
        "costOfGoodsSold": 724.3,
        "depreciationAmortization": 611.4,
        "dilutedAverageSharesOutstanding": 456.977,
        "dilutedEPS": 1.58,
        "ebit": 859.7,
        "grossIncome": 1730,
        "interestExpense": 226.1,
        "interestIncomeExpense": -36.2,
        "minorityInterest": -3.2,
        "netIncome": 723,
        "netIncomeAfterTaxes": 726.2,
        "nonRecurringItems": -32.2,
        "otherOperatingExpensesTotal": 53,
        "period": "2021-09-30",
        "pretaxIncome": 777.6,
        "provisionforIncomeTaxes": 51.4,
        "revenue": 2454.3,
        "sgaExpense": 205.9,
        "totalOperatingExpense": 870.3,
        "totalOtherIncomeExpenseNet": -13.7
      },
      {
        "costOfGoodsSold": 647.9,
        "depreciationAmortization": 554.8,
        "dilutedAverageSharesOutstanding": 452.354,
        "dilutedEPS": 1.65,
        "ebit": 887.1,
        "grossIncome": 1651,
        "interestExpense": 213.7,
        "interestIncomeExpense": -59.2,
        "minorityInterest": -1.6,
        "netIncome": 746.3,
        "netIncomeAfterTaxes": 747.9,
        "nonRecurringItems": -37.9,
        "otherOperatingExpensesTotal": 1.9,
        "period": "2021-06-30",
        "pretaxIncome": 820.7,
        "provisionforIncomeTaxes": 72.8,
        "revenue": 2298.9,
        "sgaExpense": 207.2,
        "totalOperatingExpense": 763.9,
        "totalOtherIncomeExpenseNet": 30.7
      },
      {
        "costOfGoodsSold": 574.3,
        "depreciationAmortization": 522.5,
        "dilutedAverageSharesOutstanding": 446.294,
        "dilutedEPS": 1.45,
        "ebit": 875.9,
        "grossIncome": 1584.2,
        "interestExpense": 207,
        "interestIncomeExpense": -100.9,
        "minorityInterest": -7.3,
        "netIncome": 645,
        "netIncomeAfterTaxes": 652.3,
        "nonRecurringItems": -72.9,
        "otherOperatingExpensesTotal": 3.2,
        "period": "2021-03-31",
        "pretaxIncome": 702.6,
        "provisionforIncomeTaxes": 50.3,
        "revenue": 2158.5,
        "sgaExpense": 182.6,
        "totalOperatingExpense": 708.3,
        "totalOtherIncomeExpenseNet": 0.5
      },
      {
        "costOfGoodsSold": 572.6,
        "depreciationAmortization": 481.2,
        "dilutedAverageSharesOutstanding": 446.392,
        "dilutedEPS": 0.82,
        "ebit": 884.2,
        "grossIncome": 1549.9,
        "interestExpense": 196.1,
        "interestIncomeExpense": -248.3,
        "minorityInterest": 3.5,
        "netIncome": 365.1,
        "netIncomeAfterTaxes": 361.6,
        "nonRecurringItems": -209.9,
        "otherOperatingExpensesTotal": -11.8,
        "period": "2020-12-31",
        "pretaxIncome": 419.7,
        "provisionforIncomeTaxes": 58.1,
        "revenue": 2122.5,
        "sgaExpense": 196.3,
        "totalOperatingExpense": 665.7,
        "totalOtherIncomeExpenseNet": -6.3
      },
      {
        "costOfGoodsSold": 562.6,
        "depreciationAmortization": 473.9,
        "dilutedAverageSharesOutstanding": 446.156,
        "dilutedEPS": 1.04,
        "ebit": 797.5,
        "grossIncome": 1450.3,
        "interestExpense": 190.9,
        "interestIncomeExpense": -230.6,
        "minorityInterest": 1.5,
        "netIncome": 464.4,
        "netIncomeAfterTaxes": 462.9,
        "nonRecurringItems": -49.6,
        "otherOperatingExpensesTotal": 2.9,
        "period": "2020-09-30",
        "pretaxIncome": 502.2,
        "provisionforIncomeTaxes": 39.3,
        "revenue": 2012.9,
        "sgaExpense": 176,
        "totalOperatingExpense": 652.8,
        "totalOtherIncomeExpenseNet": -15.1
      },
      {
        "costOfGoodsSold": 540,
        "depreciationAmortization": 454.9,
        "dilutedAverageSharesOutstanding": 445.867,
        "dilutedEPS": 1,
        "ebit": 731.1,
        "grossIncome": 1373,
        "interestExpense": 197.7,
        "interestIncomeExpense": -227.1,
        "minorityInterest": -2.3,
        "netIncome": 446.1,
        "netIncomeAfterTaxes": 448.4,
        "nonRecurringItems": -39.8,
        "otherOperatingExpensesTotal": -1.6,
        "period": "2020-06-30",
        "pretaxIncome": 459.5,
        "provisionforIncomeTaxes": 11.1,
        "revenue": 1913,
        "sgaExpense": 188.6,
        "totalOperatingExpense": 641.9,
        "totalOtherIncomeExpenseNet": -4.7
      },
      {
        "costOfGoodsSold": 552,
        "depreciationAmortization": 472.3,
        "dilutedAverageSharesOutstanding": 445.832,
        "dilutedEPS": 0.93,
        "ebit": 749,
        "grossIncome": 1441.1,
        "interestExpense": 208.8,
        "interestIncomeExpense": -264.2,
        "minorityInterest": -3.6,
        "netIncome": 415,
        "netIncomeAfterTaxes": 418.6,
        "nonRecurringItems": -46.8,
        "otherOperatingExpensesTotal": 2,
        "period": "2020-03-31",
        "pretaxIncome": 439.7,
        "provisionforIncomeTaxes": 21.1,
        "revenue": 1993.1,
        "sgaExpense": 217.8,
        "totalOperatingExpense": 692.1,
        "totalOtherIncomeExpenseNet": 1.7
      },
      {
        "costOfGoodsSold": 550.2,
        "depreciationAmortization": 449.8,
        "dilutedAverageSharesOutstanding": 446.024,
        "dilutedEPS": 1.26,
        "ebit": 823.8,
        "grossIncome": 1373.5,
        "interestExpense": 200.9,
        "interestIncomeExpense": -198,
        "minorityInterest": -6.7,
        "netIncome": 562.7,
        "netIncomeAfterTaxes": 569.4,
        "nonRecurringItems": -162.5,
        "otherOperatingExpensesTotal": -79.7,
        "period": "2019-12-31",
        "pretaxIncome": 468.9,
        "provisionforIncomeTaxes": -100.5,
        "revenue": 1923.7,
        "sgaExpense": 179.6,
        "totalOperatingExpense": 549.7,
        "totalOtherIncomeExpenseNet": 5.6
      },
      {
        "costOfGoodsSold": 559.9,
        "depreciationAmortization": 442.8,
        "dilutedAverageSharesOutstanding": 445.829,
        "dilutedEPS": 1.12,
        "ebit": 834.5,
        "grossIncome": 1393.7,
        "interestExpense": 201.3,
        "interestIncomeExpense": -190.2,
        "minorityInterest": -6.7,
        "netIncome": 498.6,
        "netIncomeAfterTaxes": 505.3,
        "nonRecurringItems": -106.2,
        "otherOperatingExpensesTotal": -71.5,
        "period": "2019-09-30",
        "pretaxIncome": 542,
        "provisionforIncomeTaxes": 36.7,
        "revenue": 1953.6,
        "sgaExpense": 187.9,
        "totalOperatingExpense": 559.2,
        "totalOtherIncomeExpenseNet": 3.9
      },
      {
        "costOfGoodsSold": 563.3,
        "depreciationAmortization": 448.9,
        "dilutedAverageSharesOutstanding": 445.337,
        "dilutedEPS": 0.96,
        "ebit": 696.9,
        "grossIncome": 1326.3,
        "interestExpense": 204.5,
        "interestIncomeExpense": -198.1,
        "minorityInterest": -5.2,
        "netIncome": 429.1,
        "netIncomeAfterTaxes": 434.3,
        "nonRecurringItems": -35.1,
        "otherOperatingExpensesTotal": 15.7,
        "period": "2019-06-30",
        "pretaxIncome": 463.9,
        "provisionforIncomeTaxes": 29.6,
        "revenue": 1889.6,
        "sgaExpense": 164.8,
        "totalOperatingExpense": 629.4,
        "totalOtherIncomeExpenseNet": 0.2
      },
      {
        "costOfGoodsSold": 543.4,
        "depreciationAmortization": 436.9,
        "dilutedAverageSharesOutstanding": 444.621,
        "dilutedEPS": 0.89,
        "ebit": 633,
        "grossIncome": 1270,
        "interestExpense": 207.5,
        "interestIncomeExpense": -175,
        "minorityInterest": -10.2,
        "netIncome": 397.4,
        "netIncomeAfterTaxes": 407.6,
        "nonRecurringItems": -18.2,
        "otherOperatingExpensesTotal": 2,
        "period": "2019-03-31",
        "pretaxIncome": 441.6,
        "provisionforIncomeTaxes": 34,
        "revenue": 1813.4,
        "sgaExpense": 198.1,
        "totalOperatingExpense": 637,
        "totalOtherIncomeExpenseNet": 1.8
      },
      {
        "costOfGoodsSold": 540.9,
        "depreciationAmortization": 765.9,
        "dilutedAverageSharesOutstanding": 444.436,
        "dilutedEPS": 0.62,
        "ebit": 391.3,
        "grossIncome": 1591,
        "interestExpense": 208.8,
        "interestIncomeExpense": -195.7,
        "minorityInterest": -15.1,
        "netIncome": 277.6,
        "netIncomeAfterTaxes": 292.7,
        "nonRecurringItems": -5.7,
        "otherOperatingExpensesTotal": 241.3,
        "period": "2018-12-31",
        "pretaxIncome": 197.3,
        "provisionforIncomeTaxes": -95.4,
        "revenue": 2131.9,
        "sgaExpense": 192.5,
        "totalOperatingExpense": 1199.7,
        "totalOtherIncomeExpenseNet": 7.4
      },
      {
        "costOfGoodsSold": 556.7,
        "depreciationAmortization": 448.9,
        "dilutedAverageSharesOutstanding": 444.121,
        "dilutedEPS": 0.83,
        "ebit": 568.9,
        "grossIncome": 1228.8,
        "interestExpense": 210.1,
        "interestIncomeExpense": -191.1,
        "minorityInterest": -10.4,
        "netIncome": 366.9,
        "netIncomeAfterTaxes": 377.3,
        "nonRecurringItems": -1.7,
        "otherOperatingExpensesTotal": 33.1,
        "period": "2018-09-30",
        "pretaxIncome": 389.8,
        "provisionforIncomeTaxes": 12.5,
        "revenue": 1785.5,
        "sgaExpense": 177.9,
        "totalOperatingExpense": 659.9,
        "totalOtherIncomeExpenseNet": 13.7
      },
      {
        "costOfGoodsSold": 560.3,
        "depreciationAmortization": 449.7,
        "dilutedAverageSharesOutstanding": 444.362,
        "dilutedEPS": 0.69,
        "ebit": 579.2,
        "grossIncome": 1220.6,
        "interestExpense": 207.9,
        "interestIncomeExpense": -232,
        "minorityInterest": -7.7,
        "netIncome": 306.7,
        "netIncomeAfterTaxes": 314.4,
        "nonRecurringItems": -33.2,
        "otherOperatingExpensesTotal": 33.8,
        "period": "2018-06-30",
        "pretaxIncome": 318.3,
        "provisionforIncomeTaxes": 3.9,
        "revenue": 1780.9,
        "sgaExpense": 157.9,
        "totalOperatingExpense": 641.4,
        "totalOtherIncomeExpenseNet": 4.3
      },
      {
        "costOfGoodsSold": 519.9,
        "depreciationAmortization": 446.3,
        "dilutedAverageSharesOutstanding": 438.52,
        "dilutedEPS": 0.63,
        "ebit": 548.2,
        "grossIncome": 1221.9,
        "interestExpense": 199.9,
        "interestIncomeExpense": -156.6,
        "minorityInterest": 4.9,
        "netIncome": 275.8,
        "netIncomeAfterTaxes": 280.3,
        "nonRecurringItems": -145.3,
        "otherOperatingExpensesTotal": 22.5,
        "period": "2018-03-31",
        "pretaxIncome": 249.2,
        "provisionforIncomeTaxes": -31.1,
        "revenue": 1741.8,
        "sgaExpense": 204.9,
        "totalOperatingExpense": 673.7,
        "totalOtherIncomeExpenseNet": 2.9
      },
      {
        "costOfGoodsSold": 526.95,
        "depreciationAmortization": 466.051,
        "dilutedAverageSharesOutstanding": 432.795,
        "dilutedEPS": 0.51,
        "ebit": 511.861,
        "grossIncome": 1177.512,
        "interestExpense": 190.419,
        "interestIncomeExpense": -182.519,
        "minorityInterest": 43.685,
        "netIncome": 219.632,
        "netIncomeAfterTaxes": 194.816,
        "nonRecurringItems": -183.203,
        "otherOperatingExpensesTotal": 28.505,
        "period": "2017-12-31",
        "pretaxIncome": 141.361,
        "provisionforIncomeTaxes": -53.455,
        "revenue": 1704.462,
        "sgaExpense": 171.095,
        "totalOperatingExpense": 665.651,
        "totalOtherIncomeExpenseNet": -4.778
      },
      {
        "costOfGoodsSold": 519.759,
        "depreciationAmortization": 432.354,
        "dilutedAverageSharesOutstanding": 432.831,
        "dilutedEPS": 0.69,
        "ebit": 561.151,
        "grossIncome": 1161.007,
        "interestExpense": 189.076,
        "interestIncomeExpense": -183.102,
        "minorityInterest": -17.416,
        "netIncome": 298.361,
        "netIncomeAfterTaxes": 334.684,
        "nonRecurringItems": -14.183,
        "otherOperatingExpensesTotal": 19.541,
        "period": "2017-09-30",
        "pretaxIncome": 368.096,
        "provisionforIncomeTaxes": 33.412,
        "revenue": 1680.766,
        "sgaExpense": 147.961,
        "totalOperatingExpense": 599.856,
        "totalOtherIncomeExpenseNet": 4.23
      },
      {
        "costOfGoodsSold": 517.183,
        "depreciationAmortization": 396.355,
        "dilutedAverageSharesOutstanding": 430.487,
        "dilutedEPS": 0.8,
        "ebit": 576.909,
        "grossIncome": 1145.251,
        "interestExpense": 187.319,
        "interestIncomeExpense": -168.162,
        "minorityInterest": -21.439,
        "netIncome": 344.208,
        "netIncomeAfterTaxes": 388.49,
        "nonRecurringItems": -0.274,
        "otherOperatingExpensesTotal": 18.839,
        "period": "2017-06-30",
        "pretaxIncome": 412.47,
        "provisionforIncomeTaxes": 23.98,
        "revenue": 1662.434,
        "sgaExpense": 153.148,
        "totalOperatingExpense": 568.342,
        "totalOtherIncomeExpenseNet": 3.997
      },
      {
        "costOfGoodsSold": 492.708,
        "depreciationAmortization": 421.14,
        "dilutedAverageSharesOutstanding": 430.199,
        "dilutedEPS": 0.67,
        "ebit": 531.379,
        "grossIncome": 1123.53,
        "interestExpense": 183.986,
        "interestIncomeExpense": -143.117,
        "minorityInterest": 8.67,
        "netIncome": 289.299,
        "netIncomeAfterTaxes": 307.41,
        "nonRecurringItems": -55.44,
        "otherOperatingExpensesTotal": 6.215,
        "period": "2017-03-31",
        "pretaxIncome": 334.173,
        "provisionforIncomeTaxes": 26.763,
        "revenue": 1616.238,
        "sgaExpense": 164.796,
        "totalOperatingExpense": 592.151,
        "totalOtherIncomeExpenseNet": 1.351
      },
      {
        "costOfGoodsSold": 487.996,
        "depreciationAmortization": 388.237,
        "dilutedAverageSharesOutstanding": 430.075,
        "dilutedEPS": 0.47,
        "ebit": 489.296,
        "grossIncome": 1051.553,
        "interestExpense": 186.366,
        "interestIncomeExpense": -201.038,
        "minorityInterest": -3.646,
        "netIncome": 202.426,
        "netIncomeAfterTaxes": 232.853,
        "nonRecurringItems": 0.338,
        "otherOperatingExpensesTotal": 35.711,
        "period": "2016-12-31",
        "pretaxIncome": 293.683,
        "provisionforIncomeTaxes": 60.83,
        "revenue": 1539.549,
        "sgaExpense": 138.309,
        "totalOperatingExpense": 562.257,
        "totalOtherIncomeExpenseNet": 5.087
      },
      {
        "costOfGoodsSold": 491.237,
        "depreciationAmortization": 397.999,
        "dilutedAverageSharesOutstanding": 429.925,
        "dilutedEPS": 0.55,
        "ebit": 479.074,
        "grossIncome": 1023.608,
        "interestExpense": 190.439,
        "interestIncomeExpense": -172.721,
        "minorityInterest": 0.774,
        "netIncome": 237.728,
        "netIncomeAfterTaxes": 263.735,
        "nonRecurringItems": 0,
        "otherOperatingExpensesTotal": 14.998,
        "period": "2016-09-30",
        "pretaxIncome": 285.772,
        "provisionforIncomeTaxes": 22.037,
        "revenue": 1514.845,
        "sgaExpense": 131.537,
        "totalOperatingExpense": 544.534,
        "totalOtherIncomeExpenseNet": -20.581
      },
      {
        "costOfGoodsSold": 459.711,
        "depreciationAmortization": 397.765,
        "dilutedAverageSharesOutstanding": 429.004,
        "dilutedEPS": 0.37,
        "ebit": 432.806,
        "grossIncome": 982.516,
        "interestExpense": 181.32,
        "interestIncomeExpense": -196.405,
        "minorityInterest": -4.914,
        "netIncome": 160.768,
        "netIncomeAfterTaxes": 192.464,
        "nonRecurringItems": 0.83,
        "otherOperatingExpensesTotal": 13.711,
        "period": "2016-06-30",
        "pretaxIncome": 235.974,
        "provisionforIncomeTaxes": 43.51,
        "revenue": 1442.227,
        "sgaExpense": 138.234,
        "totalOperatingExpense": 549.71,
        "totalOtherIncomeExpenseNet": -1.257
      },
      {
        "costOfGoodsSold": 351.445,
        "depreciationAmortization": 341.634,
        "dilutedAverageSharesOutstanding": 427.888,
        "dilutedEPS": 0.58,
        "ebit": 451.853,
        "grossIncome": 937.602,
        "interestExpense": 160.163,
        "interestIncomeExpense": -124.268,
        "minorityInterest": -6.148,
        "netIncome": 248.378,
        "netIncomeAfterTaxes": 281.307,
        "nonRecurringItems": 0,
        "otherOperatingExpensesTotal": 8.8,
        "period": "2016-03-31",
        "pretaxIncome": 310.431,
        "provisionforIncomeTaxes": 29.124,
        "revenue": 1289.047,
        "sgaExpense": 135.315,
        "totalOperatingExpense": 485.749,
        "totalOtherIncomeExpenseNet": -17.154
      },
      {
        "costOfGoodsSold": 356.381,
        "depreciationAmortization": 352.356,
        "dilutedAverageSharesOutstanding": 428.004,
        "dilutedEPS": 0.48,
        "ebit": 402.124,
        "grossIncome": 923.66,
        "interestExpense": 149.761,
        "interestIncomeExpense": -321.499,
        "minorityInterest": 11.107,
        "netIncome": 205.921,
        "netIncomeAfterTaxes": 221.595,
        "nonRecurringItems": -0.813,
        "otherOperatingExpensesTotal": 25.805,
        "period": "2015-12-31",
        "pretaxIncome": 247.487,
        "provisionforIncomeTaxes": 25.892,
        "revenue": 1280.041,
        "sgaExpense": 143.375,
        "totalOperatingExpense": 521.536,
        "totalOtherIncomeExpenseNet": 167.675
      },
      {
        "costOfGoodsSold": 365.389,
        "depreciationAmortization": 341.096,
        "dilutedAverageSharesOutstanding": 427.227,
        "dilutedEPS": 0.18,
        "ebit": 400.925,
        "grossIncome": 872.521,
        "interestExpense": 149.827,
        "interestIncomeExpense": -64.427,
        "minorityInterest": 5.259,
        "netIncome": 76.218,
        "netIncomeAfterTaxes": 97.74,
        "nonRecurringItems": 0,
        "otherOperatingExpensesTotal": 15.668,
        "period": "2015-09-30",
        "pretaxIncome": 191.975,
        "provisionforIncomeTaxes": 94.235,
        "revenue": 1237.91,
        "sgaExpense": 114.832,
        "totalOperatingExpense": 471.596,
        "totalOtherIncomeExpenseNet": -144.523
      }
    ],
    "symbol": "AMT"
  }
}