{
  "symbol": "BEN",
  "statement": "ic",
  "frequency": "quarterly",
  "timestamp": "2025-09-19T14:00:46.271936",
  "data": {
    "financials": [
      {
        "costOfGoodsSold": 1331.8,
        "depreciationAmortization": 112.2,
        "dilutedAverageSharesOutstanding": 516.5,
        "dilutedEPS": 0.153,
        "ebit": 204.1,
        "grossIncome": 732.2,
        "interestExpense": 25.8,
        "interestIncomeExpense": 18,
        "minorityInterest": -24.4,
        "netIncome": 79,
        "netIncomeAfterTaxes": 116.7,
        "nonRecurringItems": -50,
        "period": "2025-06-30",
        "pretaxIncome": 176.6,
        "provisionforIncomeTaxes": 59.9,
        "revenue": 2064,
        "sgaExpense": 415.9,
        "totalOperatingExpense": 528.1,
        "totalOtherIncomeExpenseNet": 4.5
      },
      {
        "costOfGoodsSold": 1367.2,
        "depreciationAmortization": 112.5,
        "dilutedAverageSharesOutstanding": 519.9,
        "dilutedEPS": 0.2637,
        "ebit": 220.9,
        "grossIncome": 744.2,
        "interestExpense": 20.8,
        "interestIncomeExpense": -104.8,
        "minorityInterest": 139.8,
        "netIncome": 137.1,
        "netIncomeAfterTaxes": 11.6,
        "nonRecurringItems": -75.3,
        "period": "2025-03-31",
        "pretaxIncome": 42.7,
        "provisionforIncomeTaxes": 31.1,
        "revenue": 2111.4,
        "sgaExpense": 410.8,
        "totalOperatingExpense": 523.3,
        "totalOtherIncomeExpenseNet": 1.9
      },
      {
        "costOfGoodsSold": 1388.8,
        "depreciationAmortization": 112.6,
        "dilutedAverageSharesOutstanding": 518.2,
        "dilutedEPS": 0.286,
        "ebit": 333.9,
        "grossIncome": 862.8,
        "interestExpense": 23.1,
        "interestIncomeExpense": 90.5,
        "minorityInterest": -68.5,
        "netIncome": 148.2,
        "netIncomeAfterTaxes": 232.1,
        "nonRecurringItems": -114.9,
        "period": "2024-12-31",
        "pretaxIncome": 313.2,
        "provisionforIncomeTaxes": 81.1,
        "revenue": 2251.6,
        "sgaExpense": 416.3,
        "totalOperatingExpense": 528.9,
        "totalOtherIncomeExpenseNet": 3.7
      },
      {
        "costOfGoodsSold": 1380.9,
        "depreciationAmortization": 83.8,
        "dilutedAverageSharesOutstanding": 516.4,
        "dilutedEPS": -0.1811,
        "ebit": 295.3,
        "grossIncome": 830.3,
        "interestExpense": 25,
        "interestIncomeExpense": 103.9,
        "minorityInterest": -29,
        "netIncome": -93.5,
        "netIncomeAfterTaxes": -55.7,
        "nonRecurringItems": -446,
        "period": "2024-09-30",
        "pretaxIncome": -46.2,
        "provisionforIncomeTaxes": 9.5,
        "revenue": 2211.2,
        "sgaExpense": 451.2,
        "totalOperatingExpense": 535,
        "totalOtherIncomeExpenseNet": 0.6
      },
      {
        "costOfGoodsSold": 1331.2,
        "depreciationAmortization": 84,
        "dilutedAverageSharesOutstanding": 517.2,
        "dilutedEPS": 0.3219,
        "ebit": 266.2,
        "grossIncome": 791.7,
        "interestExpense": 25.7,
        "interestIncomeExpense": 72.7,
        "minorityInterest": -58,
        "netIncome": 166.5,
        "netIncomeAfterTaxes": 232,
        "nonRecurringItems": -43.7,
        "period": "2024-06-30",
        "pretaxIncome": 300.1,
        "provisionforIncomeTaxes": 68.1,
        "revenue": 2122.9,
        "sgaExpense": 441.5,
        "totalOperatingExpense": 525.5,
        "totalOtherIncomeExpenseNet": 4.9
      },
      {
        "costOfGoodsSold": 1393.6,
        "depreciationAmortization": 84.6,
        "dilutedAverageSharesOutstanding": 519.2,
        "dilutedEPS": 0.2254,
        "ebit": 248.2,
        "grossIncome": 759.2,
        "interestExpense": 27.7,
        "interestIncomeExpense": 104.8,
        "minorityInterest": -51.1,
        "netIncome": 117,
        "netIncomeAfterTaxes": 175.3,
        "nonRecurringItems": -118.9,
        "period": "2024-03-31",
        "pretaxIncome": 238.1,
        "provisionforIncomeTaxes": 62.8,
        "revenue": 2152.8,
        "sgaExpense": 426.4,
        "totalOperatingExpense": 511,
        "totalOtherIncomeExpenseNet": 4
      },
      {
        "depreciationAmortization": 85.8,
        "dilutedAverageSharesOutstanding": 511.3,
        "dilutedEPS": 0.4737,
        "ebit": 348.2,
        "interestExpense": 18.8,
        "interestIncomeExpense": 121.8,
        "minorityInterest": -5,
        "netIncome": 242.2,
        "netIncomeAfterTaxes": 256.3,
        "nonRecurringItems": -141.7,
        "period": "2023-12-31",
        "pretaxIncome": 331.2,
        "provisionforIncomeTaxes": 74.9,
        "revenue": 1991.1,
        "sgaExpense": 1557.1,
        "totalOperatingExpense": 1642.9,
        "totalOtherIncomeExpenseNet": 2.9
      },
      {
        "depreciationAmortization": 86.5,
        "dilutedAverageSharesOutstanding": 490.2,
        "dilutedEPS": 0.58,
        "ebit": 400.7,
        "interestExpense": 24.4,
        "interestIncomeExpense": 71.5,
        "minorityInterest": -53,
        "netIncome": 284.5,
        "netIncomeAfterTaxes": 348.5,
        "nonRecurringItems": -62.4,
        "period": "2023-09-30",
        "pretaxIncome": 423.5,
        "provisionforIncomeTaxes": 75,
        "revenue": 1986.1,
        "sgaExpense": 1498.9,
        "totalOperatingExpense": 1585.4,
        "totalOtherIncomeExpenseNet": 13.7
      },
      {
        "depreciationAmortization": 85.4,
        "dilutedAverageSharesOutstanding": 491.4,
        "dilutedEPS": 0.44,
        "ebit": 347.8,
        "interestExpense": 34.9,
        "interestIncomeExpense": 3.9,
        "minorityInterest": -20.5,
        "netIncome": 217.3,
        "netIncomeAfterTaxes": 248,
        "nonRecurringItems": -32.9,
        "period": "2023-06-30",
        "pretaxIncome": 332.1,
        "provisionforIncomeTaxes": 84.1,
        "revenue": 1969,
        "sgaExpense": 1535.8,
        "totalOperatingExpense": 1621.2,
        "totalOtherIncomeExpenseNet": 13.3
      },
      {
        "depreciationAmortization": 86,
        "dilutedAverageSharesOutstanding": 491.4,
        "dilutedEPS": 0.38,
        "ebit": 286.3,
        "interestExpense": 33.5,
        "interestIncomeExpense": 168.1,
        "minorityInterest": -143.9,
        "netIncome": 185.2,
        "netIncomeAfterTaxes": 338.1,
        "nonRecurringItems": -31.2,
        "period": "2023-03-31",
        "pretaxIncome": 431,
        "provisionforIncomeTaxes": 92.9,
        "revenue": 1927.2,
        "sgaExpense": 1554.9,
        "totalOperatingExpense": 1640.9,
        "totalOtherIncomeExpenseNet": 7.8
      },
      {
        "depreciationAmortization": 83.2,
        "dilutedAverageSharesOutstanding": 490.2,
        "dilutedEPS": 0.32,
        "ebit": 402.1,
        "interestExpense": 30.9,
        "interestIncomeExpense": 43.6,
        "minorityInterest": -3.2,
        "netIncome": 157.9,
        "netIncomeAfterTaxes": 168.8,
        "nonRecurringItems": -208.1,
        "period": "2022-12-31",
        "pretaxIncome": 229.1,
        "provisionforIncomeTaxes": 60.3,
        "revenue": 1967.1,
        "sgaExpense": 1481.8,
        "totalOperatingExpense": 1565,
        "totalOtherIncomeExpenseNet": -8.5
      },
      {
        "depreciationAmortization": 81.5,
        "dilutedAverageSharesOutstanding": 488.1,
        "dilutedEPS": 0.46,
        "ebit": 348.5,
        "interestExpense": 27.1,
        "interestIncomeExpense": -93.5,
        "minorityInterest": 27,
        "netIncome": 224.2,
        "netIncomeAfterTaxes": 205.7,
        "period": "2022-09-30",
        "pretaxIncome": 254.2,
        "provisionforIncomeTaxes": 48.5,
        "revenue": 1939,
        "sgaExpense": 1509,
        "totalOperatingExpense": 1590.5,
        "totalOtherIncomeExpenseNet": -0.8
      },
      {
        "depreciationAmortization": 81.8,
        "dilutedAverageSharesOutstanding": 487.9,
        "dilutedEPS": 0.5,
        "ebit": 404.7,
        "interestExpense": 28.9,
        "interestIncomeExpense": -100.7,
        "minorityInterest": 32.8,
        "netIncome": 245.2,
        "netIncomeAfterTaxes": 223.6,
        "period": "2022-06-30",
        "pretaxIncome": 313.1,
        "provisionforIncomeTaxes": 89.5,
        "revenue": 2031.3,
        "sgaExpense": 1544.8,
        "totalOperatingExpense": 1626.6,
        "totalOtherIncomeExpenseNet": 9.1
      },
      {
        "depreciationAmortization": 60.4,
        "dilutedAverageSharesOutstanding": 490.5,
        "dilutedEPS": 0.68,
        "ebit": 463,
        "interestExpense": 22.9,
        "interestIncomeExpense": 1.6,
        "minorityInterest": -9.5,
        "netIncome": 334.5,
        "netIncomeAfterTaxes": 359.1,
        "period": "2022-03-31",
        "pretaxIncome": 466.2,
        "provisionforIncomeTaxes": 107.1,
        "revenue": 2081,
        "sgaExpense": 1557.6,
        "totalOperatingExpense": 1618,
        "totalOtherIncomeExpenseNet": 1.6
      },
      {
        "depreciationAmortization": 58.3,
        "dilutedAverageSharesOutstanding": 490.6,
        "dilutedEPS": 0.88,
        "ebit": 557.7,
        "interestExpense": 19.3,
        "interestIncomeExpense": 145.9,
        "minorityInterest": -91.6,
        "netIncome": 433.9,
        "netIncomeAfterTaxes": 544.8,
        "period": "2021-12-31",
        "pretaxIncome": 695.9,
        "provisionforIncomeTaxes": 151.1,
        "revenue": 2224,
        "sgaExpense": 1608,
        "totalOperatingExpense": 1666.3,
        "totalOtherIncomeExpenseNet": -7.7
      },
      {
        "depreciationAmortization": 57.9,
        "dilutedAverageSharesOutstanding": 489.7,
        "dilutedEPS": 1.3,
        "ebit": 531.5,
        "interestExpense": 14.1,
        "interestIncomeExpense": 201.4,
        "minorityInterest": -77.1,
        "netIncome": 638.6,
        "netIncomeAfterTaxes": 742.8,
        "period": "2021-09-30",
        "pretaxIncome": 738,
        "provisionforIncomeTaxes": -4.8,
        "revenue": 2181,
        "sgaExpense": 1591.6,
        "totalOperatingExpense": 1649.5,
        "totalOtherIncomeExpenseNet": 5.1
      },
      {
        "depreciationAmortization": 58,
        "dilutedAverageSharesOutstanding": 489.9,
        "dilutedEPS": 0.86,
        "ebit": 478.1,
        "interestExpense": 25.7,
        "interestIncomeExpense": 79.1,
        "minorityInterest": -33.2,
        "netIncome": 419,
        "netIncomeAfterTaxes": 471.6,
        "period": "2021-06-30",
        "pretaxIncome": 555.4,
        "provisionforIncomeTaxes": 83.8,
        "revenue": 2172.9,
        "sgaExpense": 1636.8,
        "totalOperatingExpense": 1694.8,
        "totalOtherIncomeExpenseNet": -1.8
      },
      {
        "depreciationAmortization": 57.9,
        "dilutedAverageSharesOutstanding": 490.9,
        "dilutedEPS": 0.74,
        "ebit": 456.3,
        "interestExpense": 15.9,
        "interestIncomeExpense": 155.7,
        "minorityInterest": -103.6,
        "netIncome": 364.9,
        "netIncomeAfterTaxes": 485.4,
        "period": "2021-03-31",
        "pretaxIncome": 613.5,
        "provisionforIncomeTaxes": 128.1,
        "revenue": 2076.5,
        "sgaExpense": 1562.3,
        "totalOperatingExpense": 1620.2,
        "totalOtherIncomeExpenseNet": 1.5
      },
      {
        "depreciationAmortization": 58.2,
        "dilutedAverageSharesOutstanding": 491.7,
        "dilutedEPS": 0.67,
        "ebit": 409.1,
        "interestExpense": 29.7,
        "interestIncomeExpense": 137.2,
        "minorityInterest": -49.5,
        "netIncome": 330.7,
        "netIncomeAfterTaxes": 394.8,
        "period": "2020-12-31",
        "pretaxIncome": 537.3,
        "provisionforIncomeTaxes": 142.5,
        "revenue": 1995.1,
        "sgaExpense": 1527.8,
        "totalOperatingExpense": 1586,
        "totalOtherIncomeExpenseNet": -9
      },
      {
        "dilutedAverageSharesOutstanding": 491.5,
        "dilutedEPS": 0.15,
        "ebit": 103.6,
        "interestExpense": 18.4,
        "interestIncomeExpense": 89.9,
        "minorityInterest": -47.6,
        "netIncome": 73.3,
        "netIncomeAfterTaxes": 126.5,
        "otherOperatingExpensesTotal": -13.9,
        "period": "2020-09-30",
        "pretaxIncome": 199.6,
        "provisionforIncomeTaxes": 73.1,
        "revenue": 1705,
        "sgaExpense": 1615.3,
        "totalOperatingExpense": 1601.4,
        "totalOtherIncomeExpenseNet": 6.1
      },
      {
        "depreciationAmortization": 4.7,
        "dilutedAverageSharesOutstanding": 490.7,
        "dilutedEPS": 0.58,
        "ebit": 232.5,
        "interestExpense": 5.2,
        "interestIncomeExpense": 34.4,
        "minorityInterest": 36.7,
        "netIncome": 286.2,
        "netIncomeAfterTaxes": 253.7,
        "period": "2020-06-30",
        "pretaxIncome": 269.8,
        "provisionforIncomeTaxes": 16.1,
        "revenue": 1161.1,
        "sgaExpense": 923.9,
        "totalOperatingExpense": 928.6,
        "totalOtherIncomeExpenseNet": 2.9
      },
      {
        "depreciationAmortization": 4.4,
        "dilutedAverageSharesOutstanding": 491.8,
        "dilutedEPS": 0.16,
        "ebit": 339.9,
        "interestExpense": 3.7,
        "interestIncomeExpense": -230.7,
        "minorityInterest": 20.3,
        "netIncome": 77.3,
        "netIncomeAfterTaxes": 58.8,
        "period": "2020-03-31",
        "pretaxIncome": 102.9,
        "provisionforIncomeTaxes": 44.1,
        "revenue": 1311.2,
        "sgaExpense": 966.9,
        "totalOperatingExpense": 971.3,
        "totalOtherIncomeExpenseNet": -6.3
      },
      {
        "depreciationAmortization": 4.8,
        "dilutedAverageSharesOutstanding": 495.3,
        "dilutedEPS": 0.7,
        "ebit": 372.9,
        "interestExpense": 6.1,
        "interestIncomeExpense": 71.5,
        "minorityInterest": 2.4,
        "netIncome": 346.3,
        "netIncomeAfterTaxes": 348.1,
        "period": "2019-12-31",
        "pretaxIncome": 445.6,
        "provisionforIncomeTaxes": 97.5,
        "revenue": 1389.2,
        "sgaExpense": 1011.5,
        "totalOperatingExpense": 1016.3,
        "totalOtherIncomeExpenseNet": 1.2
      },
      {
        "dilutedAverageSharesOutstanding": 498.9,
        "dilutedEPS": 0.61,
        "ebit": 301,
        "interestExpense": 4.7,
        "interestIncomeExpense": 105.6,
        "minorityInterest": -2.9,
        "netIncome": 304.3,
        "netIncomeAfterTaxes": 309.3,
        "period": "2019-09-30",
        "pretaxIncome": 395.8,
        "provisionforIncomeTaxes": 86.5,
        "revenue": 1347.4,
        "sgaExpense": 1046.4,
        "totalOperatingExpense": 1046.4,
        "totalOtherIncomeExpenseNet": -10.8
      },
      {
        "dilutedAverageSharesOutstanding": 502.3,
        "dilutedEPS": 0.48,
        "ebit": 374.9,
        "interestExpense": 5.6,
        "interestIncomeExpense": 33.4,
        "minorityInterest": -8.7,
        "netIncome": 243.3,
        "netIncomeAfterTaxes": 254.6,
        "period": "2019-06-30",
        "pretaxIncome": 413.5,
        "provisionforIncomeTaxes": 158.9,
        "revenue": 1476.7,
        "sgaExpense": 1101.8,
        "totalOperatingExpense": 1101.8,
        "totalOtherIncomeExpenseNet": 5.2
      },
      {
        "dilutedAverageSharesOutstanding": 505.1,
        "dilutedEPS": 0.72,
        "ebit": 379.5,
        "interestExpense": 5.7,
        "interestIncomeExpense": 107.9,
        "minorityInterest": -14.1,
        "netIncome": 363.7,
        "netIncomeAfterTaxes": 381.6,
        "period": "2019-03-31",
        "pretaxIncome": 492.5,
        "provisionforIncomeTaxes": 110.9,
        "revenue": 1433.8,
        "sgaExpense": 1054.3,
        "totalOperatingExpense": 1054.3,
        "totalOtherIncomeExpenseNet": 5.1
      },
      {
        "dilutedAverageSharesOutstanding": 510.8,
        "dilutedEPS": 0.54,
        "ebit": 411.5,
        "interestExpense": 6.4,
        "interestIncomeExpense": -69.5,
        "minorityInterest": 15.9,
        "netIncome": 273.4,
        "netIncomeAfterTaxes": 260,
        "period": "2018-12-31",
        "pretaxIncome": 346,
        "provisionforIncomeTaxes": 86,
        "revenue": 1411.5,
        "sgaExpense": 1000,
        "totalOperatingExpense": 1000,
        "totalOtherIncomeExpenseNet": 4
      },
      {
        "dilutedAverageSharesOutstanding": 521.2,
        "dilutedEPS": 0.96,
        "ebit": 478.7,
        "interestExpense": 5.8,
        "interestIncomeExpense": -2.6,
        "minorityInterest": 26.2,
        "netIncome": 502,
        "netIncomeAfterTaxes": 386.7,
        "nonRecurringItems": -0.8,
        "period": "2018-09-30",
        "pretaxIncome": 483.3,
        "provisionforIncomeTaxes": 96.6,
        "revenue": 1527.2,
        "sgaExpense": 1048.5,
        "totalOperatingExpense": 1048.5,
        "totalOtherIncomeExpenseNet": 8
      },
      {
        "dilutedAverageSharesOutstanding": 533.5,
        "dilutedEPS": 0.73,
        "ebit": 503.1,
        "interestExpense": 22.1,
        "interestIncomeExpense": -60.5,
        "minorityInterest": 46.6,
        "netIncome": 398.7,
        "netIncomeAfterTaxes": 345.7,
        "nonRecurringItems": -0.3,
        "period": "2018-06-30",
        "pretaxIncome": 447.2,
        "provisionforIncomeTaxes": 101.5,
        "revenue": 1558.6,
        "sgaExpense": 1055.5,
        "totalOperatingExpense": 1055.5,
        "totalOtherIncomeExpenseNet": 4.9
      },
      {
        "dilutedAverageSharesOutstanding": 531.1,
        "dilutedEPS": 0.82,
        "ebit": 555.7,
        "interestExpense": 10,
        "interestIncomeExpense": 69.4,
        "minorityInterest": -39.7,
        "netIncome": 430.4,
        "netIncomeAfterTaxes": 482.1,
        "nonRecurringItems": -0.1,
        "period": "2018-03-31",
        "pretaxIncome": 633.1,
        "provisionforIncomeTaxes": 151,
        "revenue": 1617.8,
        "sgaExpense": 1062.1,
        "totalOperatingExpense": 1062.1,
        "totalOtherIncomeExpenseNet": 8.1
      },
      {
        "dilutedAverageSharesOutstanding": 550.7,
        "dilutedEPS": -1.06,
        "ebit": 581.1,
        "interestExpense": 10.8,
        "interestIncomeExpense": 66.7,
        "minorityInterest": -11.4,
        "netIncome": -584.3,
        "netIncomeAfterTaxes": 497,
        "nonRecurringItems": -0.5,
        "period": "2017-12-31",
        "pretaxIncome": 651.6,
        "provisionforIncomeTaxes": 154.6,
        "revenue": 1615.5,
        "sgaExpense": 1034.4,
        "totalOperatingExpense": 1034.4,
        "totalOtherIncomeExpenseNet": 4.3
      },
      {
        "dilutedAverageSharesOutstanding": 553.7,
        "dilutedEPS": 0.76,
        "ebit": 557.7,
        "interestExpense": 12.7,
        "interestIncomeExpense": 93.3,
        "minorityInterest": -51.3,
        "netIncome": 422.7,
        "netIncomeAfterTaxes": 476.5,
        "nonRecurringItems": 0,
        "period": "2017-09-30",
        "pretaxIncome": 658.4,
        "provisionforIncomeTaxes": 181.9,
        "revenue": 1616.9,
        "sgaExpense": 1059.2,
        "totalOperatingExpense": 1059.2,
        "totalOtherIncomeExpenseNet": 7.4
      },
      {
        "dilutedAverageSharesOutstanding": 556.7,
        "dilutedEPS": 0.73,
        "ebit": 564.2,
        "interestExpense": 12.9,
        "interestIncomeExpense": 72.5,
        "minorityInterest": -48.8,
        "netIncome": 407.1,
        "netIncomeAfterTaxes": 459.4,
        "nonRecurringItems": -0.5,
        "period": "2017-06-30",
        "pretaxIncome": 643.5,
        "provisionforIncomeTaxes": 184.1,
        "revenue": 1613.9,
        "sgaExpense": 1049.7,
        "totalOperatingExpense": 1049.7,
        "totalOtherIncomeExpenseNet": 7.3
      },
      {
        "dilutedAverageSharesOutstanding": 560.6,
        "dilutedEPS": 0.74,
        "ebit": 555.5,
        "interestExpense": 12.6,
        "interestIncomeExpense": 69.1,
        "minorityInterest": -14.3,
        "netIncome": 417.2,
        "netIncomeAfterTaxes": 435,
        "nonRecurringItems": 0,
        "period": "2017-03-31",
        "pretaxIncome": 627.5,
        "provisionforIncomeTaxes": 192.5,
        "revenue": 1600.6,
        "sgaExpense": 1045.1,
        "totalOperatingExpense": 1045.1,
        "totalOtherIncomeExpenseNet": 2.9
      },
      {
        "dilutedAverageSharesOutstanding": 565.2,
        "dilutedEPS": 0.77,
        "ebit": 586.9,
        "interestExpense": 13.3,
        "interestIncomeExpense": 28.7,
        "minorityInterest": 21.4,
        "netIncome": 437.2,
        "netIncomeAfterTaxes": 418.8,
        "nonRecurringItems": -0.3,
        "period": "2016-12-31",
        "pretaxIncome": 619.7,
        "provisionforIncomeTaxes": 200.9,
        "revenue": 1560.8,
        "sgaExpense": 973.9,
        "totalOperatingExpense": 973.9,
        "totalOtherIncomeExpenseNet": 4.4
      },
      {
        "dilutedAverageSharesOutstanding": 571.5,
        "dilutedEPS": 0.82,
        "ebit": 579.4,
        "gainLossOnDispositionOfAssets": 3.2,
        "interestExpense": 13.4,
        "interestIncomeExpense": 40.6,
        "minorityInterest": -0.9,
        "netIncome": 469.7,
        "netIncomeAfterTaxes": 473,
        "nonRecurringItems": -4.1,
        "period": "2016-09-30",
        "pretaxIncome": 636.3,
        "provisionforIncomeTaxes": 163.3,
        "revenue": 1611.8,
        "sgaExpense": 1032.4,
        "totalOperatingExpense": 1032.4,
        "totalOtherIncomeExpenseNet": 17.2
      },
      {
        "dilutedAverageSharesOutstanding": 578.9,
        "dilutedEPS": 0.77,
        "ebit": 595.4,
        "gainLossOnDispositionOfAssets": 2.2,
        "interestExpense": 12.3,
        "interestIncomeExpense": 63.9,
        "minorityInterest": -15.1,
        "netIncome": 443.2,
        "netIncomeAfterTaxes": 461.5,
        "nonRecurringItems": -2.2,
        "period": "2016-06-30",
        "pretaxIncome": 648.9,
        "provisionforIncomeTaxes": 187.4,
        "revenue": 1634.3,
        "sgaExpense": 1038.9,
        "totalOperatingExpense": 1038.9,
        "totalOtherIncomeExpenseNet": -10.4
      },
      {
        "dilutedAverageSharesOutstanding": 587.1,
        "dilutedEPS": 0.61,
        "ebit": 537.3,
        "gainLossOnDispositionOfAssets": 0.7,
        "interestExpense": 12.2,
        "interestIncomeExpense": 5.3,
        "minorityInterest": -0.4,
        "netIncome": 357.7,
        "netIncomeAfterTaxes": 360.8,
        "nonRecurringItems": -4.4,
        "period": "2016-03-31",
        "pretaxIncome": 542.5,
        "provisionforIncomeTaxes": 181.7,
        "revenue": 1613.9,
        "sgaExpense": 1076.6,
        "totalOperatingExpense": 1076.6,
        "totalOtherIncomeExpenseNet": 3.6
      },
      {
        "dilutedAverageSharesOutstanding": 597.7,
        "dilutedEPS": 0.74,
        "ebit": 653.6,
        "gainLossOnDispositionOfAssets": 0.1,
        "interestExpense": 12,
        "interestIncomeExpense": 16.7,
        "minorityInterest": -14.6,
        "netIncome": 445.1,
        "netIncomeAfterTaxes": 462.4,
        "nonRecurringItems": -0.4,
        "period": "2015-12-31",
        "pretaxIncome": 672.1,
        "provisionforIncomeTaxes": 209.7,
        "revenue": 1758,
        "sgaExpense": 1104.4,
        "totalOperatingExpense": 1104.4,
        "totalOtherIncomeExpenseNet": 2.1
      },
      {
        "dilutedAverageSharesOutstanding": 607.4,
        "dilutedEPS": 0.59,
        "ebit": 718.1,
        "gainLossOnDispositionOfAssets": 0.8,
        "interestExpense": 12.9,
        "interestIncomeExpense": -112.6,
        "minorityInterest": -23.3,
        "netIncome": 356.7,
        "netIncomeAfterTaxes": 381.5,
        "nonRecurringItems": -4.5,
        "period": "2015-09-30",
        "pretaxIncome": 595.7,
        "provisionforIncomeTaxes": 214.2,
        "revenue": 1873.8,
        "sgaExpense": 1155.7,
        "totalOperatingExpense": 1155.7,
        "totalOtherIncomeExpenseNet": -6.1
      }
    ],
    "symbol": "BEN"
  }
}