{
  "symbol": "KMX",
  "statement": "ic",
  "frequency": "quarterly",
  "timestamp": "2025-09-19T13:57:26.059456",
  "data": {
    "financials": [
      {
        "costOfGoodsSold": 6652.918,
        "depreciationAmortization": 65.739,
        "dilutedAverageSharesOutstanding": 152.607,
        "dilutedEPS": 1.3786,
        "ebit": 168.55,
        "grossIncome": 893.623,
        "interestExpense": 27.07,
        "interestIncomeExpense": 114.58,
        "netIncome": 210.381,
        "netIncomeAfterTaxes": 210.381,
        "otherOperatingExpensesTotal": -0.309,
        "period": "2025-05-31",
        "pretaxIncome": 283.13,
        "provisionforIncomeTaxes": 72.749,
        "revenue": 7546.541,
        "sgaExpense": 659.643,
        "totalOperatingExpense": 725.073
      },
      {
        "costOfGoodsSold": 5335.23,
        "depreciationAmortization": 65.044,
        "dilutedAverageSharesOutstanding": 154.732,
        "dilutedEPS": 0.5808,
        "ebit": -4.47,
        "grossIncome": 667.893,
        "interestExpense": 24.14,
        "interestIncomeExpense": 135.174,
        "netIncome": 89.866,
        "netIncomeAfterTaxes": 89.866,
        "nonRecurringItems": -12.3,
        "otherOperatingExpensesTotal": -3.226,
        "period": "2025-02-28",
        "pretaxIncome": 118.404,
        "provisionforIncomeTaxes": 28.538,
        "revenue": 6003.123,
        "sgaExpense": 610.545,
        "totalOperatingExpense": 672.363
      },
      {
        "costOfGoodsSold": 5545.725,
        "depreciationAmortization": 64.507,
        "dilutedAverageSharesOutstanding": 155.265,
        "dilutedEPS": 0.8079,
        "ebit": 32.005,
        "grossIncome": 677.646,
        "interestExpense": 25.418,
        "interestIncomeExpense": 134.467,
        "netIncome": 125.441,
        "netIncomeAfterTaxes": 125.441,
        "otherOperatingExpensesTotal": 5.37,
        "period": "2024-11-30",
        "pretaxIncome": 166.472,
        "provisionforIncomeTaxes": 41.031,
        "revenue": 6223.371,
        "sgaExpense": 575.764,
        "totalOperatingExpense": 645.641
      },
      {
        "costOfGoodsSold": 6253.062,
        "depreciationAmortization": 63.901,
        "dilutedAverageSharesOutstanding": 156.526,
        "dilutedEPS": 0.8485,
        "ebit": 89.285,
        "grossIncome": 760.467,
        "interestExpense": 27.021,
        "interestIncomeExpense": 88.559,
        "netIncome": 132.809,
        "netIncomeAfterTaxes": 132.809,
        "otherOperatingExpensesTotal": -3.352,
        "period": "2024-08-31",
        "pretaxIncome": 177.844,
        "provisionforIncomeTaxes": 45.035,
        "revenue": 7013.529,
        "sgaExpense": 610.633,
        "totalOperatingExpense": 671.182
      },
      {
        "costOfGoodsSold": 6321.502,
        "depreciationAmortization": 61.869,
        "dilutedAverageSharesOutstanding": 157.706,
        "dilutedEPS": 0.9666,
        "ebit": 91.032,
        "grossIncome": 791.895,
        "interestExpense": 31.362,
        "interestIncomeExpense": 115.608,
        "netIncome": 152.44,
        "netIncomeAfterTaxes": 152.44,
        "otherOperatingExpensesTotal": 0.393,
        "period": "2024-05-31",
        "pretaxIncome": 206.64,
        "provisionforIncomeTaxes": 54.2,
        "revenue": 7113.397,
        "sgaExpense": 638.601,
        "totalOperatingExpense": 700.863
      },
      {
        "costOfGoodsSold": 5040.412,
        "depreciationAmortization": 61.169,
        "dilutedAverageSharesOutstanding": 158.23,
        "dilutedEPS": 0.3177,
        "ebit": -50.322,
        "grossIncome": 586.191,
        "interestExpense": 31.434,
        "interestIncomeExpense": 115.833,
        "netIncome": 50.268,
        "netIncomeAfterTaxes": 50.268,
        "nonRecurringItems": 0,
        "otherOperatingExpensesTotal": -5.541,
        "period": "2024-02-29",
        "pretaxIncome": 65.511,
        "provisionforIncomeTaxes": 15.243,
        "revenue": 5626.603,
        "sgaExpense": 580.885,
        "totalOperatingExpense": 636.513
      },
      {
        "costOfGoodsSold": 5535.675,
        "depreciationAmortization": 60.623,
        "dilutedAverageSharesOutstanding": 158.799,
        "dilutedEPS": 0.52,
        "ebit": -6.836,
        "grossIncome": 612.863,
        "interestExpense": 31.265,
        "interestIncomeExpense": 117.394,
        "netIncome": 82.003,
        "netIncomeAfterTaxes": 82.003,
        "otherOperatingExpensesTotal": -0.886,
        "period": "2023-11-30",
        "pretaxIncome": 110.558,
        "provisionforIncomeTaxes": 28.555,
        "revenue": 6148.538,
        "sgaExpense": 559.962,
        "totalOperatingExpense": 619.699
      },
      {
        "costOfGoodsSold": 6377.071,
        "depreciationAmortization": 58.817,
        "dilutedAverageSharesOutstanding": 159.238,
        "dilutedEPS": 0.75,
        "ebit": 122.084,
        "grossIncome": 696.765,
        "interestExpense": 31.585,
        "interestIncomeExpense": 103.402,
        "netIncome": 118.635,
        "netIncomeAfterTaxes": 118.635,
        "nonRecurringItems": -67.2,
        "otherOperatingExpensesTotal": -2.63,
        "period": "2023-08-31",
        "pretaxIncome": 158.286,
        "provisionforIncomeTaxes": 39.651,
        "revenue": 7073.836,
        "sgaExpense": 518.494,
        "totalOperatingExpense": 574.681
      },
      {
        "costOfGoodsSold": 6869.673,
        "depreciationAmortization": 58.419,
        "dilutedAverageSharesOutstanding": 158.561,
        "dilutedEPS": 1.44,
        "ebit": 200.348,
        "grossIncome": 817.39,
        "interestExpense": 30.466,
        "interestIncomeExpense": 106.892,
        "netIncome": 228.298,
        "netIncomeAfterTaxes": 228.298,
        "otherOperatingExpensesTotal": -1.214,
        "period": "2023-05-31",
        "pretaxIncome": 307.24,
        "provisionforIncomeTaxes": 78.942,
        "revenue": 7687.063,
        "sgaExpense": 559.837,
        "totalOperatingExpense": 617.042
      },
      {
        "costOfGoodsSold": 5111.514,
        "depreciationAmortization": 57.732,
        "dilutedAverageSharesOutstanding": 158.499,
        "dilutedEPS": 0.44,
        "ebit": -12.504,
        "grossIncome": 610.979,
        "interestExpense": 28.728,
        "interestIncomeExpense": 95.138,
        "netIncome": 69.012,
        "netIncomeAfterTaxes": 69.012,
        "otherOperatingExpensesTotal": -7.098,
        "period": "2023-02-28",
        "pretaxIncome": 82.634,
        "provisionforIncomeTaxes": 13.622,
        "revenue": 5722.493,
        "sgaExpense": 572.849,
        "totalOperatingExpense": 623.483
      },
      {
        "costOfGoodsSold": 5929.268,
        "depreciationAmortization": 57.377,
        "dilutedAverageSharesOutstanding": 158.536,
        "dilutedEPS": 0.24,
        "ebit": -72.053,
        "grossIncome": 576.688,
        "interestExpense": 30.15,
        "interestIncomeExpense": 122.046,
        "netIncome": 37.58,
        "netIncomeAfterTaxes": 37.58,
        "otherOperatingExpensesTotal": -0.363,
        "period": "2022-11-30",
        "pretaxIncome": 49.993,
        "provisionforIncomeTaxes": 12.413,
        "revenue": 6505.956,
        "sgaExpense": 591.727,
        "totalOperatingExpense": 648.741
      },
      {
        "costOfGoodsSold": 7407.658,
        "depreciationAmortization": 57.692,
        "dilutedAverageSharesOutstanding": 160.218,
        "dilutedEPS": 0.79,
        "ebit": 17.451,
        "grossIncome": 737.145,
        "interestExpense": 32.745,
        "interestIncomeExpense": 150.124,
        "netIncome": 125.905,
        "netIncomeAfterTaxes": 125.905,
        "otherOperatingExpensesTotal": -4.039,
        "period": "2022-08-31",
        "pretaxIncome": 167.575,
        "provisionforIncomeTaxes": 41.67,
        "revenue": 8144.803,
        "sgaExpense": 666.041,
        "totalOperatingExpense": 719.694
      },
      {
        "costOfGoodsSold": 8436.23,
        "depreciationAmortization": 55.648,
        "dilutedAverageSharesOutstanding": 161.798,
        "dilutedEPS": 1.56,
        "ebit": 160.904,
        "grossIncome": 875.391,
        "interestExpense": 28.775,
        "interestIncomeExpense": 175.698,
        "netIncome": 252.265,
        "netIncomeAfterTaxes": 252.265,
        "otherOperatingExpensesTotal": 2.099,
        "period": "2022-05-31",
        "pretaxIncome": 336.602,
        "provisionforIncomeTaxes": 84.337,
        "revenue": 9311.621,
        "sgaExpense": 656.74,
        "totalOperatingExpense": 714.487
      },
      {
        "costOfGoodsSold": 6975.706,
        "depreciationAmortization": 54.849,
        "dilutedAverageSharesOutstanding": 163.886,
        "dilutedEPS": 0.98,
        "ebit": 11.72,
        "grossIncome": 710.989,
        "interestExpense": 26.848,
        "interestIncomeExpense": 166.927,
        "netIncome": 159.836,
        "netIncomeAfterTaxes": 159.836,
        "nonRecurringItems": 22.6,
        "otherOperatingExpensesTotal": 0.885,
        "period": "2022-02-28",
        "pretaxIncome": 201.247,
        "provisionforIncomeTaxes": 41.411,
        "revenue": 7686.695,
        "sgaExpense": 643.535,
        "totalOperatingExpense": 699.269
      },
      {
        "costOfGoodsSold": 7691.199,
        "depreciationAmortization": 54.428,
        "dilutedAverageSharesOutstanding": 164.873,
        "dilutedEPS": 1.63,
        "ebit": 214.296,
        "grossIncome": 836.56,
        "interestExpense": 24.303,
        "interestIncomeExpense": 141.665,
        "netIncome": 269.438,
        "netIncomeAfterTaxes": 269.438,
        "otherOperatingExpensesTotal": -8.094,
        "period": "2021-11-30",
        "pretaxIncome": 355.961,
        "provisionforIncomeTaxes": 86.523,
        "revenue": 8527.759,
        "sgaExpense": 575.93,
        "totalOperatingExpense": 622.264
      },
      {
        "costOfGoodsSold": 7172.875,
        "depreciationAmortization": 52.789,
        "dilutedAverageSharesOutstanding": 165.643,
        "dilutedEPS": 1.72,
        "ebit": 190.191,
        "grossIncome": 815.484,
        "interestExpense": 22.41,
        "interestIncomeExpense": 177.623,
        "netIncome": 285.267,
        "netIncomeAfterTaxes": 285.267,
        "otherOperatingExpensesTotal": -1.782,
        "period": "2021-08-31",
        "pretaxIncome": 367.814,
        "provisionforIncomeTaxes": 82.547,
        "revenue": 7988.359,
        "sgaExpense": 574.286,
        "totalOperatingExpense": 625.293
      },
      {
        "costOfGoodsSold": 6773.09,
        "depreciationAmortization": 49.89,
        "dilutedAverageSharesOutstanding": 166.295,
        "dilutedEPS": 2.63,
        "ebit": 346.127,
        "grossIncome": 924.509,
        "interestExpense": 20.534,
        "interestIncomeExpense": 221.197,
        "netIncome": 436.756,
        "netIncomeAfterTaxes": 436.756,
        "otherOperatingExpensesTotal": -25.577,
        "period": "2021-05-31",
        "pretaxIncome": 567.324,
        "provisionforIncomeTaxes": 130.568,
        "revenue": 7697.599,
        "sgaExpense": 554.069,
        "totalOperatingExpense": 578.382
      },
      {
        "costOfGoodsSold": 4522.888,
        "dilutedAverageSharesOutstanding": 165.604,
        "dilutedEPS": 1.27,
        "ebit": 94.318,
        "grossIncome": 641.369,
        "interestExpense": 20.289,
        "interestIncomeExpense": 167.931,
        "netIncome": 209.945,
        "netIncomeAfterTaxes": 209.945,
        "nonRecurringItems": 0,
        "otherOperatingExpensesTotal": -9.003,
        "period": "2021-02-28",
        "pretaxIncome": 262.249,
        "provisionforIncomeTaxes": 52.304,
        "revenue": 5164.257,
        "sgaExpense": 556.054,
        "totalOperatingExpense": 547.051
      },
      {
        "costOfGoodsSold": 4553.514,
        "dilutedAverageSharesOutstanding": 165.773,
        "dilutedEPS": 1.42,
        "ebit": 153.52,
        "grossIncome": 631.43,
        "interestExpense": 19.462,
        "interestIncomeExpense": 156.983,
        "netIncome": 235.3,
        "netIncomeAfterTaxes": 235.3,
        "nonRecurringItems": 0,
        "otherOperatingExpensesTotal": -0.887,
        "period": "2020-11-30",
        "pretaxIncome": 310.503,
        "provisionforIncomeTaxes": 75.203,
        "revenue": 5184.944,
        "sgaExpense": 478.797,
        "totalOperatingExpense": 477.91
      },
      {
        "costOfGoodsSold": 4620.023,
        "dilutedAverageSharesOutstanding": 165.623,
        "dilutedEPS": 1.79,
        "ebit": 263.615,
        "grossIncome": 752.143,
        "interestExpense": 22.469,
        "interestIncomeExpense": 124.726,
        "netIncome": 296.696,
        "netIncomeAfterTaxes": 296.696,
        "nonRecurringItems": 0,
        "otherOperatingExpensesTotal": -1.68,
        "period": "2020-08-31",
        "pretaxIncome": 388.341,
        "provisionforIncomeTaxes": 91.645,
        "revenue": 5372.166,
        "sgaExpense": 490.208,
        "totalOperatingExpense": 488.528
      },
      {
        "costOfGoodsSold": 2874.599,
        "dilutedAverageSharesOutstanding": 163.537,
        "dilutedEPS": 0.03,
        "ebit": -63.128,
        "grossIncome": 354.183,
        "interestExpense": 23.958,
        "interestIncomeExpense": 26.992,
        "netIncome": 4.978,
        "netIncomeAfterTaxes": 4.978,
        "nonRecurringItems": 40.3,
        "otherOperatingExpensesTotal": 3.295,
        "period": "2020-05-31",
        "pretaxIncome": 4.164,
        "provisionforIncomeTaxes": -0.814,
        "revenue": 3228.782,
        "sgaExpense": 414.016,
        "totalOperatingExpense": 417.311
      },
      {
        "costOfGoodsSold": 4289.633,
        "dilutedAverageSharesOutstanding": 165.818,
        "dilutedEPS": 1.3,
        "ebit": 187.033,
        "grossIncome": 672.857,
        "interestExpense": 22.307,
        "interestIncomeExpense": 89.6,
        "netIncome": 214.934,
        "netIncomeAfterTaxes": 214.934,
        "otherOperatingExpensesTotal": 1.096,
        "period": "2020-02-29",
        "pretaxIncome": 276.633,
        "provisionforIncomeTaxes": 61.699,
        "revenue": 4962.49,
        "sgaExpense": 484.728,
        "totalOperatingExpense": 485.824
      },
      {
        "costOfGoodsSold": 4176.381,
        "dilutedAverageSharesOutstanding": 166.534,
        "dilutedEPS": 1.04,
        "ebit": 135.369,
        "grossIncome": 613.647,
        "interestExpense": 21.843,
        "interestIncomeExpense": 92.19,
        "netIncome": 173.156,
        "netIncomeAfterTaxes": 173.156,
        "otherOperatingExpensesTotal": -6.57,
        "period": "2019-11-30",
        "pretaxIncome": 227.559,
        "provisionforIncomeTaxes": 54.403,
        "revenue": 4790.028,
        "sgaExpense": 484.848,
        "totalOperatingExpense": 478.278
      },
      {
        "costOfGoodsSold": 4507.698,
        "dilutedAverageSharesOutstanding": 167.272,
        "dilutedEPS": 1.4,
        "ebit": 212.479,
        "grossIncome": 693.453,
        "interestExpense": 21.073,
        "interestIncomeExpense": 93.058,
        "netIncome": 233.599,
        "netIncomeAfterTaxes": 233.599,
        "otherOperatingExpensesTotal": 0.143,
        "period": "2019-08-31",
        "pretaxIncome": 305.537,
        "provisionforIncomeTaxes": 71.938,
        "revenue": 5201.151,
        "sgaExpense": 480.831,
        "totalOperatingExpense": 480.974
      },
      {
        "costOfGoodsSold": 4623.935,
        "dilutedAverageSharesOutstanding": 167.643,
        "dilutedEPS": 1.59,
        "ebit": 253.082,
        "grossIncome": 742.383,
        "interestExpense": 17.784,
        "interestIncomeExpense": 98.175,
        "netIncome": 266.744,
        "netIncomeAfterTaxes": 266.744,
        "otherOperatingExpensesTotal": -0.359,
        "period": "2019-05-31",
        "pretaxIncome": 351.257,
        "provisionforIncomeTaxes": 84.513,
        "revenue": 5366.318,
        "sgaExpense": 489.66,
        "totalOperatingExpense": 489.301
      },
      {
        "costOfGoodsSold": 3719.224,
        "dilutedAverageSharesOutstanding": 170.568,
        "dilutedEPS": 1.13,
        "ebit": 173.1,
        "grossIncome": 599.378,
        "interestExpense": 20.976,
        "interestIncomeExpense": 82.729,
        "netIncome": 192.556,
        "netIncomeAfterTaxes": 192.556,
        "otherOperatingExpensesTotal": -2.689,
        "period": "2019-02-28",
        "pretaxIncome": 255.829,
        "provisionforIncomeTaxes": 63.273,
        "revenue": 4318.602,
        "sgaExpense": 428.967,
        "totalOperatingExpense": 426.278
      },
      {
        "costOfGoodsSold": 3726.634,
        "dilutedAverageSharesOutstanding": 175.321,
        "dilutedEPS": 1.09,
        "ebit": 156.897,
        "grossIncome": 569.237,
        "interestExpense": 18.814,
        "interestIncomeExpense": 90.911,
        "netIncome": 190.311,
        "netIncomeAfterTaxes": 190.311,
        "otherOperatingExpensesTotal": 2.82,
        "period": "2018-11-30",
        "pretaxIncome": 247.808,
        "provisionforIncomeTaxes": 57.497,
        "revenue": 4295.871,
        "sgaExpense": 409.52,
        "totalOperatingExpense": 412.34
      },
      {
        "costOfGoodsSold": 4115.399,
        "dilutedAverageSharesOutstanding": 178.2,
        "dilutedEPS": 1.24,
        "ebit": 197.768,
        "grossIncome": 650.636,
        "interestExpense": 17.95,
        "interestIncomeExpense": 91.717,
        "netIncome": 220.89,
        "netIncomeAfterTaxes": 220.89,
        "otherOperatingExpensesTotal": -0.686,
        "period": "2018-08-31",
        "pretaxIncome": 289.485,
        "provisionforIncomeTaxes": 68.595,
        "revenue": 4766.035,
        "sgaExpense": 453.554,
        "totalOperatingExpense": 452.868
      },
      {
        "costOfGoodsSold": 4131.252,
        "dilutedAverageSharesOutstanding": 178.139,
        "dilutedEPS": 1.34,
        "ebit": 222.143,
        "grossIncome": 661.34,
        "interestExpense": 18.052,
        "interestIncomeExpense": 97.541,
        "netIncome": 238.656,
        "netIncomeAfterTaxes": 238.656,
        "otherOperatingExpensesTotal": 0.963,
        "period": "2018-05-31",
        "pretaxIncome": 319.684,
        "provisionforIncomeTaxes": 81.028,
        "revenue": 4792.592,
        "sgaExpense": 438.234,
        "totalOperatingExpense": 439.197
      },
      {
        "costOfGoodsSold": 3547.49,
        "dilutedAverageSharesOutstanding": 182.277,
        "dilutedEPS": 0.67,
        "ebit": 128.716,
        "grossIncome": 536.728,
        "interestExpense": 19.666,
        "interestIncomeExpense": 81.407,
        "netIncome": 122.146,
        "netIncomeAfterTaxes": 134.046,
        "otherOperatingExpensesTotal": -0.802,
        "period": "2018-02-28",
        "pretaxIncome": 210.123,
        "provisionforIncomeTaxes": 76.077,
        "revenue": 4084.218,
        "sgaExpense": 408.814,
        "totalOperatingExpense": 408.012
      },
      {
        "costOfGoodsSold": 3567.829,
        "dilutedAverageSharesOutstanding": 184.033,
        "dilutedEPS": 0.81,
        "ebit": 139.795,
        "grossIncome": 539.188,
        "interestExpense": 17.405,
        "interestIncomeExpense": 85.405,
        "netIncome": 148.84,
        "netIncomeAfterTaxes": 148.84,
        "otherOperatingExpensesTotal": -0.279,
        "period": "2017-11-30",
        "pretaxIncome": 225.2,
        "provisionforIncomeTaxes": 76.36,
        "revenue": 4107.017,
        "sgaExpense": 399.672,
        "totalOperatingExpense": 399.393
      },
      {
        "costOfGoodsSold": 3782.635,
        "dilutedAverageSharesOutstanding": 184.696,
        "dilutedEPS": 0.98,
        "ebit": 199.132,
        "grossIncome": 604.005,
        "interestExpense": 16.836,
        "interestIncomeExpense": 91.1,
        "netIncome": 181.424,
        "netIncomeAfterTaxes": 181.424,
        "otherOperatingExpensesTotal": -0.189,
        "period": "2017-08-31",
        "pretaxIncome": 290.232,
        "provisionforIncomeTaxes": 108.808,
        "revenue": 4386.64,
        "sgaExpense": 405.062,
        "totalOperatingExpense": 404.873
      },
      {
        "costOfGoodsSold": 3893.396,
        "dilutedAverageSharesOutstanding": 186.859,
        "dilutedEPS": 1.13,
        "ebit": 245.528,
        "grossIncome": 648.938,
        "interestExpense": 16.838,
        "interestIncomeExpense": 92.525,
        "netIncome": 211.702,
        "netIncomeAfterTaxes": 211.702,
        "otherOperatingExpensesTotal": -0.093,
        "period": "2017-05-31",
        "pretaxIncome": 338.053,
        "provisionforIncomeTaxes": 126.351,
        "revenue": 4542.334,
        "sgaExpense": 403.503,
        "totalOperatingExpense": 403.41
      },
      {
        "costOfGoodsSold": 3487.8,
        "dilutedAverageSharesOutstanding": 189.143,
        "dilutedEPS": 0.81,
        "ebit": 175.77,
        "grossIncome": 562.16,
        "interestExpense": 16.353,
        "interestIncomeExpense": 66.545,
        "netIncome": 152.603,
        "netIncomeAfterTaxes": 152.603,
        "otherOperatingExpensesTotal": 0.977,
        "period": "2017-02-28",
        "pretaxIncome": 242.315,
        "provisionforIncomeTaxes": 89.712,
        "revenue": 4049.96,
        "sgaExpense": 385.413,
        "totalOperatingExpense": 386.39
      },
      {
        "costOfGoodsSold": 3198.389,
        "dilutedAverageSharesOutstanding": 190.818,
        "dilutedEPS": 0.72,
        "ebit": 145.373,
        "grossIncome": 503.135,
        "interestExpense": 15.071,
        "interestIncomeExpense": 74.288,
        "netIncome": 136.645,
        "netIncomeAfterTaxes": 136.645,
        "otherOperatingExpensesTotal": 1.027,
        "period": "2016-11-30",
        "pretaxIncome": 219.661,
        "provisionforIncomeTaxes": 83.016,
        "revenue": 3701.524,
        "sgaExpense": 356.735,
        "totalOperatingExpense": 357.762
      },
      {
        "costOfGoodsSold": 3451.886,
        "dilutedAverageSharesOutstanding": 193.623,
        "dilutedEPS": 0.84,
        "ebit": 179.671,
        "grossIncome": 545.362,
        "interestExpense": 13.904,
        "interestIncomeExpense": 82.065,
        "netIncome": 162.362,
        "netIncomeAfterTaxes": 162.362,
        "otherOperatingExpensesTotal": -0.435,
        "period": "2016-08-31",
        "pretaxIncome": 261.736,
        "provisionforIncomeTaxes": 99.374,
        "revenue": 3997.248,
        "sgaExpense": 366.126,
        "totalOperatingExpense": 365.691
      },
      {
        "costOfGoodsSold": 3553.749,
        "dilutedAverageSharesOutstanding": 195.253,
        "dilutedEPS": 0.9,
        "ebit": 193.023,
        "grossIncome": 572.637,
        "interestExpense": 11.088,
        "interestIncomeExpense": 89.67,
        "netIncome": 175.36,
        "netIncomeAfterTaxes": 175.36,
        "otherOperatingExpensesTotal": -0.616,
        "period": "2016-05-31",
        "pretaxIncome": 282.693,
        "provisionforIncomeTaxes": 107.333,
        "revenue": 4126.386,
        "sgaExpense": 380.23,
        "totalOperatingExpense": 379.614
      },
      {
        "costOfGoodsSold": 3216.54,
        "dilutedAverageSharesOutstanding": 197.434,
        "dilutedEPS": 0.71,
        "ebit": 145.637,
        "grossIncome": 489.265,
        "interestExpense": 11.784,
        "interestIncomeExpense": 80.549,
        "netIncome": 141.027,
        "netIncomeAfterTaxes": 141.027,
        "otherOperatingExpensesTotal": 9.768,
        "period": "2016-02-29",
        "pretaxIncome": 226.186,
        "provisionforIncomeTaxes": 85.159,
        "revenue": 3705.805,
        "sgaExpense": 333.86,
        "totalOperatingExpense": 343.628
      },
      {
        "costOfGoodsSold": 3079.738,
        "dilutedAverageSharesOutstanding": 203.383,
        "dilutedEPS": 0.63,
        "ebit": 125.662,
        "grossIncome": 464.331,
        "interestExpense": 10.021,
        "interestIncomeExpense": 82.295,
        "netIncome": 128.199,
        "netIncomeAfterTaxes": 128.199,
        "otherOperatingExpensesTotal": 1.157,
        "period": "2015-11-30",
        "pretaxIncome": 207.957,
        "provisionforIncomeTaxes": 79.758,
        "revenue": 3544.069,
        "sgaExpense": 337.512,
        "totalOperatingExpense": 338.669
      },
      {
        "costOfGoodsSold": 3363.543,
        "dilutedAverageSharesOutstanding": 209.648,
        "dilutedEPS": 0.82,
        "ebit": 188.993,
        "grossIncome": 521.37,
        "interestExpense": 7.45,
        "interestIncomeExpense": 90.829,
        "netIncome": 172.228,
        "netIncomeAfterTaxes": 172.228,
        "otherOperatingExpensesTotal": 1.593,
        "period": "2015-08-31",
        "pretaxIncome": 279.822,
        "provisionforIncomeTaxes": 107.594,
        "revenue": 3884.913,
        "sgaExpense": 330.784,
        "totalOperatingExpense": 332.377
      }
    ],
    "symbol": "KMX"
  }
}