{
  "symbol": "AIZ",
  "statement": "ic",
  "frequency": "quarterly",
  "timestamp": "2025-09-19T13:56:20.984602",
  "data": {
    "financials": [
      {
        "benefitsClaimsLossAdjustment": 721.5,
        "dilutedAverageSharesOutstanding": 51.5721,
        "dilutedEPS": 4.5626,
        "ebit": 315.7,
        "grossPremiumsEarned": 3051.4,
        "interestExpense": 26.7,
        "interestIncomeExpense": -26.7,
        "netIncome": 235.3,
        "netIncomeAfterTaxes": 235.3,
        "nonRecurringItems": 0,
        "period": "2025-06-30",
        "pretaxIncome": 289,
        "provisionforIncomeTaxes": 53.7,
        "revenue": 3158.4,
        "sgaExpense": 2121.2,
        "totalOperatingExpense": 2842.7
      },
      {
        "benefitsClaimsLossAdjustment": 779.7,
        "dilutedAverageSharesOutstanding": 51.7311,
        "dilutedEPS": 2.8339,
        "ebit": 213.5,
        "grossPremiumsEarned": 2965.2,
        "interestExpense": 26.8,
        "interestIncomeExpense": -26.8,
        "netIncome": 146.6,
        "netIncomeAfterTaxes": 146.6,
        "nonRecurringItems": -3,
        "period": "2025-03-31",
        "pretaxIncome": 183.7,
        "provisionforIncomeTaxes": 37.1,
        "revenue": 3077,
        "sgaExpense": 2083.8,
        "totalOperatingExpense": 2863.5
      },
      {
        "benefitsClaimsLossAdjustment": 670.5,
        "dilutedAverageSharesOutstanding": 52.2098,
        "dilutedEPS": 3.8556,
        "ebit": 280.7,
        "grossPremiumsEarned": 2996.1,
        "interestExpense": 26.8,
        "interestIncomeExpense": -26.8,
        "netIncome": 201.3,
        "netIncomeAfterTaxes": 201.3,
        "nonRecurringItems": -3.9,
        "period": "2024-12-31",
        "pretaxIncome": 250,
        "provisionforIncomeTaxes": 48.7,
        "revenue": 3104.8,
        "sgaExpense": 2157.5,
        "totalOperatingExpense": 2828
      },
      {
        "benefitsClaimsLossAdjustment": 776.8,
        "dilutedAverageSharesOutstanding": 52.4645,
        "dilutedEPS": 2.5503,
        "ebit": 187.6,
        "grossPremiumsEarned": 2856.3,
        "interestExpense": 26.7,
        "interestIncomeExpense": -26.7,
        "netIncome": 133.8,
        "netIncomeAfterTaxes": 133.8,
        "nonRecurringItems": -9.4,
        "period": "2024-09-30",
        "pretaxIncome": 151.5,
        "provisionforIncomeTaxes": 17.7,
        "revenue": 2967.7,
        "sgaExpense": 2012.7,
        "totalOperatingExpense": 2789.5
      },
      {
        "benefitsClaimsLossAdjustment": 696.1,
        "dilutedAverageSharesOutstanding": 52.7177,
        "dilutedEPS": 3.5794,
        "ebit": 263.4,
        "grossPremiumsEarned": 2819.8,
        "interestExpense": 26.7,
        "interestIncomeExpense": -26.7,
        "netIncome": 188.7,
        "netIncomeAfterTaxes": 188.7,
        "nonRecurringItems": -3.8,
        "period": "2024-06-30",
        "pretaxIncome": 232.9,
        "provisionforIncomeTaxes": 44.2,
        "revenue": 2924.9,
        "sgaExpense": 1969.2,
        "totalOperatingExpense": 2665.3
      },
      {
        "benefitsClaimsLossAdjustment": 623.1,
        "dilutedAverageSharesOutstanding": 52.8723,
        "dilutedEPS": 4.4712,
        "ebit": 327.7,
        "grossPremiumsEarned": 2762.2,
        "interestExpense": 26.8,
        "interestIncomeExpense": -26.8,
        "netIncome": 236.4,
        "netIncomeAfterTaxes": 236.4,
        "nonRecurringItems": -8,
        "period": "2024-03-31",
        "pretaxIncome": 292.9,
        "provisionforIncomeTaxes": 56.5,
        "revenue": 2880.1,
        "sgaExpense": 1937.3,
        "totalOperatingExpense": 2560.4
      },
      {
        "benefitsClaimsLossAdjustment": 599.1,
        "dilutedAverageSharesOutstanding": 53.6591,
        "dilutedEPS": 3.4011,
        "ebit": 264,
        "grossPremiumsEarned": 2856.6,
        "interestExpense": 26.8,
        "interestIncomeExpense": -26.8,
        "netIncome": 182.5,
        "netIncomeAfterTaxes": 182.5,
        "nonRecurringItems": -10.6,
        "period": "2023-12-31",
        "pretaxIncome": 226.6,
        "provisionforIncomeTaxes": 44.1,
        "revenue": 2983.1,
        "sgaExpense": 2130.6,
        "totalOperatingExpense": 2729.7
      },
      {
        "benefitsClaimsLossAdjustment": 644.6,
        "dilutedAverageSharesOutstanding": 53.7,
        "dilutedEPS": 3.54,
        "ebit": 255,
        "grossPremiumsEarned": 2667.7,
        "interestExpense": 27,
        "interestIncomeExpense": -27,
        "netIncome": 190.1,
        "netIncomeAfterTaxes": 190.1,
        "nonRecurringItems": 0.8,
        "period": "2023-09-30",
        "pretaxIncome": 228.8,
        "provisionforIncomeTaxes": 38.7,
        "revenue": 2773.3,
        "sgaExpense": 1873.7,
        "totalOperatingExpense": 2518.3
      },
      {
        "benefitsClaimsLossAdjustment": 632.5,
        "dilutedAverageSharesOutstanding": 53.9,
        "dilutedEPS": 2.9,
        "ebit": 234.6,
        "grossPremiumsEarned": 2638.7,
        "interestExpense": 27.2,
        "interestIncomeExpense": -27.2,
        "netIncome": 156.3,
        "netIncomeAfterTaxes": 156.3,
        "nonRecurringItems": -3.1,
        "period": "2023-06-30",
        "pretaxIncome": 204.3,
        "provisionforIncomeTaxes": 48,
        "revenue": 2734.7,
        "sgaExpense": 1867.6,
        "totalOperatingExpense": 2500.1
      },
      {
        "benefitsClaimsLossAdjustment": 645.6,
        "dilutedAverageSharesOutstanding": 53.7,
        "dilutedEPS": 2.12,
        "ebit": 176.5,
        "grossPremiumsEarned": 2548.2,
        "interestExpense": 27,
        "interestIncomeExpense": -27,
        "netIncome": 113.6,
        "netIncomeAfterTaxes": 113.6,
        "nonRecurringItems": -2.4,
        "period": "2023-03-31",
        "pretaxIncome": 147.1,
        "provisionforIncomeTaxes": 33.5,
        "revenue": 2645.3,
        "sgaExpense": 1823.2,
        "totalOperatingExpense": 2468.8
      },
      {
        "benefitsClaimsLossAdjustment": 599.3,
        "dilutedAverageSharesOutstanding": 53.8,
        "dilutedEPS": 1.27,
        "ebit": 138.7,
        "grossPremiumsEarned": 2564,
        "interestExpense": 27.9,
        "interestIncomeExpense": -27.9,
        "minorityInterest": 0,
        "netIncome": 68.1,
        "netIncomeAfterTaxes": 68.1,
        "nonRecurringItems": -14.5,
        "period": "2022-12-31",
        "pretaxIncome": 96.3,
        "provisionforIncomeTaxes": 28.2,
        "revenue": 2659.5,
        "sgaExpense": 1921.5,
        "totalOperatingExpense": 2520.8
      },
      {
        "benefitsClaimsLossAdjustment": 670.5,
        "dilutedAverageSharesOutstanding": 54.1,
        "dilutedEPS": 0.14,
        "ebit": 34.8,
        "grossPremiumsEarned": 2491.7,
        "interestExpense": 26.3,
        "interestIncomeExpense": -26.3,
        "netIncome": 7.3,
        "netIncomeAfterTaxes": 7.3,
        "nonRecurringItems": 0,
        "period": "2022-09-30",
        "pretaxIncome": 8.5,
        "provisionforIncomeTaxes": 1.2,
        "revenue": 2547.8,
        "sgaExpense": 1842.5,
        "totalOperatingExpense": 2513
      },
      {
        "benefitsClaimsLossAdjustment": 600,
        "dilutedAverageSharesOutstanding": 55,
        "dilutedEPS": 0.95,
        "ebit": 96.4,
        "grossPremiumsEarned": 2494.1,
        "interestExpense": 27.2,
        "interestIncomeExpense": -27.2,
        "minorityInterest": 0,
        "netIncome": 52.2,
        "netIncomeAfterTaxes": 52.2,
        "nonRecurringItems": 0.7,
        "period": "2022-06-30",
        "pretaxIncome": 69.9,
        "provisionforIncomeTaxes": 17.7,
        "revenue": 2508.1,
        "sgaExpense": 1811.7,
        "totalOperatingExpense": 2411.7
      },
      {
        "benefitsClaimsLossAdjustment": 490,
        "dilutedAverageSharesOutstanding": 55.3,
        "dilutedEPS": 2.69,
        "ebit": 201.6,
        "grossPremiumsEarned": 2458.8,
        "interestExpense": 26.9,
        "interestIncomeExpense": -26.9,
        "minorityInterest": 0,
        "netIncome": 149,
        "netIncomeAfterTaxes": 149,
        "nonRecurringItems": 0.5,
        "period": "2022-03-31",
        "pretaxIncome": 175.2,
        "provisionforIncomeTaxes": 26.2,
        "revenue": 2482.2,
        "sgaExpense": 1790.6,
        "totalOperatingExpense": 2280.6
      },
      {
        "benefitsClaimsLossAdjustment": 517.7,
        "dilutedAverageSharesOutstanding": 57.9,
        "dilutedEPS": 2.08,
        "ebit": 185.7,
        "grossPremiumsEarned": 2490.7,
        "interestExpense": 27.1,
        "interestIncomeExpense": -27.1,
        "minorityInterest": 0,
        "netIncome": 120.9,
        "netIncomeAfterTaxes": 124,
        "nonRecurringItems": 0,
        "period": "2021-12-31",
        "pretaxIncome": 158.6,
        "provisionforIncomeTaxes": 34.6,
        "revenue": 2574.9,
        "sgaExpense": 1871.5,
        "totalOperatingExpense": 2389.2
      },
      {
        "benefitsClaimsLossAdjustment": 617.4,
        "dilutedAverageSharesOutstanding": 59.5,
        "dilutedEPS": 14.78,
        "ebit": 236.4,
        "grossPremiumsEarned": 2449.7,
        "interestExpense": 27.5,
        "interestIncomeExpense": -27.5,
        "netIncome": 879.8,
        "netIncomeAfterTaxes": 151,
        "nonRecurringItems": -20.7,
        "period": "2021-09-30",
        "pretaxIncome": 188.2,
        "provisionforIncomeTaxes": 37.2,
        "revenue": 2637.8,
        "sgaExpense": 1784,
        "totalOperatingExpense": 2401.4
      },
      {
        "benefitsClaimsLossAdjustment": 535.2,
        "dilutedAverageSharesOutstanding": 61.3,
        "dilutedEPS": 3.35,
        "ebit": 269.7,
        "grossPremiumsEarned": 2449.1,
        "interestExpense": 28.8,
        "interestIncomeExpense": -28.8,
        "minorityInterest": -0.2,
        "netIncome": 205.8,
        "netIncomeAfterTaxes": 187.1,
        "nonRecurringItems": -1.2,
        "period": "2021-06-30",
        "pretaxIncome": 239.7,
        "provisionforIncomeTaxes": 52.6,
        "revenue": 2543.5,
        "sgaExpense": 1738.6,
        "totalOperatingExpense": 2273.8
      },
      {
        "benefitsClaimsLossAdjustment": 531.6,
        "dilutedAverageSharesOutstanding": 61.4,
        "dilutedEPS": 2.45,
        "ebit": 212.2,
        "grossPremiumsEarned": 2355.5,
        "interestExpense": 28.4,
        "interestIncomeExpense": -28.4,
        "minorityInterest": 0.2,
        "netIncome": 150.6,
        "netIncomeAfterTaxes": 140.8,
        "nonRecurringItems": 1,
        "period": "2021-03-31",
        "pretaxIncome": 184.8,
        "provisionforIncomeTaxes": 44,
        "revenue": 2431.6,
        "sgaExpense": 1687.8,
        "totalOperatingExpense": 2219.4
      },
      {
        "benefitsClaimsLossAdjustment": 577.9,
        "deferredPolicyAcquisitionExpense": -2689.6,
        "dilutedAverageSharesOutstanding": 62.7,
        "dilutedEPS": 2.12,
        "ebit": 188.7,
        "grossPremiumsEarned": 2317.2,
        "interestExpense": 26.8,
        "interestIncomeExpense": -26.8,
        "minorityInterest": -2,
        "netIncome": 133.5,
        "netIncomeAfterTaxes": 118.1,
        "nonRecurringItems": -5.7,
        "period": "2020-12-31",
        "pretaxIncome": 156.2,
        "provisionforIncomeTaxes": 38.1,
        "revenue": 2425.9,
        "sgaExpense": 4348.9,
        "totalOperatingExpense": 2237.2
      },
      {
        "benefitsClaimsLossAdjustment": 638.5,
        "deferredPolicyAcquisitionExpense": 927.3,
        "dilutedAverageSharesOutstanding": 60.2,
        "dilutedEPS": -0.57,
        "ebit": 139.3,
        "grossPremiumsEarned": 2296.2,
        "interestExpense": 25.5,
        "interestIncomeExpense": -25.5,
        "minorityInterest": -0.3,
        "netIncome": -34.9,
        "netIncomeAfterTaxes": 88,
        "nonRecurringItems": -1.3,
        "period": "2020-09-30",
        "pretaxIncome": 112.5,
        "provisionforIncomeTaxes": 24.5,
        "revenue": 2378,
        "sgaExpense": 672.9,
        "totalOperatingExpense": 2238.7
      },
      {
        "benefitsClaimsLossAdjustment": 523.6,
        "deferredPolicyAcquisitionExpense": 867,
        "dilutedAverageSharesOutstanding": 63.3,
        "dilutedEPS": 2.74,
        "ebit": 238.5,
        "grossPremiumsEarned": 2257.7,
        "interestExpense": 26.7,
        "interestIncomeExpense": -21.8,
        "minorityInterest": -0.3,
        "netIncome": 173.5,
        "netIncomeAfterTaxes": 164.7,
        "nonRecurringItems": -7.4,
        "period": "2020-06-30",
        "pretaxIncome": 209.3,
        "provisionforIncomeTaxes": 44.6,
        "revenue": 2354.5,
        "sgaExpense": 725.4,
        "totalOperatingExpense": 2116
      },
      {
        "benefitsClaimsLossAdjustment": 535.2,
        "deferredPolicyAcquisitionExpense": 895.3,
        "dilutedAverageSharesOutstanding": 63.6,
        "dilutedEPS": 2.35,
        "ebit": 116.4,
        "grossPremiumsEarned": 2449.1,
        "interestExpense": 25.5,
        "interestIncomeExpense": -11,
        "minorityInterest": -1.1,
        "netIncome": 150,
        "netIncomeAfterTaxes": 148.6,
        "nonRecurringItems": -5.3,
        "period": "2020-03-31",
        "pretaxIncome": 100.1,
        "provisionforIncomeTaxes": -48.5,
        "revenue": 2439.5,
        "sgaExpense": 892.6,
        "totalOperatingExpense": 2323.1
      },
      {
        "benefitsClaimsLossAdjustment": 378.8,
        "deferredPolicyAcquisitionExpense": 774.6,
        "dilutedAverageSharesOutstanding": 61.9,
        "dilutedEPS": 1.98,
        "ebit": 137.9,
        "grossPremiumsEarned": 2201.1,
        "interestExpense": 25.4,
        "interestIncomeExpense": -57.9,
        "minorityInterest": -1.2,
        "netIncome": 122.9,
        "netIncomeAfterTaxes": 48.4,
        "nonRecurringItems": -1,
        "period": "2019-12-31",
        "pretaxIncome": 79,
        "provisionforIncomeTaxes": 30.6,
        "revenue": 2089.7,
        "sgaExpense": 798.4,
        "totalOperatingExpense": 1951.8
      },
      {
        "benefitsClaimsLossAdjustment": 705.2,
        "deferredPolicyAcquisitionExpense": 869.5,
        "dilutedAverageSharesOutstanding": 61.8,
        "dilutedEPS": -0.96,
        "ebit": 160.3,
        "grossPremiumsEarned": 2314.9,
        "interestExpense": 32.2,
        "interestIncomeExpense": -153.3,
        "minorityInterest": -1.6,
        "netIncome": -59.5,
        "netIncomeAfterTaxes": -53.2,
        "nonRecurringItems": -31.6,
        "period": "2019-09-30",
        "pretaxIncome": -24.6,
        "provisionforIncomeTaxes": 28.6,
        "revenue": 2499.5,
        "sgaExpense": 764.5,
        "totalOperatingExpense": 2339.2
      },
      {
        "benefitsClaimsLossAdjustment": 687,
        "deferredPolicyAcquisitionExpense": 815.8,
        "dilutedAverageSharesOutstanding": 65.3,
        "dilutedEPS": 2.14,
        "ebit": 210.6,
        "grossPremiumsEarned": 2373.5,
        "interestExpense": 26.5,
        "interestIncomeExpense": -26.5,
        "minorityInterest": 1.5,
        "netIncome": 139.5,
        "netIncomeAfterTaxes": 142.6,
        "nonRecurringItems": -0.8,
        "period": "2019-06-30",
        "pretaxIncome": 183.3,
        "provisionforIncomeTaxes": 40.7,
        "revenue": 2546.1,
        "sgaExpense": 832.7,
        "totalOperatingExpense": 2335.5
      },
      {
        "benefitsClaimsLossAdjustment": 614.7,
        "deferredPolicyAcquisitionExpense": 777.3,
        "dilutedAverageSharesOutstanding": 65.8,
        "dilutedEPS": 2.45,
        "ebit": 284,
        "grossPremiumsEarned": 2240.5,
        "interestExpense": 26.5,
        "interestIncomeExpense": -26.5,
        "minorityInterest": -2.9,
        "netIncome": 161,
        "netIncomeAfterTaxes": 168.6,
        "nonRecurringItems": -40.5,
        "period": "2019-03-31",
        "pretaxIncome": 217,
        "provisionforIncomeTaxes": 48.4,
        "revenue": 2435.9,
        "sgaExpense": 759.9,
        "totalOperatingExpense": 2151.9
      },
      {
        "benefitsClaimsLossAdjustment": 756.5,
        "deferredPolicyAcquisitionExpense": 740.6,
        "dilutedAverageSharesOutstanding": 63.2,
        "dilutedEPS": 0.32,
        "ebit": 69.3,
        "grossPremiumsEarned": 2182.3,
        "interestExpense": 26.3,
        "interestIncomeExpense": -26.3,
        "minorityInterest": -1.6,
        "netIncome": 20.3,
        "netIncomeAfterTaxes": 26.6,
        "nonRecurringItems": -0.1,
        "period": "2018-12-31",
        "pretaxIncome": 42.9,
        "provisionforIncomeTaxes": 16.3,
        "revenue": 2317.1,
        "sgaExpense": 750.7,
        "totalOperatingExpense": 2247.8
      },
      {
        "benefitsClaimsLossAdjustment": 680.9,
        "deferredPolicyAcquisitionExpense": 750.6,
        "dilutedAverageSharesOutstanding": 63.8,
        "dilutedEPS": 0.75,
        "ebit": 102.8,
        "grossPremiumsEarned": 2124.2,
        "interestExpense": 26.5,
        "interestIncomeExpense": -26.5,
        "netIncome": 48.3,
        "netIncomeAfterTaxes": 54.5,
        "nonRecurringItems": -0.5,
        "period": "2018-09-30",
        "pretaxIncome": 75.8,
        "provisionforIncomeTaxes": 21.3,
        "revenue": 2270.8,
        "sgaExpense": 736.5,
        "totalOperatingExpense": 2168
      },
      {
        "benefitsClaimsLossAdjustment": 490.6,
        "deferredPolicyAcquisitionExpense": 463.2,
        "dilutedAverageSharesOutstanding": 57.3,
        "dilutedEPS": 1.09,
        "ebit": 104.3,
        "grossPremiumsEarned": 1707.5,
        "interestExpense": 26,
        "interestIncomeExpense": -26,
        "netIncome": 62.2,
        "netIncomeAfterTaxes": 67,
        "period": "2018-06-30",
        "pretaxIncome": 78.3,
        "provisionforIncomeTaxes": 11.3,
        "revenue": 1831.7,
        "sgaExpense": 773.6,
        "totalOperatingExpense": 1727.4
      },
      {
        "benefitsClaimsLossAdjustment": 414.6,
        "deferredPolicyAcquisitionExpense": 346.4,
        "dilutedAverageSharesOutstanding": 54.2,
        "dilutedEPS": 1.96,
        "ebit": 158,
        "grossPremiumsEarned": 1507.9,
        "interestExpense": 21.5,
        "interestIncomeExpense": -21.5,
        "netIncome": 106,
        "netIncomeAfterTaxes": 106,
        "period": "2018-03-31",
        "pretaxIncome": 136.5,
        "provisionforIncomeTaxes": 30.5,
        "revenue": 1638.6,
        "sgaExpense": 719.6,
        "totalOperatingExpense": 1480.6
      },
      {
        "benefitsClaimsLossAdjustment": 414,
        "deferredPolicyAcquisitionExpense": 346.3,
        "dilutedAverageSharesOutstanding": 55,
        "dilutedEPS": 5.68,
        "ebit": 170.6,
        "grossPremiumsEarned": 1552.7,
        "interestExpense": 12.3,
        "interestIncomeExpense": -12.3,
        "netIncome": 312.9,
        "netIncomeAfterTaxes": 135.9,
        "nonRecurringItems": 0,
        "period": "2017-12-31",
        "pretaxIncome": 158.3,
        "provisionforIncomeTaxes": 22.4,
        "revenue": 1676.6,
        "sgaExpense": 745.7,
        "totalOperatingExpense": 1506
      },
      {
        "benefitsClaimsLossAdjustment": 682.2,
        "deferredPolicyAcquisitionExpense": 332.5,
        "dilutedAverageSharesOutstanding": 54.5,
        "dilutedEPS": -1.05,
        "ebit": -95,
        "grossPremiumsEarned": 1445.3,
        "interestExpense": 12.2,
        "interestIncomeExpense": -12.2,
        "netIncome": -57.3,
        "netIncomeAfterTaxes": -57.3,
        "nonRecurringItems": -0.4,
        "period": "2017-09-30",
        "pretaxIncome": -107.6,
        "provisionforIncomeTaxes": -50.3,
        "revenue": 1586.8,
        "sgaExpense": 667.1,
        "totalOperatingExpense": 1681.8
      },
      {
        "benefitsClaimsLossAdjustment": 416.4,
        "deferredPolicyAcquisitionExpense": 346.7,
        "dilutedAverageSharesOutstanding": 55.5,
        "dilutedEPS": 2.17,
        "ebit": 191.2,
        "grossPremiumsEarned": 1465.6,
        "interestExpense": 12.4,
        "interestIncomeExpense": -12.4,
        "netIncome": 120.2,
        "netIncomeAfterTaxes": 120.2,
        "nonRecurringItems": -0.1,
        "period": "2017-06-30",
        "pretaxIncome": 178.7,
        "provisionforIncomeTaxes": 58.5,
        "revenue": 1600.6,
        "sgaExpense": 646.3,
        "totalOperatingExpense": 1409.4
      },
      {
        "benefitsClaimsLossAdjustment": 358,
        "deferredPolicyAcquisitionExpense": 314.5,
        "dilutedAverageSharesOutstanding": 56.8,
        "dilutedEPS": 2.53,
        "ebit": 228.1,
        "grossPremiumsEarned": 1427.5,
        "interestExpense": 12.6,
        "interestIncomeExpense": -12.6,
        "netIncome": 143.8,
        "netIncomeAfterTaxes": 143.8,
        "nonRecurringItems": -0.4,
        "period": "2017-03-31",
        "pretaxIncome": 215.1,
        "provisionforIncomeTaxes": 71.3,
        "revenue": 1551.9,
        "sgaExpense": 651.3,
        "totalOperatingExpense": 1323.8
      },
      {
        "benefitsClaimsLossAdjustment": 428.7,
        "deferredPolicyAcquisitionExpense": 344,
        "dilutedAverageSharesOutstanding": 58.5,
        "dilutedEPS": 0.54,
        "ebit": 97.8,
        "grossPremiumsEarned": 1648.8,
        "interestExpense": 13.878,
        "interestIncomeExpense": -13.9,
        "netIncome": 31.3,
        "netIncomeAfterTaxes": 31.3,
        "nonRecurringItems": -29.2,
        "period": "2016-12-31",
        "pretaxIncome": 54.7,
        "provisionforIncomeTaxes": 23.4,
        "revenue": 1758.5,
        "sgaExpense": 888,
        "totalOperatingExpense": 1660.7
      },
      {
        "benefitsClaimsLossAdjustment": 435.2,
        "deferredPolicyAcquisitionExpense": 330.4,
        "dilutedAverageSharesOutstanding": 60.8,
        "dilutedEPS": 2.37,
        "ebit": 234.9,
        "grossPremiumsEarned": 1698.7,
        "interestExpense": 14.006,
        "interestIncomeExpense": -14,
        "netIncome": 144.4,
        "netIncomeAfterTaxes": 144.4,
        "nonRecurringItems": 0,
        "period": "2016-09-30",
        "pretaxIncome": 220.9,
        "provisionforIncomeTaxes": 76.5,
        "revenue": 1834.2,
        "sgaExpense": 833.8,
        "totalOperatingExpense": 1599.3
      },
      {
        "benefitsClaimsLossAdjustment": 400.8,
        "deferredPolicyAcquisitionExpense": 342.6,
        "dilutedAverageSharesOutstanding": 62.7,
        "dilutedEPS": 2.7,
        "ebit": 250.8,
        "grossPremiumsEarned": 1656.3,
        "interestExpense": 15.232,
        "interestIncomeExpense": -15.2,
        "netIncome": 169.3,
        "netIncomeAfterTaxes": 169.3,
        "nonRecurringItems": -0.1,
        "period": "2016-06-30",
        "pretaxIncome": 235.5,
        "provisionforIncomeTaxes": 66.2,
        "revenue": 1797.8,
        "sgaExpense": 803.6,
        "totalOperatingExpense": 1547
      },
      {
        "benefitsClaimsLossAdjustment": 543.8,
        "deferredPolicyAcquisitionExpense": 334.3,
        "dilutedAverageSharesOutstanding": 65.9,
        "dilutedEPS": 3.34,
        "ebit": 352.6,
        "grossPremiumsEarned": 1820.5,
        "interestExpense": 14.503,
        "interestIncomeExpense": -14.5,
        "netIncome": 220.3,
        "netIncomeAfterTaxes": 220.3,
        "nonRecurringItems": -0.6,
        "period": "2016-03-31",
        "pretaxIncome": 337.5,
        "provisionforIncomeTaxes": 117.2,
        "revenue": 2148.2,
        "sgaExpense": 917.4,
        "totalOperatingExpense": 1795.6
      },
      {
        "benefitsClaimsLossAdjustment": 1009.9,
        "deferredPolicyAcquisitionExpense": 338.2,
        "dilutedAverageSharesOutstanding": 68,
        "dilutedEPS": 0.97,
        "ebit": 125.7,
        "grossPremiumsEarned": 2380.8,
        "interestExpense": 13.781,
        "interestIncomeExpense": -13.8,
        "netIncome": 65.7,
        "netIncomeAfterTaxes": 65.7,
        "nonRecurringItems": -1.7,
        "period": "2015-12-31",
        "pretaxIncome": 110.2,
        "provisionforIncomeTaxes": 44.5,
        "revenue": 2549.6,
        "sgaExpense": 1075.7,
        "totalOperatingExpense": 2423.9
      },
      {
        "benefitsClaimsLossAdjustment": 1254.2,
        "deferredPolicyAcquisitionExpense": 341.4,
        "dilutedAverageSharesOutstanding": 67.6,
        "dilutedEPS": -0.1,
        "ebit": -17.8,
        "grossPremiumsEarned": 2379.2,
        "interestExpense": 13.779,
        "interestIncomeExpense": -13.8,
        "netIncome": -7,
        "netIncomeAfterTaxes": -7,
        "nonRecurringItems": -0.7,
        "period": "2015-09-30",
        "pretaxIncome": -32.3,
        "provisionforIncomeTaxes": -25.2,
        "revenue": 2534.9,
        "sgaExpense": 957,
        "totalOperatingExpense": 2552.6
      }
    ],
    "symbol": "AIZ"
  }
}