{
  "symbol": "CMI",
  "statement": "ic",
  "frequency": "quarterly",
  "timestamp": "2025-09-19T13:58:45.595372",
  "data": {
    "financials": [
      {
        "costOfGoodsSold": 6362,
        "depreciationAmortization": 33,
        "dilutedAverageSharesOutstanding": 138.5,
        "dilutedEPS": 6.426,
        "ebit": 1108,
        "grossIncome": 2281,
        "interestIncomeExpense": 84,
        "minorityInterest": -38,
        "netIncome": 890,
        "netIncomeAfterTaxes": 928,
        "nonRecurringItems": 0,
        "otherOperatingExpensesTotal": 4,
        "period": "2025-06-30",
        "pretaxIncome": 1225,
        "provisionforIncomeTaxes": 297,
        "researchDevelopment": 357,
        "revenue": 8643,
        "sgaExpense": 779,
        "totalOperatingExpense": 1173,
        "totalOtherIncomeExpenseNet": 33
      },
      {
        "costOfGoodsSold": 6019,
        "depreciationAmortization": 32,
        "dilutedAverageSharesOutstanding": 138.3,
        "dilutedEPS": 5.9581,
        "ebit": 1003,
        "grossIncome": 2155,
        "interestExpense": 77,
        "interestIncomeExpense": 79,
        "minorityInterest": -26,
        "netIncome": 824,
        "netIncomeAfterTaxes": 850,
        "nonRecurringItems": 0,
        "otherOperatingExpensesTotal": 5,
        "period": "2025-03-31",
        "pretaxIncome": 1117,
        "provisionforIncomeTaxes": 267,
        "researchDevelopment": 344,
        "revenue": 8174,
        "sgaExpense": 771,
        "totalOperatingExpense": 1152,
        "totalOtherIncomeExpenseNet": 35
      },
      {
        "costOfGoodsSold": 6301,
        "depreciationAmortization": 32,
        "dilutedAverageSharesOutstanding": 138.2,
        "dilutedEPS": 3.0246,
        "ebit": 959,
        "grossIncome": 2146,
        "interestExpense": 89,
        "interestIncomeExpense": 2,
        "minorityInterest": -27,
        "netIncome": 418,
        "netIncomeAfterTaxes": 445,
        "nonRecurringItems": -314,
        "otherOperatingExpensesTotal": 10,
        "period": "2024-12-31",
        "pretaxIncome": 662,
        "provisionforIncomeTaxes": 217,
        "researchDevelopment": 354,
        "revenue": 8447,
        "sgaExpense": 791,
        "totalOperatingExpense": 1187,
        "totalOtherIncomeExpenseNet": 15
      },
      {
        "costOfGoodsSold": 6285,
        "depreciationAmortization": 32,
        "dilutedAverageSharesOutstanding": 138.1,
        "dilutedEPS": 5.86,
        "ebit": 963,
        "grossIncome": 2171,
        "interestExpense": 83,
        "interestIncomeExpense": 26,
        "minorityInterest": -34,
        "netIncome": 809,
        "netIncomeAfterTaxes": 843,
        "nonRecurringItems": -12,
        "otherOperatingExpensesTotal": 10,
        "period": "2024-09-30",
        "pretaxIncome": 1043,
        "provisionforIncomeTaxes": 200,
        "researchDevelopment": 359,
        "revenue": 8456,
        "sgaExpense": 807,
        "totalOperatingExpense": 1208,
        "totalOtherIncomeExpenseNet": 66
      },
      {
        "costOfGoodsSold": 6603,
        "depreciationAmortization": 33,
        "dilutedAverageSharesOutstanding": 137.9,
        "dilutedEPS": 5.26,
        "ebit": 942,
        "grossIncome": 2193,
        "interestExpense": 109,
        "interestIncomeExpense": 12,
        "minorityInterest": -26,
        "netIncome": 726,
        "netIncomeAfterTaxes": 752,
        "nonRecurringItems": 0,
        "otherOperatingExpensesTotal": 11,
        "period": "2024-06-30",
        "pretaxIncome": 977,
        "provisionforIncomeTaxes": 225,
        "researchDevelopment": 379,
        "revenue": 8796,
        "sgaExpense": 828,
        "totalOperatingExpense": 1251,
        "totalOtherIncomeExpenseNet": 23
      },
      {
        "costOfGoodsSold": 6362,
        "depreciationAmortization": 32,
        "dilutedAverageSharesOutstanding": 142.1,
        "dilutedEPS": 14.03,
        "ebit": 800,
        "grossIncome": 2041,
        "interestExpense": 89,
        "interestIncomeExpense": 56,
        "minorityInterest": -35,
        "netIncome": 1993,
        "netIncomeAfterTaxes": 2028,
        "nonRecurringItems": 1333,
        "otherOperatingExpensesTotal": 1,
        "period": "2024-03-31",
        "pretaxIncome": 2221,
        "provisionforIncomeTaxes": 193,
        "researchDevelopment": 369,
        "revenue": 8403,
        "sgaExpense": 839,
        "totalOperatingExpense": 1241,
        "totalOtherIncomeExpenseNet": 32
      },
      {
        "costOfGoodsSold": 6542,
        "depreciationAmortization": 33,
        "dilutedAverageSharesOutstanding": 141.7,
        "dilutedEPS": -10.1,
        "ebit": 717,
        "grossIncome": 2001,
        "interestExpense": 92,
        "interestIncomeExpense": 30,
        "minorityInterest": -38,
        "netIncome": -1431,
        "netIncomeAfterTaxes": -1393,
        "nonRecurringItems": -2042,
        "otherOperatingExpensesTotal": -15,
        "period": "2023-12-31",
        "pretaxIncome": -1230,
        "provisionforIncomeTaxes": 163,
        "researchDevelopment": 390,
        "revenue": 8543,
        "sgaExpense": 876,
        "totalOperatingExpense": 1284,
        "totalOtherIncomeExpenseNet": 65
      },
      {
        "costOfGoodsSold": 6360,
        "depreciationAmortization": 34,
        "dilutedAverageSharesOutstanding": 142.8,
        "dilutedEPS": 4.59,
        "ebit": 833,
        "grossIncome": 2071,
        "interestExpense": 97,
        "interestIncomeExpense": 40,
        "minorityInterest": -34,
        "netIncome": 656,
        "netIncomeAfterTaxes": 690,
        "nonRecurringItems": -1,
        "otherOperatingExpensesTotal": -3,
        "period": "2023-09-30",
        "pretaxIncome": 878,
        "provisionforIncomeTaxes": 188,
        "researchDevelopment": 376,
        "revenue": 8431,
        "sgaExpense": 831,
        "totalOperatingExpense": 1238,
        "totalOtherIncomeExpenseNet": 6
      },
      {
        "costOfGoodsSold": 6490,
        "depreciationAmortization": 34,
        "dilutedAverageSharesOutstanding": 142.5,
        "dilutedEPS": 5.05,
        "ebit": 865,
        "grossIncome": 2148,
        "interestExpense": 99,
        "interestIncomeExpense": 51,
        "minorityInterest": -17,
        "netIncome": 720,
        "netIncomeAfterTaxes": 737,
        "nonRecurringItems": -1,
        "otherOperatingExpensesTotal": -8,
        "period": "2023-06-30",
        "pretaxIncome": 949,
        "provisionforIncomeTaxes": 212,
        "researchDevelopment": 384,
        "revenue": 8638,
        "sgaExpense": 873,
        "totalOperatingExpense": 1283,
        "totalOtherIncomeExpenseNet": 34
      },
      {
        "costOfGoodsSold": 6424,
        "depreciationAmortization": 32,
        "dilutedAverageSharesOutstanding": 142.4,
        "dilutedEPS": 5.55,
        "ebit": 908,
        "grossIncome": 2029,
        "interestExpense": 87,
        "interestIncomeExpense": 67,
        "minorityInterest": -16,
        "netIncome": 790,
        "netIncomeAfterTaxes": 806,
        "nonRecurringItems": -1,
        "otherOperatingExpensesTotal": -14,
        "period": "2023-03-31",
        "pretaxIncome": 1029,
        "provisionforIncomeTaxes": 223,
        "researchDevelopment": 350,
        "revenue": 8453,
        "sgaExpense": 753,
        "totalOperatingExpense": 1121,
        "totalOtherIncomeExpenseNet": 55
      },
      {
        "costOfGoodsSold": 5951,
        "depreciationAmortization": 31,
        "dilutedAverageSharesOutstanding": 142.3,
        "dilutedEPS": 4.43,
        "ebit": 712,
        "grossIncome": 1819,
        "interestExpense": 87,
        "interestIncomeExpense": 11,
        "minorityInterest": -13,
        "netIncome": 631,
        "netIncomeAfterTaxes": 644,
        "nonRecurringItems": 2,
        "otherOperatingExpensesTotal": 1,
        "period": "2022-12-31",
        "pretaxIncome": 778,
        "provisionforIncomeTaxes": 134,
        "researchDevelopment": 333,
        "revenue": 7770,
        "sgaExpense": 742,
        "totalOperatingExpense": 1107,
        "totalOtherIncomeExpenseNet": 53
      },
      {
        "costOfGoodsSold": 5693,
        "depreciationAmortization": 25,
        "dilutedAverageSharesOutstanding": 142,
        "dilutedEPS": 2.82,
        "ebit": 557,
        "grossIncome": 1640,
        "interestExpense": 61,
        "interestIncomeExpense": 40,
        "minorityInterest": -9,
        "netIncome": 400,
        "netIncomeAfterTaxes": 409,
        "nonRecurringItems": -1,
        "otherOperatingExpensesTotal": 2,
        "period": "2022-09-30",
        "pretaxIncome": 608,
        "provisionforIncomeTaxes": 199,
        "researchDevelopment": 348,
        "revenue": 7333,
        "sgaExpense": 708,
        "totalOperatingExpense": 1083,
        "totalOtherIncomeExpenseNet": 12
      },
      {
        "costOfGoodsSold": 4900,
        "depreciationAmortization": 9,
        "dilutedAverageSharesOutstanding": 142,
        "dilutedEPS": 4.94,
        "ebit": 758,
        "grossIncome": 1686,
        "interestExpense": 34,
        "interestIncomeExpense": 62,
        "minorityInterest": -5,
        "netIncome": 702,
        "netIncomeAfterTaxes": 707,
        "nonRecurringItems": 44,
        "otherOperatingExpensesTotal": -2,
        "period": "2022-06-30",
        "pretaxIncome": 855,
        "provisionforIncomeTaxes": 148,
        "researchDevelopment": 299,
        "revenue": 6586,
        "sgaExpense": 622,
        "totalOperatingExpense": 928,
        "totalOtherIncomeExpenseNet": -9
      },
      {
        "costOfGoodsSold": 4794,
        "depreciationAmortization": 5,
        "dilutedAverageSharesOutstanding": 143.1,
        "dilutedEPS": 2.92,
        "ebit": 675,
        "grossIncome": 1591,
        "interestExpense": 17,
        "interestIncomeExpense": 44,
        "minorityInterest": -5,
        "netIncome": 418,
        "netIncomeAfterTaxes": 423,
        "nonRecurringItems": -136,
        "otherOperatingExpensesTotal": -2,
        "period": "2022-03-31",
        "pretaxIncome": 578,
        "provisionforIncomeTaxes": 155,
        "researchDevelopment": 298,
        "revenue": 6385,
        "sgaExpense": 615,
        "totalOperatingExpense": 916,
        "totalOtherIncomeExpenseNet": -5
      },
      {
        "costOfGoodsSold": 4533,
        "depreciationAmortization": 5,
        "dilutedAverageSharesOutstanding": 144.1,
        "dilutedEPS": 2.73,
        "ebit": 394,
        "gainLossOnDispositionOfAssets": 0,
        "grossIncome": 1317,
        "interestExpense": 26,
        "interestIncomeExpense": 88,
        "minorityInterest": -6,
        "netIncome": 394,
        "netIncomeAfterTaxes": 400,
        "nonRecurringItems": -8,
        "otherOperatingExpensesTotal": 1,
        "period": "2021-12-31",
        "pretaxIncome": 514,
        "provisionforIncomeTaxes": 114,
        "researchDevelopment": 288,
        "revenue": 5850,
        "sgaExpense": 629,
        "totalOperatingExpense": 923,
        "totalOtherIncomeExpenseNet": 40
      },
      {
        "costOfGoodsSold": 4554,
        "depreciationAmortization": 6,
        "dilutedAverageSharesOutstanding": 144.7,
        "dilutedEPS": 3.69,
        "ebit": 573,
        "gainLossOnDispositionOfAssets": 0,
        "grossIncome": 1414,
        "interestExpense": 28,
        "interestIncomeExpense": 82,
        "minorityInterest": -7,
        "netIncome": 534,
        "netIncomeAfterTaxes": 541,
        "nonRecurringItems": -1,
        "otherOperatingExpensesTotal": -2,
        "period": "2021-10-03",
        "pretaxIncome": 675,
        "provisionforIncomeTaxes": 134,
        "researchDevelopment": 266,
        "revenue": 5968,
        "sgaExpense": 571,
        "totalOperatingExpense": 841,
        "totalOtherIncomeExpenseNet": 21
      },
      {
        "costOfGoodsSold": 4633,
        "depreciationAmortization": 5,
        "dilutedAverageSharesOutstanding": 146.5,
        "dilutedEPS": 4.1,
        "ebit": 600,
        "gainLossOnDispositionOfAssets": 18,
        "grossIncome": 1478,
        "interestExpense": 29,
        "interestIncomeExpense": 119,
        "minorityInterest": -12,
        "netIncome": 600,
        "netIncomeAfterTaxes": 612,
        "nonRecurringItems": -2,
        "otherOperatingExpensesTotal": -3,
        "period": "2021-07-04",
        "pretaxIncome": 779,
        "provisionforIncomeTaxes": 167,
        "researchDevelopment": 276,
        "revenue": 6111,
        "sgaExpense": 600,
        "totalOperatingExpense": 878,
        "totalOtherIncomeExpenseNet": 44
      },
      {
        "costOfGoodsSold": 4606,
        "depreciationAmortization": 6,
        "dilutedAverageSharesOutstanding": 148.3,
        "dilutedEPS": 4.07,
        "ebit": 647,
        "grossIncome": 1486,
        "interestExpense": 28,
        "interestIncomeExpense": 139,
        "minorityInterest": -8,
        "netIncome": 603,
        "netIncomeAfterTaxes": 611,
        "nonRecurringItems": -3,
        "otherOperatingExpensesTotal": -1,
        "period": "2021-04-04",
        "pretaxIncome": 783,
        "provisionforIncomeTaxes": 172,
        "researchDevelopment": 260,
        "revenue": 6092,
        "sgaExpense": 574,
        "totalOperatingExpense": 839,
        "totalOtherIncomeExpenseNet": 0
      },
      {
        "costOfGoodsSold": 4469,
        "depreciationAmortization": 6,
        "dilutedAverageSharesOutstanding": 149.3,
        "dilutedEPS": 3.36,
        "ebit": 523,
        "grossIncome": 1361,
        "interestExpense": 29,
        "interestIncomeExpense": 95,
        "minorityInterest": -9,
        "netIncome": 501,
        "netIncomeAfterTaxes": 510,
        "nonRecurringItems": -4,
        "otherOperatingExpensesTotal": 1,
        "period": "2020-12-31",
        "pretaxIncome": 635,
        "provisionforIncomeTaxes": 125,
        "researchDevelopment": 255,
        "revenue": 5830,
        "sgaExpense": 576,
        "totalOperatingExpense": 838,
        "totalOtherIncomeExpenseNet": 21
      },
      {
        "costOfGoodsSold": 3769,
        "depreciationAmortization": 5,
        "dilutedAverageSharesOutstanding": 148.9,
        "dilutedEPS": 3.36,
        "ebit": 587,
        "grossIncome": 1349,
        "interestExpense": 25,
        "interestIncomeExpense": 81,
        "minorityInterest": -3,
        "netIncome": 501,
        "netIncomeAfterTaxes": 504,
        "nonRecurringItems": -15,
        "otherOperatingExpensesTotal": 0,
        "period": "2020-09-27",
        "pretaxIncome": 686,
        "provisionforIncomeTaxes": 182,
        "researchDevelopment": 224,
        "revenue": 5118,
        "sgaExpense": 533,
        "totalOperatingExpense": 762,
        "totalOtherIncomeExpenseNet": 33
      },
      {
        "costOfGoodsSold": 2962,
        "depreciationAmortization": 6,
        "dilutedAverageSharesOutstanding": 148,
        "dilutedEPS": 1.86,
        "ebit": 229,
        "grossIncome": 890,
        "interestExpense": 23,
        "interestIncomeExpense": 101,
        "minorityInterest": 7,
        "netIncome": 276,
        "netIncomeAfterTaxes": 269,
        "nonRecurringItems": -8,
        "otherOperatingExpensesTotal": -4,
        "period": "2020-06-28",
        "pretaxIncome": 362,
        "provisionforIncomeTaxes": 93,
        "researchDevelopment": 189,
        "revenue": 3852,
        "sgaExpense": 470,
        "totalOperatingExpense": 661,
        "totalOtherIncomeExpenseNet": 40
      },
      {
        "costOfGoodsSold": 3717,
        "depreciationAmortization": 5,
        "dilutedAverageSharesOutstanding": 149.7,
        "dilutedEPS": 3.41,
        "ebit": 508,
        "grossIncome": 1294,
        "interestExpense": 23,
        "interestIncomeExpense": 109,
        "minorityInterest": -17,
        "netIncome": 511,
        "netIncomeAfterTaxes": 528,
        "nonRecurringItems": -3,
        "otherOperatingExpensesTotal": -3,
        "period": "2020-03-29",
        "pretaxIncome": 655,
        "provisionforIncomeTaxes": 127,
        "researchDevelopment": 238,
        "revenue": 5011,
        "sgaExpense": 546,
        "totalOperatingExpense": 786,
        "totalOtherIncomeExpenseNet": 41
      },
      {
        "costOfGoodsSold": 4265,
        "depreciationAmortization": 183,
        "dilutedAverageSharesOutstanding": 152.2,
        "dilutedEPS": 1.97,
        "ebit": 406,
        "grossIncome": 1313,
        "interestExpense": 22,
        "interestIncomeExpense": 63,
        "minorityInterest": 2,
        "netIncome": 300,
        "netIncomeAfterTaxes": 298,
        "nonRecurringItems": -126,
        "otherOperatingExpensesTotal": -1,
        "period": "2019-12-31",
        "pretaxIncome": 363,
        "provisionforIncomeTaxes": 65,
        "researchDevelopment": 93,
        "revenue": 5578,
        "sgaExpense": 632,
        "totalOperatingExpense": 907,
        "totalOtherIncomeExpenseNet": 20
      },
      {
        "costOfGoodsSold": 4274,
        "depreciationAmortization": 182,
        "dilutedAverageSharesOutstanding": 156.6,
        "dilutedEPS": 3.97,
        "ebit": 653,
        "grossIncome": 1494,
        "interestExpense": 26,
        "interestIncomeExpense": 93,
        "minorityInterest": 6,
        "netIncome": 622,
        "netIncomeAfterTaxes": 616,
        "nonRecurringItems": -22,
        "otherOperatingExpensesTotal": -6,
        "period": "2019-09-29",
        "pretaxIncome": 755,
        "provisionforIncomeTaxes": 139,
        "researchDevelopment": 65,
        "revenue": 5768,
        "sgaExpense": 600,
        "totalOperatingExpense": 841,
        "totalOtherIncomeExpenseNet": 31
      },
      {
        "costOfGoodsSold": 4580,
        "depreciationAmortization": 163,
        "dilutedAverageSharesOutstanding": 158,
        "dilutedEPS": 4.27,
        "ebit": 752,
        "grossIncome": 1641,
        "interestExpense": 29,
        "interestIncomeExpense": 80,
        "minorityInterest": -10,
        "netIncome": 675,
        "netIncomeAfterTaxes": 685,
        "nonRecurringItems": 0,
        "otherOperatingExpensesTotal": 4,
        "period": "2019-06-30",
        "pretaxIncome": 871,
        "provisionforIncomeTaxes": 186,
        "researchDevelopment": 93,
        "revenue": 6221,
        "sgaExpense": 629,
        "totalOperatingExpense": 889,
        "totalOtherIncomeExpenseNet": 39
      },
      {
        "costOfGoodsSold": 4472,
        "depreciationAmortization": 161,
        "dilutedAverageSharesOutstanding": 157.7,
        "dilutedEPS": 4.2,
        "ebit": 702,
        "grossIncome": 1532,
        "interestExpense": 32,
        "interestIncomeExpense": 71,
        "minorityInterest": -6,
        "netIncome": 663,
        "netIncomeAfterTaxes": 669,
        "nonRecurringItems": 5,
        "otherOperatingExpensesTotal": -5,
        "period": "2019-03-31",
        "pretaxIncome": 845,
        "provisionforIncomeTaxes": 176,
        "researchDevelopment": 81,
        "revenue": 6004,
        "sgaExpense": 593,
        "totalOperatingExpense": 830,
        "totalOtherIncomeExpenseNet": 67
      },
      {
        "costOfGoodsSold": 4580,
        "depreciationAmortization": 159,
        "dilutedAverageSharesOutstanding": 159.393,
        "dilutedEPS": 3.63,
        "ebit": 666,
        "grossIncome": 1546,
        "interestExpense": 32,
        "interestIncomeExpense": 53,
        "minorityInterest": -31,
        "netIncome": 579,
        "netIncomeAfterTaxes": 539,
        "nonRecurringItems": -14,
        "otherOperatingExpensesTotal": -12,
        "period": "2018-12-31",
        "pretaxIncome": 710,
        "provisionforIncomeTaxes": 171,
        "researchDevelopment": 90,
        "revenue": 6126,
        "sgaExpense": 643,
        "totalOperatingExpense": 880,
        "totalOtherIncomeExpenseNet": 5
      },
      {
        "costOfGoodsSold": 4392,
        "depreciationAmortization": 153,
        "dilutedAverageSharesOutstanding": 161.8,
        "dilutedEPS": 4.27,
        "ebit": 715,
        "grossIncome": 1551,
        "interestExpense": 30,
        "interestIncomeExpense": 63,
        "minorityInterest": -6,
        "netIncome": 692,
        "netIncomeAfterTaxes": 664,
        "nonRecurringItems": -2,
        "otherOperatingExpensesTotal": -2,
        "period": "2018-09-30",
        "pretaxIncome": 805,
        "provisionforIncomeTaxes": 141,
        "researchDevelopment": 81,
        "revenue": 5943,
        "sgaExpense": 604,
        "totalOperatingExpense": 836,
        "totalOtherIncomeExpenseNet": 29
      },
      {
        "costOfGoodsSold": 4692,
        "depreciationAmortization": 159,
        "dilutedAverageSharesOutstanding": 164.3,
        "dilutedEPS": 3.31,
        "ebit": 613,
        "grossIncome": 1440,
        "interestExpense": 28,
        "interestIncomeExpense": 79,
        "minorityInterest": -9,
        "netIncome": 545,
        "netIncomeAfterTaxes": 560,
        "nonRecurringItems": -1,
        "otherOperatingExpensesTotal": -10,
        "period": "2018-07-01",
        "pretaxIncome": 715,
        "provisionforIncomeTaxes": 155,
        "researchDevelopment": 65,
        "revenue": 6132,
        "sgaExpense": 613,
        "totalOperatingExpense": 827,
        "totalOtherIncomeExpenseNet": 24
      },
      {
        "costOfGoodsSold": 4370,
        "depreciationAmortization": 158,
        "dilutedAverageSharesOutstanding": 165.7,
        "dilutedEPS": 1.96,
        "ebit": 415,
        "grossIncome": 1200,
        "interestExpense": 24,
        "interestIncomeExpense": 89,
        "minorityInterest": 0,
        "netIncome": 325,
        "netIncomeAfterTaxes": 399,
        "otherOperatingExpensesTotal": -7,
        "period": "2018-04-01",
        "pretaxIncome": 523,
        "provisionforIncomeTaxes": 124,
        "researchDevelopment": 57,
        "revenue": 5570,
        "sgaExpense": 577,
        "totalOperatingExpense": 785,
        "totalOtherIncomeExpenseNet": 19
      },
      {
        "costOfGoodsSold": 4100,
        "depreciationAmortization": 5,
        "dilutedAverageSharesOutstanding": 165.501,
        "dilutedEPS": -1.65,
        "ebit": 537,
        "grossIncome": 1376,
        "interestExpense": 24,
        "interestIncomeExpense": 36,
        "minorityInterest": 35,
        "netIncome": -274,
        "netIncomeAfterTaxes": 472,
        "nonRecurringItems": -7,
        "otherOperatingExpensesTotal": -17,
        "period": "2017-12-31",
        "pretaxIncome": 596,
        "provisionforIncomeTaxes": 124,
        "researchDevelopment": 208,
        "revenue": 5476,
        "sgaExpense": 643,
        "totalOperatingExpense": 839,
        "totalOtherIncomeExpenseNet": 30
      },
      {
        "costOfGoodsSold": 3944,
        "depreciationAmortization": 4,
        "dilutedAverageSharesOutstanding": 167,
        "dilutedEPS": 2.71,
        "ebit": 512,
        "grossIncome": 1341,
        "interestExpense": 18,
        "interestIncomeExpense": 77,
        "minorityInterest": -4,
        "netIncome": 453,
        "netIncomeAfterTaxes": 457,
        "nonRecurringItems": 15,
        "otherOperatingExpensesTotal": -21,
        "period": "2017-10-01",
        "pretaxIncome": 622,
        "provisionforIncomeTaxes": 165,
        "researchDevelopment": 213,
        "revenue": 5285,
        "sgaExpense": 633,
        "totalOperatingExpense": 829,
        "totalOtherIncomeExpenseNet": 18
      },
      {
        "costOfGoodsSold": 3827,
        "depreciationAmortization": 1,
        "dilutedAverageSharesOutstanding": 167.8,
        "dilutedEPS": 2.53,
        "ebit": 481,
        "grossIncome": 1251,
        "interestExpense": 21,
        "interestIncomeExpense": 85,
        "minorityInterest": -17,
        "netIncome": 424,
        "netIncomeAfterTaxes": 441,
        "nonRecurringItems": 7,
        "otherOperatingExpensesTotal": -12,
        "period": "2017-07-02",
        "pretaxIncome": 599,
        "provisionforIncomeTaxes": 158,
        "researchDevelopment": 175,
        "revenue": 5078,
        "sgaExpense": 606,
        "totalOperatingExpense": 770,
        "totalOtherIncomeExpenseNet": 26
      },
      {
        "costOfGoodsSold": 3457,
        "depreciationAmortization": 2,
        "dilutedAverageSharesOutstanding": 168,
        "dilutedEPS": 2.36,
        "ebit": 432,
        "grossIncome": 1132,
        "interestExpense": 18,
        "interestIncomeExpense": 95,
        "minorityInterest": -9,
        "netIncome": 396,
        "netIncomeAfterTaxes": 405,
        "otherOperatingExpensesTotal": -7,
        "period": "2017-04-02",
        "pretaxIncome": 548,
        "provisionforIncomeTaxes": 143,
        "researchDevelopment": 158,
        "revenue": 4589,
        "sgaExpense": 547,
        "totalOperatingExpense": 700,
        "totalOtherIncomeExpenseNet": 21
      },
      {
        "costOfGoodsSold": 3377,
        "depreciationAmortization": 2,
        "dilutedAverageSharesOutstanding": 168.246,
        "dilutedEPS": 2.25,
        "ebit": 394,
        "grossIncome": 1126,
        "interestExpense": 18,
        "interestIncomeExpense": 140,
        "minorityInterest": -18,
        "netIncome": 378,
        "netIncomeAfterTaxes": 396,
        "nonRecurringItems": -2,
        "otherOperatingExpensesTotal": -1,
        "period": "2016-12-31",
        "pretaxIncome": 508,
        "provisionforIncomeTaxes": 112,
        "researchDevelopment": 159,
        "revenue": 4503,
        "sgaExpense": 572,
        "totalOperatingExpense": 732,
        "totalOtherIncomeExpenseNet": -24
      },
      {
        "costOfGoodsSold": 3108,
        "depreciationAmortization": 2,
        "dilutedAverageSharesOutstanding": 168.2,
        "dilutedEPS": 1.72,
        "ebit": 414,
        "grossIncome": 1079,
        "interestExpense": 16,
        "interestIncomeExpense": 65,
        "minorityInterest": -11,
        "netIncome": 289,
        "netIncomeAfterTaxes": 300,
        "nonRecurringItems": -104,
        "otherOperatingExpensesTotal": -7,
        "period": "2016-10-02",
        "pretaxIncome": 382,
        "provisionforIncomeTaxes": 82,
        "researchDevelopment": 157,
        "revenue": 4187,
        "sgaExpense": 513,
        "totalOperatingExpense": 665,
        "totalOtherIncomeExpenseNet": 7
      },
      {
        "costOfGoodsSold": 3331,
        "depreciationAmortization": 2,
        "dilutedAverageSharesOutstanding": 169,
        "dilutedEPS": 2.4,
        "ebit": 522,
        "grossIncome": 1197,
        "interestExpense": 16,
        "interestIncomeExpense": 71,
        "minorityInterest": -21,
        "netIncome": 406,
        "netIncomeAfterTaxes": 427,
        "nonRecurringItems": -43,
        "otherOperatingExpensesTotal": -6,
        "period": "2016-07-03",
        "pretaxIncome": 575,
        "provisionforIncomeTaxes": 148,
        "researchDevelopment": 155,
        "revenue": 4528,
        "sgaExpense": 524,
        "totalOperatingExpense": 675,
        "totalOtherIncomeExpenseNet": 25
      },
      {
        "costOfGoodsSold": 3235,
        "depreciationAmortization": 3,
        "dilutedAverageSharesOutstanding": 172,
        "dilutedEPS": 1.87,
        "ebit": 403,
        "grossIncome": 1056,
        "interestExpense": 19,
        "interestIncomeExpense": 57,
        "minorityInterest": -12,
        "netIncome": 321,
        "netIncomeAfterTaxes": 333,
        "nonRecurringItems": -5,
        "otherOperatingExpensesTotal": -6,
        "period": "2016-04-03",
        "pretaxIncome": 465,
        "provisionforIncomeTaxes": 132,
        "researchDevelopment": 166,
        "revenue": 4291,
        "sgaExpense": 490,
        "totalOperatingExpense": 653,
        "totalOtherIncomeExpenseNet": 10
      },
      {
        "costOfGoodsSold": 3554,
        "depreciationAmortization": 3,
        "dilutedAverageSharesOutstanding": 175.727,
        "dilutedEPS": 0.92,
        "ebit": 530,
        "grossIncome": 1212,
        "interestExpense": 18,
        "interestIncomeExpense": 47,
        "minorityInterest": -17,
        "netIncome": 161,
        "netIncomeAfterTaxes": 178,
        "nonRecurringItems": -376,
        "otherOperatingExpensesTotal": -6,
        "period": "2015-12-31",
        "pretaxIncome": 212,
        "provisionforIncomeTaxes": 34,
        "researchDevelopment": 177,
        "revenue": 4766,
        "sgaExpense": 508,
        "totalOperatingExpense": 682,
        "totalOtherIncomeExpenseNet": 11
      },
      {
        "costOfGoodsSold": 3412,
        "depreciationAmortization": 4,
        "dilutedAverageSharesOutstanding": 177.4,
        "dilutedEPS": 2.14,
        "ebit": 479,
        "grossIncome": 1208,
        "interestExpense": 16,
        "interestIncomeExpense": 91,
        "minorityInterest": -12,
        "netIncome": 380,
        "netIncomeAfterTaxes": 392,
        "otherOperatingExpensesTotal": -2,
        "period": "2015-09-27",
        "pretaxIncome": 561,
        "provisionforIncomeTaxes": 169,
        "researchDevelopment": 197,
        "revenue": 4620,
        "sgaExpense": 530,
        "totalOperatingExpense": 729,
        "totalOtherIncomeExpenseNet": -9
      }
    ],
    "symbol": "CMI"
  }
}