{
  "symbol": "GL",
  "statement": "ic",
  "frequency": "quarterly",
  "timestamp": "2025-09-19T14:01:12.388733",
  "data": {
    "financials": [
      {
        "benefitsClaimsLossAdjustment": 913.409,
        "deferredPolicyAcquisitionExpense": 111.401,
        "dilutedAverageSharesOutstanding": 82.7927,
        "dilutedEPS": 3.0528,
        "ebit": 352.832,
        "grossPremiumsEarned": 1217.692,
        "interestExpense": 34.885,
        "interestIncomeExpense": -34.885,
        "netIncome": 252.749,
        "netIncomeAfterTaxes": 252.749,
        "nonRecurringItems": -4.648,
        "otherOperatingExpensesTotal": 0,
        "period": "2025-06-30",
        "pretaxIncome": 313.299,
        "provisionforIncomeTaxes": 60.55,
        "revenue": 1481.287,
        "sgaExpense": 103.645,
        "totalOperatingExpense": 1128.455
      },
      {
        "benefitsClaimsLossAdjustment": 915.088,
        "deferredPolicyAcquisitionExpense": 105.515,
        "dilutedAverageSharesOutstanding": 84.4801,
        "dilutedEPS": 3.0133,
        "ebit": 357.201,
        "grossPremiumsEarned": 1199.723,
        "interestExpense": 34.992,
        "interestIncomeExpense": -34.992,
        "netIncome": 254.563,
        "netIncomeAfterTaxes": 254.563,
        "nonRecurringItems": -6.128,
        "otherOperatingExpensesTotal": 0,
        "period": "2025-03-31",
        "pretaxIncome": 316.081,
        "provisionforIncomeTaxes": 61.518,
        "revenue": 1480.422,
        "sgaExpense": 102.618,
        "totalOperatingExpense": 1123.221
      },
      {
        "benefitsClaimsLossAdjustment": 891.92,
        "deferredPolicyAcquisitionExpense": 104.298,
        "dilutedAverageSharesOutstanding": 84.6781,
        "dilutedEPS": 3.0137,
        "ebit": 363.923,
        "grossPremiumsEarned": 1181.432,
        "interestExpense": 35.679,
        "interestIncomeExpense": -35.679,
        "netIncome": 255.196,
        "netIncomeAfterTaxes": 255.196,
        "nonRecurringItems": -15.811,
        "otherOperatingExpensesTotal": 0.016,
        "period": "2024-12-31",
        "pretaxIncome": 312.433,
        "provisionforIncomeTaxes": 57.237,
        "revenue": 1466.277,
        "sgaExpense": 106.12,
        "totalOperatingExpense": 1102.354
      },
      {
        "benefitsClaimsLossAdjustment": 837.877,
        "deferredPolicyAcquisitionExpense": 104.31,
        "dilutedAverageSharesOutstanding": 88.087,
        "dilutedEPS": 3.4397,
        "ebit": 411.675,
        "grossPremiumsEarned": 1172.635,
        "interestExpense": 31.388,
        "interestIncomeExpense": -31.388,
        "netIncome": 302.994,
        "netIncomeAfterTaxes": 302.994,
        "nonRecurringItems": -3.329,
        "otherOperatingExpensesTotal": 0.637,
        "period": "2024-09-30",
        "pretaxIncome": 376.958,
        "provisionforIncomeTaxes": 73.964,
        "revenue": 1455.407,
        "sgaExpense": 100.908,
        "totalOperatingExpense": 1043.732
      },
      {
        "benefitsClaimsLossAdjustment": 885.496,
        "deferredPolicyAcquisitionExpense": 101.915,
        "dilutedAverageSharesOutstanding": 91.4414,
        "dilutedEPS": 2.8254,
        "ebit": 356.162,
        "grossPremiumsEarned": 1167.199,
        "interestExpense": 31.404,
        "interestIncomeExpense": -31.404,
        "netIncome": 258.355,
        "netIncomeAfterTaxes": 258.355,
        "nonRecurringItems": -2.435,
        "otherOperatingExpensesTotal": 1.257,
        "period": "2024-06-30",
        "pretaxIncome": 322.323,
        "provisionforIncomeTaxes": 63.968,
        "revenue": 1440.246,
        "sgaExpense": 95.416,
        "totalOperatingExpense": 1084.084
      },
      {
        "benefitsClaimsLossAdjustment": 879.903,
        "deferredPolicyAcquisitionExpense": 99.478,
        "dilutedAverageSharesOutstanding": 95.1145,
        "dilutedEPS": 2.6728,
        "ebit": 343.544,
        "grossPremiumsEarned": 1145.36,
        "interestExpense": 28.621,
        "interestIncomeExpense": -28.621,
        "netIncome": 254.217,
        "netIncomeAfterTaxes": 254.217,
        "otherOperatingExpensesTotal": 0.71,
        "period": "2024-03-31",
        "pretaxIncome": 314.923,
        "provisionforIncomeTaxes": 60.706,
        "revenue": 1416.139,
        "sgaExpense": 92.504,
        "totalOperatingExpense": 1072.595
      },
      {
        "benefitsClaimsLossAdjustment": 864.004,
        "deferredPolicyAcquisitionExpense": 97.541,
        "dilutedAverageSharesOutstanding": 95.4832,
        "dilutedEPS": 2.878,
        "ebit": 363.287,
        "grossPremiumsEarned": 1130.795,
        "interestExpense": 25.676,
        "interestIncomeExpense": -25.676,
        "netIncome": 274.802,
        "netIncomeAfterTaxes": 274.802,
        "nonRecurringItems": -0.9,
        "otherOperatingExpensesTotal": 3.033,
        "period": "2023-12-31",
        "pretaxIncome": 336.711,
        "provisionforIncomeTaxes": 61.909,
        "revenue": 1415.691,
        "sgaExpense": 87.826,
        "totalOperatingExpense": 1052.404
      },
      {
        "benefitsClaimsLossAdjustment": 857.721,
        "deferredPolicyAcquisitionExpense": 95.757,
        "dilutedAverageSharesOutstanding": 95.8176,
        "dilutedEPS": 2.683,
        "ebit": 344.77,
        "grossPremiumsEarned": 1119.385,
        "interestExpense": 25.955,
        "interestIncomeExpense": -25.955,
        "netIncome": 257.083,
        "netIncomeAfterTaxes": 257.083,
        "otherOperatingExpensesTotal": 1.137,
        "period": "2023-09-30",
        "pretaxIncome": 318.815,
        "provisionforIncomeTaxes": 61.732,
        "revenue": 1384.118,
        "sgaExpense": 84.733,
        "totalOperatingExpense": 1039.348
      },
      {
        "benefitsClaimsLossAdjustment": 855.969,
        "deferredPolicyAcquisitionExpense": 94.08,
        "dilutedAverageSharesOutstanding": 96.2514,
        "dilutedEPS": 2.2364,
        "ebit": 290.324,
        "grossPremiumsEarned": 1111.005,
        "interestExpense": 25.818,
        "interestIncomeExpense": -25.818,
        "netIncome": 215.26,
        "netIncomeAfterTaxes": 215.26,
        "period": "2023-06-30",
        "pretaxIncome": 264.506,
        "provisionforIncomeTaxes": 49.246,
        "revenue": 1326.406,
        "sgaExpense": 86.033,
        "totalOperatingExpense": 1036.082
      },
      {
        "benefitsClaimsLossAdjustment": 845.724,
        "deferredPolicyAcquisitionExpense": 92.322,
        "dilutedAverageSharesOutstanding": 97.9111,
        "dilutedEPS": 2.2838,
        "ebit": 299.101,
        "grossPremiumsEarned": 1095.14,
        "interestExpense": 24.867,
        "interestIncomeExpense": -24.867,
        "netIncome": 223.61,
        "netIncomeAfterTaxes": 223.61,
        "period": "2023-03-31",
        "pretaxIncome": 274.234,
        "provisionforIncomeTaxes": 50.624,
        "revenue": 1321.318,
        "sgaExpense": 84.171,
        "totalOperatingExpense": 1022.217
      },
      {
        "benefitsClaimsLossAdjustment": 793.801,
        "deferredPolicyAcquisitionExpense": 154.689,
        "dilutedAverageSharesOutstanding": 98.6319,
        "dilutedEPS": 2.145,
        "ebit": 283.455,
        "grossPremiumsEarned": 1077.974,
        "interestExpense": 24.658,
        "interestIncomeExpense": -24.658,
        "netIncome": 211.56,
        "netIncomeAfterTaxes": 211.56,
        "nonRecurringItems": -1.08,
        "otherOperatingExpensesTotal": 0.582,
        "period": "2022-12-31",
        "pretaxIncome": 257.717,
        "provisionforIncomeTaxes": 46.157,
        "revenue": 1322.669,
        "sgaExpense": 90.142,
        "totalOperatingExpense": 1039.214
      },
      {
        "benefitsClaimsLossAdjustment": 793.056,
        "deferredPolicyAcquisitionExpense": 156.129,
        "dilutedAverageSharesOutstanding": 98.1475,
        "dilutedEPS": 1.903,
        "ebit": 255.364,
        "grossPremiumsEarned": 1074.803,
        "interestExpense": 23.965,
        "interestIncomeExpense": -23.965,
        "netIncome": 186.779,
        "netIncomeAfterTaxes": 186.779,
        "nonRecurringItems": -1.416,
        "otherOperatingExpensesTotal": 0,
        "period": "2022-09-30",
        "pretaxIncome": 229.983,
        "provisionforIncomeTaxes": 43.204,
        "revenue": 1291.273,
        "sgaExpense": 86.724,
        "totalOperatingExpense": 1035.909
      },
      {
        "benefitsClaimsLossAdjustment": 808.921,
        "deferredPolicyAcquisitionExpense": 155.205,
        "dilutedAverageSharesOutstanding": 98.9407,
        "dilutedEPS": 1.789,
        "ebit": 238.824,
        "grossPremiumsEarned": 1079.412,
        "interestExpense": 21.828,
        "interestIncomeExpense": -21.828,
        "netIncome": 177.004,
        "netIncomeAfterTaxes": 177.004,
        "nonRecurringItems": 0,
        "otherOperatingExpensesTotal": 4.617,
        "period": "2022-06-30",
        "pretaxIncome": 216.996,
        "provisionforIncomeTaxes": 39.992,
        "revenue": 1292.608,
        "sgaExpense": 85.041,
        "totalOperatingExpense": 1053.784
      },
      {
        "benefitsClaimsLossAdjustment": 844.061,
        "deferredPolicyAcquisitionExpense": 158.384,
        "dilutedAverageSharesOutstanding": 100.2504,
        "dilutedEPS": 1.6395,
        "ebit": 221.559,
        "grossPremiumsEarned": 1071.766,
        "interestExpense": 19.944,
        "interestIncomeExpense": -19.944,
        "netIncome": 164.361,
        "netIncomeAfterTaxes": 164.361,
        "otherOperatingExpensesTotal": 0.112,
        "period": "2022-03-31",
        "pretaxIncome": 201.615,
        "provisionforIncomeTaxes": 37.254,
        "revenue": 1308.356,
        "sgaExpense": 84.24,
        "totalOperatingExpense": 1086.797
      },
      {
        "benefitsClaimsLossAdjustment": 827.639,
        "deferredPolicyAcquisitionExpense": 151.231,
        "dilutedAverageSharesOutstanding": 101.3121,
        "dilutedEPS": 1.7565,
        "ebit": 240.261,
        "grossPremiumsEarned": 1045.983,
        "interestExpense": 19.653,
        "interestIncomeExpense": -19.653,
        "netIncome": 177.953,
        "netIncomeAfterTaxes": 177.953,
        "nonRecurringItems": -3.05,
        "otherOperatingExpensesTotal": 0.037,
        "period": "2021-12-31",
        "pretaxIncome": 217.558,
        "provisionforIncomeTaxes": 39.605,
        "revenue": 1297.36,
        "sgaExpense": 78.192,
        "totalOperatingExpense": 1057.099
      },
      {
        "benefitsClaimsLossAdjustment": 794.179,
        "deferredPolicyAcquisitionExpense": 151.593,
        "dilutedAverageSharesOutstanding": 102.381,
        "dilutedEPS": 1.8448,
        "ebit": 260.995,
        "grossPremiumsEarned": 1028.388,
        "interestExpense": 20.886,
        "interestIncomeExpense": -20.886,
        "netIncome": 188.871,
        "netIncomeAfterTaxes": 188.871,
        "nonRecurringItems": -9.314,
        "otherOperatingExpensesTotal": 2.397,
        "period": "2021-09-30",
        "pretaxIncome": 230.795,
        "provisionforIncomeTaxes": 41.924,
        "revenue": 1287.152,
        "sgaExpense": 77.988,
        "totalOperatingExpense": 1026.157
      },
      {
        "benefitsClaimsLossAdjustment": 776.923,
        "deferredPolicyAcquisitionExpense": 148.021,
        "dilutedAverageSharesOutstanding": 104.2334,
        "dilutedEPS": 1.9151,
        "ebit": 267.273,
        "grossPremiumsEarned": 1024.144,
        "interestExpense": 21.769,
        "interestIncomeExpense": -21.769,
        "netIncome": 199.618,
        "netIncomeAfterTaxes": 199.618,
        "nonRecurringItems": -0.261,
        "period": "2021-06-30",
        "pretaxIncome": 245.243,
        "provisionforIncomeTaxes": 45.625,
        "revenue": 1271.111,
        "sgaExpense": 78.894,
        "totalOperatingExpense": 1003.838
      },
      {
        "benefitsClaimsLossAdjustment": 792.4,
        "deferredPolicyAcquisitionExpense": 153,
        "dilutedAverageSharesOutstanding": 104.8,
        "dilutedEPS": 1.7,
        "ebit": 244.8,
        "grossPremiumsEarned": 1002.6,
        "interestExpense": 21.178,
        "interestIncomeExpense": -21.2,
        "netIncome": 178.5,
        "netIncomeAfterTaxes": 178.5,
        "nonRecurringItems": -4.8,
        "period": "2021-03-31",
        "pretaxIncome": 218.8,
        "provisionforIncomeTaxes": 40.3,
        "revenue": 1266.6,
        "sgaExpense": 76.4,
        "totalOperatingExpense": 1021.8
      },
      {
        "benefitsClaimsLossAdjustment": 738.3,
        "deferredPolicyAcquisitionExpense": 144.9,
        "dilutedAverageSharesOutstanding": 105.8,
        "dilutedEPS": 1.93,
        "ebit": 271.4,
        "grossPremiumsEarned": 968.9,
        "interestExpense": 21.409,
        "interestIncomeExpense": -21.4,
        "netIncome": 204.2,
        "netIncomeAfterTaxes": 204.2,
        "nonRecurringItems": 0,
        "otherOperatingExpensesTotal": 0,
        "period": "2020-12-31",
        "pretaxIncome": 250,
        "provisionforIncomeTaxes": 45.7,
        "revenue": 1228.9,
        "sgaExpense": 74.3,
        "totalOperatingExpense": 957.5
      },
      {
        "benefitsClaimsLossAdjustment": 725.6,
        "deferredPolicyAcquisitionExpense": 140.8,
        "dilutedAverageSharesOutstanding": 107.1,
        "dilutedEPS": 1.76,
        "ebit": 253.8,
        "grossPremiumsEarned": 962.1,
        "interestExpense": 21.674,
        "interestIncomeExpense": -21.7,
        "netIncome": 188.9,
        "netIncomeAfterTaxes": 188.9,
        "nonRecurringItems": -0.6,
        "otherOperatingExpensesTotal": 1,
        "period": "2020-09-30",
        "pretaxIncome": 231.5,
        "provisionforIncomeTaxes": 42.6,
        "revenue": 1195.7,
        "sgaExpense": 74.4,
        "totalOperatingExpense": 941.9
      },
      {
        "benefitsClaimsLossAdjustment": 727,
        "deferredPolicyAcquisitionExpense": 146.2,
        "dilutedAverageSharesOutstanding": 107.1,
        "dilutedEPS": 1.62,
        "ebit": 235.1,
        "grossPremiumsEarned": 954.1,
        "interestExpense": 22.813,
        "interestIncomeExpense": -22.8,
        "netIncome": 173,
        "netIncomeAfterTaxes": 173,
        "nonRecurringItems": 0,
        "period": "2020-06-30",
        "pretaxIncome": 212.2,
        "provisionforIncomeTaxes": 39.2,
        "revenue": 1180.9,
        "sgaExpense": 72.7,
        "totalOperatingExpense": 945.8
      },
      {
        "benefitsClaimsLossAdjustment": 686.9,
        "deferredPolicyAcquisitionExpense": 143.8,
        "dilutedAverageSharesOutstanding": 109.1,
        "dilutedEPS": 1.52,
        "ebit": 227,
        "grossPremiumsEarned": 930.2,
        "interestExpense": 20.808,
        "interestIncomeExpense": -20.8,
        "netIncome": 165.5,
        "netIncomeAfterTaxes": 165.5,
        "nonRecurringItems": -3.3,
        "period": "2020-03-31",
        "pretaxIncome": 202.9,
        "provisionforIncomeTaxes": 37.4,
        "revenue": 1133.1,
        "sgaExpense": 75.3,
        "totalOperatingExpense": 906
      },
      {
        "benefitsClaimsLossAdjustment": 671.3,
        "deferredPolicyAcquisitionExpense": 139.3,
        "dilutedAverageSharesOutstanding": 110.7,
        "dilutedEPS": 1.69,
        "ebit": 250.5,
        "grossPremiumsEarned": 906.9,
        "interestExpense": 20.502,
        "interestIncomeExpense": -20.5,
        "netIncome": 187.1,
        "netIncomeAfterTaxes": 187.1,
        "nonRecurringItems": -2.9,
        "otherOperatingExpensesTotal": 0.6,
        "period": "2019-12-31",
        "pretaxIncome": 227.1,
        "provisionforIncomeTaxes": 40,
        "revenue": 1136.6,
        "sgaExpense": 74.9,
        "totalOperatingExpense": 886.1
      },
      {
        "benefitsClaimsLossAdjustment": 659.8,
        "deferredPolicyAcquisitionExpense": 138.4,
        "dilutedAverageSharesOutstanding": 110.9,
        "dilutedEPS": 1.82,
        "ebit": 268.4,
        "grossPremiumsEarned": 900.4,
        "interestExpense": 21.094,
        "interestIncomeExpense": -21.1,
        "netIncome": 201.8,
        "netIncomeAfterTaxes": 201.8,
        "nonRecurringItems": 0,
        "otherOperatingExpensesTotal": 0,
        "period": "2019-09-30",
        "pretaxIncome": 247.3,
        "provisionforIncomeTaxes": 45.5,
        "revenue": 1141.3,
        "sgaExpense": 74.6,
        "totalOperatingExpense": 872.9
      },
      {
        "benefitsClaimsLossAdjustment": 663.1,
        "deferredPolicyAcquisitionExpense": 138.2,
        "dilutedAverageSharesOutstanding": 111.6,
        "dilutedEPS": 1.67,
        "ebit": 255.7,
        "grossPremiumsEarned": 897.9,
        "interestExpense": 21.432,
        "interestIncomeExpense": -21.4,
        "netIncome": 186.6,
        "netIncomeAfterTaxes": 186.6,
        "nonRecurringItems": -5.5,
        "period": "2019-06-30",
        "pretaxIncome": 228.8,
        "provisionforIncomeTaxes": 42.2,
        "revenue": 1130.5,
        "sgaExpense": 73.5,
        "totalOperatingExpense": 874.8
      },
      {
        "benefitsClaimsLossAdjustment": 661.2,
        "deferredPolicyAcquisitionExpense": 135.8,
        "dilutedAverageSharesOutstanding": 112.3,
        "dilutedEPS": 1.65,
        "ebit": 249.8,
        "grossPremiumsEarned": 891.2,
        "interestExpense": 21.278,
        "interestIncomeExpense": -21.3,
        "netIncome": 185.3,
        "netIncomeAfterTaxes": 185.4,
        "nonRecurringItems": -0.4,
        "period": "2019-03-31",
        "pretaxIncome": 228.1,
        "provisionforIncomeTaxes": 42.7,
        "revenue": 1119.2,
        "sgaExpense": 72.4,
        "totalOperatingExpense": 869.4
      },
      {
        "benefitsClaimsLossAdjustment": 638.9,
        "deferredPolicyAcquisitionExpense": 128.5,
        "dilutedAverageSharesOutstanding": 113.6,
        "dilutedEPS": 1.44,
        "ebit": 227.2,
        "grossPremiumsEarned": 857.1,
        "interestExpense": 23.61,
        "interestIncomeExpense": -23.6,
        "netIncome": 164.7,
        "netIncomeAfterTaxes": 163.9,
        "nonRecurringItems": 0,
        "otherOperatingExpensesTotal": 0,
        "period": "2018-12-31",
        "pretaxIncome": 203.6,
        "provisionforIncomeTaxes": 39.7,
        "revenue": 1064.7,
        "sgaExpense": 70.1,
        "totalOperatingExpense": 837.5
      },
      {
        "benefitsClaimsLossAdjustment": 637.5,
        "deferredPolicyAcquisitionExpense": 129.5,
        "dilutedAverageSharesOutstanding": 115,
        "dilutedEPS": 1.55,
        "ebit": 246.4,
        "grossPremiumsEarned": 861.1,
        "interestExpense": 22.433,
        "interestIncomeExpense": -22.4,
        "netIncome": 178.7,
        "netIncomeAfterTaxes": 178.7,
        "nonRecurringItems": -3.6,
        "otherOperatingExpensesTotal": 1.6,
        "period": "2018-09-30",
        "pretaxIncome": 220.3,
        "provisionforIncomeTaxes": 41.6,
        "revenue": 1083.8,
        "sgaExpense": 68.9,
        "totalOperatingExpense": 837.4
      },
      {
        "benefitsClaimsLossAdjustment": 637.8,
        "deferredPolicyAcquisitionExpense": 129.1,
        "dilutedAverageSharesOutstanding": 115.7,
        "dilutedEPS": 1.59,
        "ebit": 249.3,
        "grossPremiumsEarned": 854.4,
        "interestExpense": 22.411,
        "interestIncomeExpense": -22.4,
        "netIncome": 184.4,
        "netIncomeAfterTaxes": 184.4,
        "period": "2018-06-30",
        "pretaxIncome": 226.9,
        "provisionforIncomeTaxes": 42.5,
        "revenue": 1084.8,
        "sgaExpense": 68.6,
        "totalOperatingExpense": 835.5
      },
      {
        "benefitsClaimsLossAdjustment": 639.5,
        "deferredPolicyAcquisitionExpense": 129.6,
        "dilutedAverageSharesOutstanding": 116.7,
        "dilutedEPS": 1.49,
        "ebit": 234.5,
        "grossPremiumsEarned": 850.4,
        "interestExpense": 21.622,
        "interestIncomeExpense": -21.6,
        "netIncome": 173.6,
        "netIncomeAfterTaxes": 173.7,
        "period": "2018-03-31",
        "pretaxIncome": 212.8,
        "provisionforIncomeTaxes": 39.1,
        "revenue": 1070.4,
        "sgaExpense": 66.8,
        "totalOperatingExpense": 836
      },
      {
        "benefitsClaimsLossAdjustment": 629.3,
        "deferredPolicyAcquisitionExpense": 120,
        "dilutedAverageSharesOutstanding": 118,
        "dilutedEPS": 8.7,
        "ebit": 238.1,
        "grossPremiumsEarned": 826.5,
        "interestExpense": 21.707,
        "interestIncomeExpense": -21.7,
        "netIncome": 1027.3,
        "netIncomeAfterTaxes": 150.4,
        "period": "2017-12-31",
        "pretaxIncome": 216.4,
        "provisionforIncomeTaxes": 66,
        "revenue": 1056.9,
        "sgaExpense": 69.5,
        "totalOperatingExpense": 818.8
      },
      {
        "benefitsClaimsLossAdjustment": 619.1,
        "deferredPolicyAcquisitionExpense": 122.3,
        "dilutedAverageSharesOutstanding": 118.4,
        "dilutedEPS": 1.29,
        "ebit": 241.6,
        "grossPremiumsEarned": 819.5,
        "interestExpense": 20.97,
        "interestIncomeExpense": -21,
        "netIncome": 153.3,
        "netIncomeAfterTaxes": 153.3,
        "period": "2017-09-30",
        "pretaxIncome": 220.6,
        "provisionforIncomeTaxes": 67.3,
        "revenue": 1046,
        "sgaExpense": 63,
        "totalOperatingExpense": 804.4
      },
      {
        "benefitsClaimsLossAdjustment": 621.4,
        "deferredPolicyAcquisitionExpense": 122.1,
        "dilutedAverageSharesOutstanding": 119.1,
        "dilutedEPS": 1.18,
        "ebit": 223.1,
        "grossPremiumsEarned": 817,
        "interestExpense": 21.156,
        "interestIncomeExpense": -21.2,
        "netIncome": 140.3,
        "netIncomeAfterTaxes": 140.4,
        "period": "2017-06-30",
        "pretaxIncome": 201.9,
        "provisionforIncomeTaxes": 61.6,
        "revenue": 1029.1,
        "sgaExpense": 62.4,
        "totalOperatingExpense": 806
      },
      {
        "benefitsClaimsLossAdjustment": 622.9,
        "deferredPolicyAcquisitionExpense": 125.9,
        "dilutedAverageSharesOutstanding": 120.4,
        "dilutedEPS": 1.1,
        "ebit": 212.4,
        "grossPremiumsEarned": 821,
        "interestExpense": 20.699,
        "interestIncomeExpense": -20.7,
        "netIncome": 133.5,
        "netIncomeAfterTaxes": 137.2,
        "period": "2017-03-31",
        "pretaxIncome": 191.7,
        "provisionforIncomeTaxes": 54.6,
        "revenue": 1023.6,
        "sgaExpense": 62.3,
        "totalOperatingExpense": 811.1
      },
      {
        "benefitsClaimsLossAdjustment": 603.7,
        "deferredPolicyAcquisitionExpense": 116.2,
        "dilutedAverageSharesOutstanding": 121.2,
        "dilutedEPS": 1.11,
        "ebit": 196.5,
        "grossPremiumsEarned": 788.3,
        "interestExpense": 20.485,
        "interestIncomeExpense": -20.5,
        "netIncome": 135.4,
        "netIncomeAfterTaxes": 124.8,
        "nonRecurringItems": 0,
        "otherOperatingExpensesTotal": 0.3,
        "period": "2016-12-31",
        "pretaxIncome": 176,
        "provisionforIncomeTaxes": 51.2,
        "revenue": 975.3,
        "sgaExpense": 58.7,
        "totalOperatingExpense": 778.9
      },
      {
        "benefitsClaimsLossAdjustment": 593.3,
        "deferredPolicyAcquisitionExpense": 116.8,
        "dilutedAverageSharesOutstanding": 121.9,
        "dilutedEPS": 1.24,
        "ebit": 221.8,
        "grossPremiumsEarned": 783.6,
        "interestExpense": 20.381,
        "interestIncomeExpense": -20.4,
        "netIncome": 151.9,
        "netIncomeAfterTaxes": 141.9,
        "otherOperatingExpensesTotal": 0.3,
        "period": "2016-09-30",
        "pretaxIncome": 201.5,
        "provisionforIncomeTaxes": 59.6,
        "revenue": 989.8,
        "sgaExpense": 57.5,
        "totalOperatingExpense": 767.9
      },
      {
        "benefitsClaimsLossAdjustment": 594.3,
        "deferredPolicyAcquisitionExpense": 117.2,
        "dilutedAverageSharesOutstanding": 122.7,
        "dilutedEPS": 1.13,
        "ebit": 222.5,
        "grossPremiumsEarned": 786.2,
        "interestExpense": 23.11,
        "interestIncomeExpense": -23.1,
        "netIncome": 138.4,
        "netIncomeAfterTaxes": 139.3,
        "period": "2016-06-30",
        "pretaxIncome": 199.3,
        "provisionforIncomeTaxes": 60.1,
        "revenue": 991.9,
        "sgaExpense": 57.8,
        "totalOperatingExpense": 769.4
      },
      {
        "benefitsClaimsLossAdjustment": 586.6,
        "deferredPolicyAcquisitionExpense": 118.8,
        "dilutedAverageSharesOutstanding": 123.3,
        "dilutedEPS": 1,
        "ebit": 214.8,
        "grossPremiumsEarned": 780.3,
        "interestExpense": 19.369,
        "interestIncomeExpense": -19.4,
        "netIncome": 124,
        "netIncomeAfterTaxes": 133.6,
        "period": "2016-03-31",
        "pretaxIncome": 195.4,
        "provisionforIncomeTaxes": 61.9,
        "revenue": 977.6,
        "sgaExpense": 57.4,
        "totalOperatingExpense": 762.8
      },
      {
        "benefitsClaimsLossAdjustment": 570.4,
        "deferredPolicyAcquisitionExpense": 111.6,
        "dilutedAverageSharesOutstanding": 124.8,
        "dilutedEPS": 1.06,
        "ebit": 195.2,
        "grossPremiumsEarned": 756.2,
        "interestExpense": 19.222,
        "interestIncomeExpense": -19.2,
        "netIncome": 133,
        "netIncomeAfterTaxes": 119.1,
        "nonRecurringItems": 0,
        "otherOperatingExpensesTotal": 0,
        "period": "2015-12-31",
        "pretaxIncome": 176,
        "provisionforIncomeTaxes": 56.8,
        "revenue": 933.9,
        "sgaExpense": 56.7,
        "totalOperatingExpense": 738.7
      },
      {
        "benefitsClaimsLossAdjustment": 561.1,
        "deferredPolicyAcquisitionExpense": 111.6,
        "dilutedAverageSharesOutstanding": 126.1,
        "dilutedEPS": 1.15,
        "ebit": 218.3,
        "grossPremiumsEarned": 748.8,
        "interestExpense": 19.246,
        "interestIncomeExpense": -19.2,
        "netIncome": 145.4,
        "netIncomeAfterTaxes": 133.9,
        "otherOperatingExpensesTotal": 0,
        "period": "2015-09-30",
        "pretaxIncome": 199,
        "provisionforIncomeTaxes": 65.2,
        "revenue": 947.2,
        "sgaExpense": 56.2,
        "totalOperatingExpense": 728.9
      }
    ],
    "symbol": "GL"
  }
}