{
  "symbol": "WAT",
  "statement": "ic",
  "frequency": "annual",
  "timestamp": "2025-09-19T14:08:42.207678",
  "data": {
    "financials": [
      {
        "costOfGoodsSold": 1199.106,
        "depreciationAmortization": 47.09,
        "dilutedAverageSharesOutstanding": 59.552,
        "dilutedEPS": 10.7105,
        "ebit": 839.029,
        "grossIncome": 1759.281,
        "interestExpense": 89.677,
        "interestIncomeExpense": -73.356,
        "netIncome": 637.834,
        "netIncomeAfterTaxes": 637.834,
        "nonRecurringItems": -11.581,
        "period": "2024-12-31",
        "pretaxIncome": 754.868,
        "provisionforIncomeTaxes": 117.034,
        "researchDevelopment": 183.027,
        "revenue": 2958.387,
        "sgaExpense": 690.135,
        "totalOperatingExpense": 920.252,
        "totalOtherIncomeExpenseNet": 0.776,
        "year": 2024
      },
      {
        "costOfGoodsSold": 1195.155,
        "depreciationAmortization": 32.558,
        "dilutedAverageSharesOutstanding": 59.27,
        "dilutedEPS": 10.8357,
        "ebit": 856.744,
        "grossIncome": 1761.261,
        "interestExpense": 98.861,
        "interestIncomeExpense": -82.308,
        "netIncome": 642.234,
        "netIncomeAfterTaxes": 642.234,
        "nonRecurringItems": -39,
        "period": "2023-12-31",
        "pretaxIncome": 736.243,
        "provisionforIncomeTaxes": 94.009,
        "researchDevelopment": 174.945,
        "revenue": 2956.416,
        "sgaExpense": 697.014,
        "totalOperatingExpense": 904.517,
        "totalOtherIncomeExpenseNet": 0.807,
        "year": 2023
      },
      {
        "costOfGoodsSold": 1244.151,
        "depreciationAmortization": 6.366,
        "dilutedAverageSharesOutstanding": 60.331,
        "dilutedEPS": 11.7312,
        "ebit": 887.223,
        "grossIncome": 1727.805,
        "interestExpense": 48.797,
        "interestIncomeExpense": -41.808,
        "netIncome": 707.755,
        "netIncomeAfterTaxes": 707.755,
        "nonRecurringItems": -9.797,
        "period": "2022-12-31",
        "pretaxIncome": 837.846,
        "provisionforIncomeTaxes": 130.091,
        "researchDevelopment": 176.19,
        "revenue": 2971.956,
        "sgaExpense": 658.026,
        "totalOperatingExpense": 840.582,
        "totalOtherIncomeExpenseNet": 2.228,
        "year": 2022
      },
      {
        "costOfGoodsSold": 1154.217,
        "depreciationAmortization": 7.143,
        "dilutedAverageSharesOutstanding": 62.028,
        "dilutedEPS": 11.1698,
        "ebit": 829.188,
        "grossIncome": 1631.657,
        "interestExpense": 44.938,
        "interestIncomeExpense": -35.033,
        "netIncome": 692.843,
        "netIncomeAfterTaxes": 692.843,
        "nonRecurringItems": -5.165,
        "period": "2021-12-31",
        "pretaxIncome": 806.193,
        "provisionforIncomeTaxes": 113.35,
        "researchDevelopment": 168.358,
        "revenue": 2785.874,
        "sgaExpense": 626.968,
        "totalOperatingExpense": 802.469,
        "totalOtherIncomeExpenseNet": 17.203,
        "year": 2021
      },
      {
        "costOfGoodsSold": 1003.6,
        "depreciationAmortization": 10.6,
        "dilutedAverageSharesOutstanding": 62.4,
        "dilutedEPS": 8.36,
        "ebit": 683.7,
        "grossIncome": 1361.8,
        "interestExpense": 49.07,
        "interestIncomeExpense": -35.9,
        "netIncome": 521.6,
        "netIncomeAfterTaxes": 521.6,
        "nonRecurringItems": -35.1,
        "period": "2020-12-31",
        "pretaxIncome": 610.9,
        "provisionforIncomeTaxes": 89.3,
        "researchDevelopment": 140.8,
        "revenue": 2365.4,
        "sgaExpense": 526.7,
        "totalOperatingExpense": 678.1,
        "totalOtherIncomeExpenseNet": -1.8,
        "year": 2020
      },
      {
        "costOfGoodsSold": 1005.9,
        "depreciationAmortization": 9.7,
        "dilutedAverageSharesOutstanding": 68.2,
        "dilutedEPS": 8.68,
        "ebit": 713.3,
        "grossIncome": 1400.7,
        "interestExpense": 48.69,
        "interestIncomeExpense": -31.4,
        "netIncome": 592.2,
        "netIncomeAfterTaxes": 589,
        "period": "2019-12-31",
        "pretaxIncome": 678.2,
        "provisionforIncomeTaxes": 89.3,
        "researchDevelopment": 143,
        "revenue": 2406.6,
        "sgaExpense": 534.8,
        "totalOperatingExpense": 687.4,
        "totalOtherIncomeExpenseNet": -3.6,
        "year": 2019
      },
      {
        "costOfGoodsSold": 985.8,
        "depreciationAmortization": 7.7,
        "dilutedAverageSharesOutstanding": 77.6,
        "dilutedEPS": 7.67,
        "ebit": 746.2,
        "grossIncome": 1434.2,
        "interestExpense": 48.641,
        "interestIncomeExpense": -16.6,
        "netIncome": 593.8,
        "netIncomeAfterTaxes": 595.2,
        "nonRecurringItems": 0.4,
        "period": "2018-12-31",
        "pretaxIncome": 682.1,
        "provisionforIncomeTaxes": 86.9,
        "researchDevelopment": 143.4,
        "revenue": 2419.9,
        "sgaExpense": 536.9,
        "totalOperatingExpense": 688,
        "totalOtherIncomeExpenseNet": -47.8,
        "year": 2018
      },
      {
        "costOfGoodsSold": 952,
        "depreciationAmortization": 6.7,
        "dilutedAverageSharesOutstanding": 80.6,
        "dilutedEPS": 0.25,
        "ebit": 681.4,
        "grossIncome": 1357.1,
        "interestExpense": 56.839,
        "interestIncomeExpense": -15.9,
        "netIncome": 20.3,
        "netIncomeAfterTaxes": 570.3,
        "nonRecurringItems": -24.1,
        "period": "2017-12-31",
        "pretaxIncome": 641.1,
        "provisionforIncomeTaxes": 70.8,
        "researchDevelopment": 137.6,
        "revenue": 2309.1,
        "sgaExpense": 531.4,
        "totalOperatingExpense": 675.7,
        "totalOtherIncomeExpenseNet": -0.3,
        "year": 2017
      },
      {
        "costOfGoodsSold": 880.2,
        "depreciationAmortization": 9.9,
        "dilutedAverageSharesOutstanding": 81.4,
        "dilutedEPS": 6.41,
        "ebit": 639.8,
        "grossIncome": 1287.3,
        "interestExpense": 44.911,
        "interestIncomeExpense": -35.5,
        "netIncome": 521.5,
        "netIncomeAfterTaxes": 521.5,
        "nonRecurringItems": -3.5,
        "period": "2016-12-31",
        "pretaxIncome": 600.1,
        "provisionforIncomeTaxes": 78.6,
        "researchDevelopment": 125.2,
        "revenue": 2167.4,
        "sgaExpense": 512.3,
        "totalOperatingExpense": 647.4,
        "totalOtherIncomeExpenseNet": -0.7,
        "year": 2016
      },
      {
        "costOfGoodsSold": 842.7,
        "depreciationAmortization": 10.1,
        "dilutedAverageSharesOutstanding": 83.1,
        "dilutedEPS": 5.65,
        "ebit": 571.4,
        "grossIncome": 1199.7,
        "interestExpense": 36.243,
        "interestIncomeExpense": -25.5,
        "netIncome": 469.1,
        "netIncomeAfterTaxes": 469.1,
        "nonRecurringItems": -3.9,
        "period": "2015-12-31",
        "pretaxIncome": 541.9,
        "provisionforIncomeTaxes": 72.9,
        "researchDevelopment": 122.4,
        "revenue": 2042.3,
        "sgaExpense": 495.7,
        "totalOperatingExpense": 628.3,
        "totalOtherIncomeExpenseNet": 0,
        "year": 2015
      }
    ],
    "symbol": "WAT"
  }
}