{
  "symbol": "PEG",
  "statement": "ic",
  "frequency": "quarterly",
  "timestamp": "2025-09-19T14:05:50.399179",
  "data": {
    "financials": [
      {
        "depreciationAmortization": 308,
        "dilutedAverageSharesOutstanding": 500,
        "dilutedEPS": 1.17,
        "ebit": 817,
        "interestIncomeExpense": -127,
        "netIncome": 585,
        "netIncomeAfterTaxes": 585,
        "operationsMaintenance": 854,
        "period": "2025-06-30",
        "pretaxIncome": 726,
        "provisionforIncomeTaxes": 141,
        "purchasedFuelPowerGas": 826,
        "revenue": 2805,
        "totalOperatingExpense": 1988,
        "totalOtherIncomeExpenseNet": 36
      },
      {
        "depreciationAmortization": 320,
        "dilutedAverageSharesOutstanding": 500,
        "dilutedEPS": 1.178,
        "ebit": 797,
        "interestExpense": 241,
        "interestIncomeExpense": -212,
        "netIncome": 589,
        "netIncomeAfterTaxes": 589,
        "operationsMaintenance": 919,
        "period": "2025-03-31",
        "pretaxIncome": 617,
        "provisionforIncomeTaxes": 28,
        "purchasedFuelPowerGas": 1186,
        "revenue": 3222,
        "totalOperatingExpense": 2425,
        "totalOtherIncomeExpenseNet": 32
      },
      {
        "depreciationAmortization": 308,
        "dilutedAverageSharesOutstanding": 500,
        "dilutedEPS": 0.572,
        "ebit": 451,
        "interestExpense": 232,
        "interestIncomeExpense": -276,
        "netIncome": 286,
        "netIncomeAfterTaxes": 286,
        "nonRecurringItems": -6,
        "operationsMaintenance": 941,
        "period": "2024-12-31",
        "pretaxIncome": 200,
        "provisionforIncomeTaxes": -86,
        "purchasedFuelPowerGas": 765,
        "revenue": 2465,
        "totalOperatingExpense": 2014,
        "totalOtherIncomeExpenseNet": 31
      },
      {
        "depreciationAmortization": 294,
        "dilutedAverageSharesOutstanding": 500,
        "dilutedEPS": 1.04,
        "ebit": 641,
        "interestExpense": 227,
        "interestIncomeExpense": -115,
        "netIncome": 520,
        "netIncomeAfterTaxes": 520,
        "operationsMaintenance": 808,
        "period": "2024-09-30",
        "pretaxIncome": 559,
        "provisionforIncomeTaxes": 39,
        "purchasedFuelPowerGas": 899,
        "revenue": 2642,
        "totalOperatingExpense": 2001,
        "totalOtherIncomeExpenseNet": 33
      },
      {
        "depreciationAmortization": 285,
        "dilutedAverageSharesOutstanding": 500,
        "dilutedEPS": 0.87,
        "ebit": 582,
        "interestExpense": 218,
        "interestIncomeExpense": -186,
        "netIncome": 434,
        "netIncomeAfterTaxes": 434,
        "operationsMaintenance": 824,
        "period": "2024-06-30",
        "pretaxIncome": 437,
        "provisionforIncomeTaxes": 3,
        "purchasedFuelPowerGas": 732,
        "revenue": 2423,
        "totalOperatingExpense": 1841,
        "totalOtherIncomeExpenseNet": 41
      },
      {
        "depreciationAmortization": 295,
        "dilutedAverageSharesOutstanding": 500,
        "dilutedEPS": 1.06,
        "ebit": 685,
        "interestExpense": 205,
        "interestIncomeExpense": -91,
        "netIncome": 532,
        "netIncomeAfterTaxes": 532,
        "operationsMaintenance": 783,
        "period": "2024-03-31",
        "pretaxIncome": 629,
        "provisionforIncomeTaxes": 97,
        "purchasedFuelPowerGas": 997,
        "revenue": 2760,
        "totalOperatingExpense": 2075,
        "totalOtherIncomeExpenseNet": 35
      },
      {
        "depreciationAmortization": 292,
        "dilutedAverageSharesOutstanding": 501,
        "dilutedEPS": 1.09,
        "ebit": 699,
        "interestExpense": 198,
        "interestIncomeExpense": -53,
        "netIncome": 546,
        "netIncomeAfterTaxes": 546,
        "nonRecurringItems": -7,
        "operationsMaintenance": 871,
        "period": "2023-12-31",
        "pretaxIncome": 687,
        "provisionforIncomeTaxes": 141,
        "purchasedFuelPowerGas": 743,
        "revenue": 2605,
        "totalOperatingExpense": 1906,
        "totalOtherIncomeExpenseNet": 48
      },
      {
        "depreciationAmortization": 282,
        "dilutedAverageSharesOutstanding": 500,
        "dilutedEPS": 0.28,
        "ebit": 551,
        "interestExpense": 185,
        "interestIncomeExpense": -207,
        "netIncome": 139,
        "netIncomeAfterTaxes": 139,
        "nonRecurringItems": 0,
        "operationsMaintenance": 792,
        "period": "2023-09-30",
        "pretaxIncome": 65,
        "provisionforIncomeTaxes": -74,
        "purchasedFuelPowerGas": 831,
        "revenue": 2456,
        "totalOperatingExpense": 1905,
        "totalOtherIncomeExpenseNet": -279
      },
      {
        "depreciationAmortization": 279,
        "dilutedAverageSharesOutstanding": 500,
        "dilutedEPS": 1.18,
        "ebit": 794,
        "interestExpense": 185,
        "interestIncomeExpense": -107,
        "netIncome": 591,
        "netIncomeAfterTaxes": 591,
        "operationsMaintenance": 744,
        "period": "2023-06-30",
        "pretaxIncome": 744,
        "provisionforIncomeTaxes": 153,
        "purchasedFuelPowerGas": 604,
        "revenue": 2421,
        "totalOperatingExpense": 1627,
        "totalOtherIncomeExpenseNet": 57
      },
      {
        "depreciationAmortization": 282,
        "dilutedAverageSharesOutstanding": 500,
        "dilutedEPS": 2.57,
        "ebit": 1648,
        "interestExpense": 180,
        "interestIncomeExpense": -116,
        "netIncome": 1287,
        "netIncomeAfterTaxes": 1287,
        "nonRecurringItems": 0,
        "operationsMaintenance": 743,
        "period": "2023-03-31",
        "pretaxIncome": 1585,
        "provisionforIncomeTaxes": 298,
        "purchasedFuelPowerGas": 1082,
        "revenue": 3755,
        "totalOperatingExpense": 2107,
        "totalOtherIncomeExpenseNet": 53
      },
      {
        "depreciationAmortization": 278,
        "dilutedAverageSharesOutstanding": 501,
        "dilutedEPS": 1.57,
        "ebit": 997,
        "interestExpense": 178,
        "interestIncomeExpense": -76,
        "netIncome": 788,
        "netIncomeAfterTaxes": 788,
        "nonRecurringItems": -33,
        "operationsMaintenance": 868,
        "period": "2022-12-31",
        "pretaxIncome": 1003,
        "provisionforIncomeTaxes": 215,
        "purchasedFuelPowerGas": 996,
        "revenue": 3139,
        "totalOperatingExpense": 2142,
        "totalOtherIncomeExpenseNet": 115
      },
      {
        "depreciationAmortization": 270,
        "dilutedAverageSharesOutstanding": 500,
        "dilutedEPS": 0.23,
        "ebit": 225,
        "interestExpense": 163,
        "interestIncomeExpense": -236,
        "netIncome": 114,
        "netIncomeAfterTaxes": 114,
        "nonRecurringItems": -52,
        "operationsMaintenance": 765,
        "period": "2022-09-30",
        "pretaxIncome": 55,
        "provisionforIncomeTaxes": -59,
        "purchasedFuelPowerGas": 1012,
        "revenue": 2272,
        "totalOperatingExpense": 2047,
        "totalOtherIncomeExpenseNet": 118
      },
      {
        "depreciationAmortization": 269,
        "dilutedAverageSharesOutstanding": 500,
        "dilutedEPS": 0.26,
        "ebit": 291,
        "interestExpense": 150,
        "interestIncomeExpense": -310,
        "netIncome": 131,
        "netIncomeAfterTaxes": 131,
        "nonRecurringItems": 5,
        "operationsMaintenance": 751,
        "period": "2022-06-30",
        "pretaxIncome": 98,
        "provisionforIncomeTaxes": -33,
        "purchasedFuelPowerGas": 765,
        "revenue": 2076,
        "totalOperatingExpense": 1785,
        "totalOtherIncomeExpenseNet": 112
      },
      {
        "depreciationAmortization": 283,
        "dilutedAverageSharesOutstanding": 501,
        "dilutedEPS": 0,
        "ebit": -9,
        "interestExpense": 137,
        "interestIncomeExpense": -184,
        "netIncome": -2,
        "netIncomeAfterTaxes": -2,
        "nonRecurringItems": -43,
        "operationsMaintenance": 794,
        "period": "2022-03-31",
        "pretaxIncome": -154,
        "provisionforIncomeTaxes": -152,
        "purchasedFuelPowerGas": 1245,
        "revenue": 2313,
        "totalOperatingExpense": 2322,
        "totalOtherIncomeExpenseNet": 82
      },
      {
        "depreciationAmortization": 270,
        "dilutedAverageSharesOutstanding": 504,
        "dilutedEPS": 0.88,
        "ebit": 924,
        "interestExpense": 134,
        "interestIncomeExpense": -43,
        "netIncome": 445,
        "netIncomeAfterTaxes": 445,
        "nonRecurringItems": -320,
        "operationsMaintenance": 858,
        "period": "2021-12-31",
        "pretaxIncome": 631,
        "provisionforIncomeTaxes": 186,
        "purchasedFuelPowerGas": 1004,
        "revenue": 3056,
        "totalOperatingExpense": 2132,
        "totalOtherIncomeExpenseNet": 70
      },
      {
        "depreciationAmortization": 283,
        "dilutedAverageSharesOutstanding": 504,
        "dilutedEPS": -3.1,
        "ebit": -47,
        "interestExpense": 144,
        "interestIncomeExpense": -137,
        "netIncome": -1564,
        "netIncomeAfterTaxes": -1564,
        "nonRecurringItems": -2158,
        "operationsMaintenance": 807,
        "period": "2021-09-30",
        "pretaxIncome": -2246,
        "provisionforIncomeTaxes": -682,
        "purchasedFuelPowerGas": 860,
        "revenue": 1903,
        "totalOperatingExpense": 1950,
        "totalOtherIncomeExpenseNet": 96
      },
      {
        "depreciationAmortization": 322,
        "dilutedAverageSharesOutstanding": 504,
        "dilutedEPS": -0.35,
        "ebit": 163,
        "interestExpense": 147,
        "interestIncomeExpense": -42,
        "netIncome": -177,
        "netIncomeAfterTaxes": -177,
        "nonRecurringItems": -457,
        "operationsMaintenance": 783,
        "period": "2021-06-30",
        "pretaxIncome": -239,
        "provisionforIncomeTaxes": -62,
        "purchasedFuelPowerGas": 606,
        "revenue": 1874,
        "totalOperatingExpense": 1711,
        "totalOtherIncomeExpenseNet": 97
      },
      {
        "depreciationAmortization": 341,
        "dilutedAverageSharesOutstanding": 507,
        "dilutedEPS": 1.28,
        "ebit": 741,
        "interestExpense": 146,
        "interestIncomeExpense": -67,
        "netIncome": 648,
        "netIncomeAfterTaxes": 648,
        "operationsMaintenance": 778,
        "period": "2021-03-31",
        "pretaxIncome": 765,
        "provisionforIncomeTaxes": 117,
        "purchasedFuelPowerGas": 1029,
        "revenue": 2889,
        "totalOperatingExpense": 2148,
        "totalOtherIncomeExpenseNet": 91
      },
      {
        "depreciationAmortization": 329,
        "dilutedAverageSharesOutstanding": 507,
        "dilutedEPS": 0.85,
        "ebit": 432,
        "interestExpense": 147,
        "interestIncomeExpense": 40,
        "netIncome": 431,
        "netIncomeAfterTaxes": 431,
        "nonRecurringItems": 1,
        "operationsMaintenance": 861,
        "period": "2020-12-31",
        "pretaxIncome": 553,
        "provisionforIncomeTaxes": 122,
        "purchasedFuelPowerGas": 780,
        "revenue": 2402,
        "totalOperatingExpense": 1970,
        "totalOtherIncomeExpenseNet": 80
      },
      {
        "depreciationAmortization": 317,
        "dilutedAverageSharesOutstanding": 507,
        "dilutedEPS": 1.13,
        "ebit": 511,
        "interestExpense": 149,
        "interestIncomeExpense": -23,
        "netIncome": 575,
        "netIncomeAfterTaxes": 575,
        "nonRecurringItems": 122,
        "operationsMaintenance": 767,
        "period": "2020-09-30",
        "pretaxIncome": 696,
        "provisionforIncomeTaxes": 121,
        "purchasedFuelPowerGas": 775,
        "revenue": 2370,
        "totalOperatingExpense": 1859,
        "totalOtherIncomeExpenseNet": 86
      },
      {
        "depreciationAmortization": 315,
        "dilutedAverageSharesOutstanding": 507,
        "dilutedEPS": 0.89,
        "ebit": 407,
        "interestExpense": 151,
        "interestIncomeExpense": 71,
        "netIncome": 451,
        "netIncomeAfterTaxes": 451,
        "nonRecurringItems": 0,
        "operationsMaintenance": 733,
        "period": "2020-06-30",
        "pretaxIncome": 560,
        "provisionforIncomeTaxes": 109,
        "purchasedFuelPowerGas": 595,
        "revenue": 2050,
        "totalOperatingExpense": 1643,
        "totalOtherIncomeExpenseNet": 82
      },
      {
        "depreciationAmortization": 324,
        "dilutedAverageSharesOutstanding": 507,
        "dilutedEPS": 0.88,
        "ebit": 797,
        "interestExpense": 153,
        "interestIncomeExpense": -354,
        "netIncome": 448,
        "netIncomeAfterTaxes": 448,
        "operationsMaintenance": 754,
        "period": "2020-03-31",
        "pretaxIncome": 492,
        "provisionforIncomeTaxes": 44,
        "purchasedFuelPowerGas": 906,
        "revenue": 2781,
        "totalOperatingExpense": 1984,
        "totalOtherIncomeExpenseNet": 49
      },
      {
        "depreciationAmortization": 320,
        "dilutedAverageSharesOutstanding": 507,
        "dilutedEPS": 0.86,
        "ebit": 507,
        "interestExpense": 152,
        "interestIncomeExpense": -35,
        "netIncome": 437,
        "netIncomeAfterTaxes": 437,
        "nonRecurringItems": 0,
        "operationsMaintenance": 860,
        "period": "2019-12-31",
        "pretaxIncome": 535,
        "provisionforIncomeTaxes": 98,
        "purchasedFuelPowerGas": 791,
        "revenue": 2478,
        "totalOperatingExpense": 1971,
        "totalOtherIncomeExpenseNet": 63
      },
      {
        "depreciationAmortization": 307,
        "dilutedAverageSharesOutstanding": 507,
        "dilutedEPS": 0.79,
        "ebit": 497,
        "interestExpense": 147,
        "interestIncomeExpense": -129,
        "netIncome": 403,
        "netIncomeAfterTaxes": 403,
        "nonRecurringItems": -7,
        "operationsMaintenance": 745,
        "period": "2019-09-30",
        "pretaxIncome": 433,
        "provisionforIncomeTaxes": 30,
        "purchasedFuelPowerGas": 753,
        "revenue": 2302,
        "totalOperatingExpense": 1805,
        "totalOtherIncomeExpenseNet": 72
      },
      {
        "depreciationAmortization": 307,
        "dilutedAverageSharesOutstanding": 507,
        "dilutedEPS": 0.3,
        "ebit": 555,
        "interestExpense": 137,
        "interestIncomeExpense": -73,
        "netIncome": 153,
        "netIncomeAfterTaxes": 153,
        "nonRecurringItems": -395,
        "operationsMaintenance": 750,
        "period": "2019-06-30",
        "pretaxIncome": 133,
        "provisionforIncomeTaxes": -20,
        "purchasedFuelPowerGas": 704,
        "revenue": 2316,
        "totalOperatingExpense": 1761,
        "totalOtherIncomeExpenseNet": 46
      },
      {
        "depreciationAmortization": 314,
        "dilutedAverageSharesOutstanding": 507,
        "dilutedEPS": 1.38,
        "ebit": 786,
        "interestExpense": 133,
        "interestIncomeExpense": 15,
        "netIncome": 700,
        "netIncomeAfterTaxes": 700,
        "operationsMaintenance": 756,
        "period": "2019-03-31",
        "pretaxIncome": 849,
        "provisionforIncomeTaxes": 149,
        "purchasedFuelPowerGas": 1124,
        "revenue": 2980,
        "totalOperatingExpense": 2194,
        "totalOtherIncomeExpenseNet": 48
      },
      {
        "depreciationAmortization": 304,
        "dilutedAverageSharesOutstanding": 507,
        "dilutedEPS": 0.39,
        "ebit": 501,
        "interestExpense": 135,
        "interestIncomeExpense": -290,
        "netIncome": 199,
        "netIncomeAfterTaxes": 199,
        "operationsMaintenance": 794,
        "period": "2018-12-31",
        "pretaxIncome": 200,
        "provisionforIncomeTaxes": 1,
        "purchasedFuelPowerGas": 869,
        "revenue": 2468,
        "totalOperatingExpense": 1967,
        "totalOtherIncomeExpenseNet": -11
      },
      {
        "depreciationAmortization": 294,
        "dilutedAverageSharesOutstanding": 507,
        "dilutedEPS": 0.81,
        "ebit": 554,
        "interestExpense": 127,
        "interestIncomeExpense": -59,
        "netIncome": 412,
        "netIncomeAfterTaxes": 412,
        "operationsMaintenance": 742,
        "period": "2018-09-30",
        "pretaxIncome": 529,
        "provisionforIncomeTaxes": 117,
        "purchasedFuelPowerGas": 804,
        "revenue": 2394,
        "totalOperatingExpense": 1840,
        "totalOtherIncomeExpenseNet": 34
      },
      {
        "depreciationAmortization": 280,
        "dilutedAverageSharesOutstanding": 507,
        "dilutedEPS": 0.53,
        "ebit": 411,
        "interestExpense": 111,
        "interestIncomeExpense": -78,
        "netIncome": 269,
        "netIncomeAfterTaxes": 269,
        "operationsMaintenance": 725,
        "period": "2018-06-30",
        "pretaxIncome": 366,
        "provisionforIncomeTaxes": 97,
        "purchasedFuelPowerGas": 600,
        "revenue": 2016,
        "totalOperatingExpense": 1605,
        "totalOtherIncomeExpenseNet": 33
      },
      {
        "depreciationAmortization": 280,
        "dilutedAverageSharesOutstanding": 507,
        "dilutedEPS": 1.1,
        "ebit": 832,
        "interestExpense": 103,
        "interestIncomeExpense": -107,
        "netIncome": 558,
        "netIncomeAfterTaxes": 558,
        "operationsMaintenance": 754,
        "period": "2018-03-31",
        "pretaxIncome": 760,
        "provisionforIncomeTaxes": 202,
        "purchasedFuelPowerGas": 952,
        "revenue": 2818,
        "totalOperatingExpense": 1986,
        "totalOtherIncomeExpenseNet": 35
      },
      {
        "depreciationAmortization": 265,
        "dilutedAverageSharesOutstanding": 507,
        "dilutedEPS": 1.88,
        "ebit": 362,
        "interestExpense": 102,
        "interestIncomeExpense": -32,
        "netIncome": 956,
        "netIncomeAfterTaxes": 211,
        "operationsMaintenance": 801,
        "period": "2017-12-31",
        "pretaxIncome": 310,
        "provisionforIncomeTaxes": 99,
        "purchasedFuelPowerGas": 678,
        "revenue": 2106,
        "totalOperatingExpense": 1744,
        "totalOtherIncomeExpenseNet": -20
      },
      {
        "depreciationAmortization": 252,
        "dilutedAverageSharesOutstanding": 507,
        "dilutedEPS": 0.78,
        "ebit": 693,
        "interestExpense": 100,
        "interestIncomeExpense": -61,
        "netIncome": 395,
        "netIncomeAfterTaxes": 395,
        "operationsMaintenance": 693,
        "period": "2017-09-30",
        "pretaxIncome": 647,
        "provisionforIncomeTaxes": 252,
        "purchasedFuelPowerGas": 616,
        "revenue": 2254,
        "totalOperatingExpense": 1561,
        "totalOtherIncomeExpenseNet": 15
      },
      {
        "depreciationAmortization": 641,
        "dilutedAverageSharesOutstanding": 507,
        "dilutedEPS": 0.21,
        "ebit": 195,
        "interestExpense": 91,
        "interestIncomeExpense": -43,
        "netIncome": 109,
        "netIncomeAfterTaxes": 109,
        "operationsMaintenance": 718,
        "period": "2017-06-30",
        "pretaxIncome": 168,
        "provisionforIncomeTaxes": 59,
        "purchasedFuelPowerGas": 588,
        "revenue": 2142,
        "totalOperatingExpense": 1947,
        "totalOtherIncomeExpenseNet": 16
      },
      {
        "depreciationAmortization": 828,
        "dilutedAverageSharesOutstanding": 507,
        "dilutedEPS": 0.22,
        "ebit": 178,
        "interestExpense": 98,
        "interestIncomeExpense": -52,
        "netIncome": 114,
        "netIncomeAfterTaxes": 114,
        "operationsMaintenance": 717,
        "period": "2017-03-31",
        "pretaxIncome": 143,
        "provisionforIncomeTaxes": 29,
        "purchasedFuelPowerGas": 868,
        "revenue": 2591,
        "totalOperatingExpense": 2413,
        "totalOtherIncomeExpenseNet": 17
      },
      {
        "depreciationAmortization": 797,
        "dilutedAverageSharesOutstanding": 505,
        "dilutedEPS": -0.19,
        "ebit": -153,
        "interestExpense": 97,
        "interestIncomeExpense": -122,
        "netIncome": -98,
        "netIncomeAfterTaxes": -98,
        "nonRecurringItems": 25,
        "operationsMaintenance": 776,
        "period": "2016-12-31",
        "pretaxIncome": -249,
        "provisionforIncomeTaxes": -151,
        "purchasedFuelPowerGas": 575,
        "revenue": 1995,
        "totalOperatingExpense": 2148,
        "totalOtherIncomeExpenseNet": 1
      },
      {
        "depreciationAmortization": 231,
        "dilutedAverageSharesOutstanding": 508,
        "dilutedEPS": 0.64,
        "ebit": 577,
        "interestExpense": 99,
        "interestIncomeExpense": -69,
        "netIncome": 327,
        "netIncomeAfterTaxes": 327,
        "nonRecurringItems": -5,
        "operationsMaintenance": 776,
        "period": "2016-09-30",
        "pretaxIncome": 515,
        "provisionforIncomeTaxes": 188,
        "purchasedFuelPowerGas": 866,
        "revenue": 2450,
        "totalOperatingExpense": 1873,
        "totalOtherIncomeExpenseNet": 12
      },
      {
        "depreciationAmortization": 224,
        "dilutedAverageSharesOutstanding": 508,
        "dilutedEPS": 0.37,
        "ebit": 347,
        "interestExpense": 97,
        "interestIncomeExpense": -65,
        "netIncome": 187,
        "netIncomeAfterTaxes": 187,
        "nonRecurringItems": -10,
        "operationsMaintenance": 710,
        "period": "2016-06-30",
        "pretaxIncome": 278,
        "provisionforIncomeTaxes": 91,
        "purchasedFuelPowerGas": 624,
        "revenue": 1905,
        "totalOperatingExpense": 1558,
        "totalOtherIncomeExpenseNet": 6
      },
      {
        "depreciationAmortization": 224,
        "dilutedAverageSharesOutstanding": 508,
        "dilutedEPS": 0.93,
        "ebit": 827,
        "interestExpense": 92,
        "interestIncomeExpense": -59,
        "netIncome": 471,
        "netIncomeAfterTaxes": 471,
        "nonRecurringItems": -10,
        "operationsMaintenance": 729,
        "period": "2016-03-31",
        "pretaxIncome": 754,
        "provisionforIncomeTaxes": 283,
        "purchasedFuelPowerGas": 836,
        "revenue": 2616,
        "totalOperatingExpense": 1789,
        "totalOtherIncomeExpenseNet": -4
      },
      {
        "depreciationAmortization": 254,
        "dilutedAverageSharesOutstanding": 508,
        "dilutedEPS": 0.61,
        "ebit": 532,
        "interestExpense": 102,
        "interestIncomeExpense": -80,
        "netIncome": 309,
        "netIncomeAfterTaxes": 309,
        "nonRecurringItems": -8,
        "operationsMaintenance": 808,
        "period": "2015-12-31",
        "pretaxIncome": 441,
        "provisionforIncomeTaxes": 132,
        "purchasedFuelPowerGas": 684,
        "revenue": 2278,
        "totalOperatingExpense": 1746,
        "totalOtherIncomeExpenseNet": -3
      },
      {
        "depreciationAmortization": 313,
        "dilutedAverageSharesOutstanding": 508,
        "dilutedEPS": 0.86,
        "ebit": 814,
        "interestExpense": 96,
        "interestIncomeExpense": -63,
        "netIncome": 439,
        "netIncomeAfterTaxes": 439,
        "nonRecurringItems": -30,
        "operationsMaintenance": 746,
        "period": "2015-09-30",
        "pretaxIncome": 724,
        "provisionforIncomeTaxes": 285,
        "purchasedFuelPowerGas": 815,
        "revenue": 2688,
        "totalOperatingExpense": 1874,
        "totalOtherIncomeExpenseNet": 3
      }
    ],
    "symbol": "PEG"
  }
}