{
  "symbol": "CCL",
  "statement": "ic",
  "frequency": "annual",
  "timestamp": "2025-09-19T13:57:27.311767",
  "data": {
    "financials": [
      {
        "costOfGoodsSold": 11838,
        "depreciationAmortization": 2557,
        "dilutedAverageSharesOutstanding": 1398,
        "dilutedEPS": 1.37,
        "ebit": 3574,
        "grossIncome": 13183,
        "interestExpense": 1755,
        "interestIncomeExpense": -1662,
        "netIncome": 1916,
        "netIncomeAfterTaxes": 1916,
        "nonRecurringItems": -79,
        "otherOperatingExpensesTotal": 3800,
        "period": "2024-11-30",
        "pretaxIncome": 1915,
        "provisionforIncomeTaxes": -1,
        "revenue": 25021,
        "sgaExpense": 3252,
        "totalOperatingExpense": 9609,
        "totalOtherIncomeExpenseNet": 82,
        "year": 2024
      },
      {
        "costOfGoodsSold": 10891,
        "depreciationAmortization": 2370,
        "dilutedAverageSharesOutstanding": 1262,
        "dilutedEPS": -0.06,
        "ebit": 1956,
        "grossIncome": 10702,
        "interestExpense": 2066,
        "interestIncomeExpense": -1833,
        "netIncome": -74,
        "netIncomeAfterTaxes": -75,
        "nonRecurringItems": -111,
        "otherOperatingExpensesTotal": 3426,
        "period": "2023-11-30",
        "pretaxIncome": -62,
        "provisionforIncomeTaxes": 13,
        "revenue": 21593,
        "sgaExpense": 2950,
        "totalOperatingExpense": 8746,
        "totalOtherIncomeExpenseNet": -74,
        "year": 2023
      },
      {
        "costOfGoodsSold": 8359,
        "depreciationAmortization": 2275,
        "dilutedAverageSharesOutstanding": 1180,
        "dilutedEPS": -5.16,
        "ebit": -3939,
        "grossIncome": 3809,
        "interestExpense": 1609,
        "interestIncomeExpense": -1535,
        "netIncome": -6093,
        "netIncomeAfterTaxes": -6094,
        "nonRecurringItems": -441,
        "otherOperatingExpensesTotal": 2958,
        "period": "2022-11-30",
        "pretaxIncome": -6080,
        "provisionforIncomeTaxes": 14,
        "revenue": 12168,
        "sgaExpense": 2515,
        "totalOperatingExpense": 7748,
        "totalOtherIncomeExpenseNet": -165,
        "year": 2022
      },
      {
        "costOfGoodsSold": 2717,
        "depreciationAmortization": 2233,
        "dilutedAverageSharesOutstanding": 1123,
        "dilutedEPS": -8.46,
        "ebit": -6272,
        "grossIncome": -809,
        "interestExpense": 1601,
        "interestIncomeExpense": -1589,
        "netIncome": -9501,
        "netIncomeAfterTaxes": -9501,
        "nonRecurringItems": -1487,
        "otherOperatingExpensesTotal": 1345,
        "period": "2021-11-30",
        "pretaxIncome": -9522,
        "provisionforIncomeTaxes": -21,
        "revenue": 1908,
        "sgaExpense": 1885,
        "totalOperatingExpense": 5463,
        "totalOtherIncomeExpenseNet": -174,
        "year": 2021
      },
      {
        "costOfGoodsSold": 4760,
        "depreciationAmortization": 2241,
        "dilutedAverageSharesOutstanding": 775,
        "dilutedEPS": -13.21,
        "ebit": -4802,
        "grossIncome": 835,
        "interestExpense": 895,
        "interestIncomeExpense": -877,
        "netIncome": -10236,
        "netIncomeAfterTaxes": -10236,
        "nonRecurringItems": -4063,
        "otherOperatingExpensesTotal": 1518,
        "period": "2020-11-30",
        "pretaxIncome": -10253,
        "provisionforIncomeTaxes": -17,
        "revenue": 5595,
        "sgaExpense": 1878,
        "totalOperatingExpense": 5637,
        "totalOtherIncomeExpenseNet": -511,
        "year": 2020
      },
      {
        "costOfGoodsSold": 12908,
        "depreciationAmortization": 2160,
        "dilutedAverageSharesOutstanding": 692,
        "dilutedEPS": 4.32,
        "ebit": 3276,
        "grossIncome": 7917,
        "interestExpense": 229,
        "interestIncomeExpense": -183,
        "netIncome": 2990,
        "netIncomeAfterTaxes": 2989,
        "nonRecurringItems": 0,
        "otherOperatingExpensesTotal": 1,
        "period": "2019-11-30",
        "pretaxIncome": 3060,
        "provisionforIncomeTaxes": 71,
        "revenue": 20825,
        "sgaExpense": 2480,
        "totalOperatingExpense": 4641,
        "totalOtherIncomeExpenseNet": -33,
        "year": 2019
      },
      {
        "costOfGoodsSold": 11090,
        "depreciationAmortization": 2017,
        "dilutedAverageSharesOutstanding": 710,
        "dilutedEPS": 4.44,
        "ebit": 3325,
        "grossIncome": 7791,
        "interestExpense": 194,
        "interestIncomeExpense": -121,
        "netIncome": 3152,
        "netIncomeAfterTaxes": 3153,
        "nonRecurringItems": 0,
        "otherOperatingExpensesTotal": -1,
        "period": "2018-11-30",
        "pretaxIncome": 3207,
        "provisionforIncomeTaxes": 54,
        "revenue": 18881,
        "sgaExpense": 2450,
        "totalOperatingExpense": 4466,
        "totalOtherIncomeExpenseNet": 3,
        "year": 2018
      },
      {
        "costOfGoodsSold": 10501,
        "depreciationAmortization": 1846,
        "dilutedAverageSharesOutstanding": 725,
        "dilutedEPS": 3.59,
        "ebit": 2898,
        "grossIncome": 7009,
        "interestExpense": 198,
        "interestIncomeExpense": -154,
        "netIncome": 2606,
        "netIncomeAfterTaxes": 2606,
        "nonRecurringItems": -89,
        "period": "2017-11-30",
        "pretaxIncome": 2666,
        "provisionforIncomeTaxes": 60,
        "revenue": 17510,
        "sgaExpense": 2265,
        "totalOperatingExpense": 4111,
        "totalOtherIncomeExpenseNet": 11,
        "year": 2017
      },
      {
        "costOfGoodsSold": 9383,
        "depreciationAmortization": 1738,
        "dilutedAverageSharesOutstanding": 747,
        "dilutedEPS": 3.72,
        "ebit": 3071,
        "grossIncome": 7006,
        "interestExpense": 223,
        "interestIncomeExpense": -264,
        "netIncome": 2779,
        "netIncomeAfterTaxes": 2779,
        "period": "2016-11-30",
        "pretaxIncome": 2828,
        "provisionforIncomeTaxes": 49,
        "revenue": 16389,
        "sgaExpense": 2197,
        "totalOperatingExpense": 3935,
        "totalOtherIncomeExpenseNet": 21,
        "year": 2016
      },
      {
        "costOfGoodsSold": 9447,
        "depreciationAmortization": 1626,
        "dilutedAverageSharesOutstanding": 779,
        "dilutedEPS": 2.26,
        "ebit": 2574,
        "grossIncome": 6267,
        "interestExpense": 217,
        "interestIncomeExpense": -785,
        "netIncome": 1757,
        "netIncomeAfterTaxes": 1757,
        "nonRecurringItems": 0,
        "period": "2015-11-30",
        "pretaxIncome": 1799,
        "provisionforIncomeTaxes": 42,
        "revenue": 15714,
        "sgaExpense": 2067,
        "totalOperatingExpense": 3693,
        "totalOtherIncomeExpenseNet": 10,
        "year": 2015
      }
    ],
    "symbol": "CCL"
  }
}