{
  "symbol": "TER",
  "statement": "ic",
  "frequency": "quarterly",
  "timestamp": "2025-09-19T14:07:23.856757",
  "data": {
    "financials": [
      {
        "costOfGoodsSold": 278.785,
        "depreciationAmortization": 3.733,
        "dilutedAverageSharesOutstanding": 160.135,
        "dilutedEPS": 0.4894,
        "ebit": 93.115,
        "equityEarningsAffiliates": -5.927,
        "grossIncome": 373.012,
        "interestExpense": 0.805,
        "interestIncomeExpense": 7.946,
        "netIncome": 78.372,
        "netIncomeAfterTaxes": 84.299,
        "nonRecurringItems": -2.372,
        "period": "2025-06-29",
        "pretaxIncome": 96.559,
        "provisionforIncomeTaxes": 12.26,
        "researchDevelopment": 118.382,
        "revenue": 651.797,
        "sgaExpense": 157.782,
        "totalOperatingExpense": 279.897,
        "totalOtherIncomeExpenseNet": -2.13
      },
      {
        "costOfGoodsSold": 270.344,
        "depreciationAmortization": 4.573,
        "dilutedAverageSharesOutstanding": 161.996,
        "dilutedEPS": 0.6105,
        "ebit": 135.318,
        "equityEarningsAffiliates": -5.584,
        "grossIncome": 415.336,
        "interestExpense": 0.795,
        "interestIncomeExpense": 0.881,
        "netIncome": 98.896,
        "netIncomeAfterTaxes": 104.48,
        "nonRecurringItems": -14.515,
        "period": "2025-03-30",
        "pretaxIncome": 119.024,
        "provisionforIncomeTaxes": 14.544,
        "researchDevelopment": 118.188,
        "revenue": 685.68,
        "sgaExpense": 157.257,
        "totalOperatingExpense": 280.018,
        "totalOtherIncomeExpenseNet": -2.66
      },
      {
        "costOfGoodsSold": 305.596,
        "depreciationAmortization": 4.656,
        "dilutedAverageSharesOutstanding": 163.185,
        "dilutedEPS": 0.8962,
        "ebit": 158.505,
        "equityEarningsAffiliates": -6.136,
        "grossIncome": 447.288,
        "interestExpense": 0.589,
        "interestIncomeExpense": 4.725,
        "netIncome": 146.253,
        "netIncomeAfterTaxes": 152.389,
        "nonRecurringItems": -4.92,
        "period": "2024-12-31",
        "pretaxIncome": 157.797,
        "provisionforIncomeTaxes": 5.408,
        "researchDevelopment": 128.387,
        "revenue": 752.884,
        "sgaExpense": 155.74,
        "totalOperatingExpense": 288.783,
        "totalOtherIncomeExpenseNet": -0.513
      },
      {
        "costOfGoodsSold": 300.784,
        "depreciationAmortization": 4.748,
        "dilutedAverageSharesOutstanding": 164.253,
        "dilutedEPS": 0.8867,
        "ebit": 156.643,
        "equityEarningsAffiliates": -1.075,
        "grossIncome": 436.514,
        "interestExpense": 0.808,
        "interestIncomeExpense": 7.268,
        "netIncome": 145.649,
        "netIncomeAfterTaxes": 146.724,
        "nonRecurringItems": -4.578,
        "period": "2024-09-29",
        "pretaxIncome": 158.984,
        "provisionforIncomeTaxes": 12.26,
        "researchDevelopment": 117.474,
        "revenue": 737.298,
        "sgaExpense": 157.649,
        "totalOperatingExpense": 279.871,
        "totalOtherIncomeExpenseNet": -0.349
      },
      {
        "costOfGoodsSold": 304.035,
        "depreciationAmortization": 4.664,
        "dilutedAverageSharesOutstanding": 163.47,
        "dilutedEPS": 1.1395,
        "ebit": 154.894,
        "grossIncome": 425.844,
        "interestExpense": 1.53,
        "interestIncomeExpense": 5.985,
        "netIncome": 186.273,
        "netIncomeAfterTaxes": 186.273,
        "nonRecurringItems": 55.474,
        "period": "2024-06-30",
        "pretaxIncome": 219.403,
        "provisionforIncomeTaxes": 33.13,
        "researchDevelopment": 111.816,
        "revenue": 729.879,
        "sgaExpense": 154.47,
        "totalOperatingExpense": 270.95,
        "totalOtherIncomeExpenseNet": 3.05
      },
      {
        "costOfGoodsSold": 260.537,
        "depreciationAmortization": 4.697,
        "dilutedAverageSharesOutstanding": 162.348,
        "dilutedEPS": 0.3954,
        "ebit": 82.198,
        "grossIncome": 339.282,
        "interestExpense": 0.661,
        "interestIncomeExpense": 10.806,
        "netIncome": 64.197,
        "netIncomeAfterTaxes": 64.197,
        "nonRecurringItems": -4.427,
        "period": "2024-03-31",
        "pretaxIncome": 72.902,
        "provisionforIncomeTaxes": 8.705,
        "researchDevelopment": 103.199,
        "revenue": 599.819,
        "sgaExpense": 149.188,
        "totalOperatingExpense": 257.084,
        "totalOtherIncomeExpenseNet": -15.675
      },
      {
        "costOfGoodsSold": 291.055,
        "depreciationAmortization": 4.651,
        "dilutedAverageSharesOutstanding": 162.105,
        "dilutedEPS": 0.7221,
        "ebit": 130.349,
        "grossIncome": 379.544,
        "interestExpense": 0.812,
        "interestIncomeExpense": 12.35,
        "netIncome": 117.054,
        "netIncomeAfterTaxes": 117.054,
        "nonRecurringItems": -6.026,
        "period": "2023-12-31",
        "pretaxIncome": 139.805,
        "provisionforIncomeTaxes": 22.751,
        "researchDevelopment": 102.208,
        "revenue": 670.599,
        "sgaExpense": 142.336,
        "totalOperatingExpense": 249.195,
        "totalOtherIncomeExpenseNet": 3.132
      },
      {
        "costOfGoodsSold": 305.441,
        "depreciationAmortization": 4.72,
        "dilutedAverageSharesOutstanding": 164.05,
        "dilutedEPS": 0.781,
        "ebit": 150.828,
        "grossIncome": 398.291,
        "interestExpense": 0.963,
        "interestIncomeExpense": 4.31,
        "netIncome": 128.116,
        "netIncomeAfterTaxes": 128.116,
        "nonRecurringItems": -6.856,
        "period": "2023-10-01",
        "pretaxIncome": 144.28,
        "provisionforIncomeTaxes": 16.164,
        "researchDevelopment": 104.413,
        "revenue": 703.732,
        "sgaExpense": 138.33,
        "totalOperatingExpense": 247.463,
        "totalOtherIncomeExpenseNet": -4.002
      },
      {
        "costOfGoodsSold": 281.945,
        "depreciationAmortization": 4.825,
        "dilutedAverageSharesOutstanding": 164.751,
        "dilutedEPS": 0.7287,
        "ebit": 146.266,
        "grossIncome": 402.492,
        "interestExpense": 1.045,
        "interestIncomeExpense": 8.009,
        "netIncome": 120.05,
        "netIncomeAfterTaxes": 120.05,
        "nonRecurringItems": -6.358,
        "period": "2023-07-02",
        "pretaxIncome": 144.402,
        "provisionforIncomeTaxes": 24.352,
        "researchDevelopment": 105.706,
        "revenue": 684.437,
        "sgaExpense": 145.695,
        "totalOperatingExpense": 256.226,
        "totalOtherIncomeExpenseNet": -3.515
      },
      {
        "costOfGoodsSold": 261.109,
        "depreciationAmortization": 4.802,
        "dilutedAverageSharesOutstanding": 166.308,
        "dilutedEPS": 0.5023,
        "ebit": 94.901,
        "grossIncome": 356.42,
        "interestExpense": 0.987,
        "interestIncomeExpense": 4.2733,
        "netIncome": 83.531,
        "netIncomeAfterTaxes": 83.531,
        "nonRecurringItems": -2.037,
        "period": "2023-04-02",
        "pretaxIncome": 97.084,
        "provisionforIncomeTaxes": 13.553,
        "researchDevelopment": 105.762,
        "revenue": 617.529,
        "sgaExpense": 150.955,
        "totalOperatingExpense": 261.519,
        "totalOtherIncomeExpenseNet": -0.0533
      },
      {
        "costOfGoodsSold": 311.386,
        "depreciationAmortization": 4.67,
        "dilutedAverageSharesOutstanding": 165.468,
        "dilutedEPS": 1.0413,
        "ebit": 164.218,
        "grossIncome": 420.45,
        "interestExpense": 1.015,
        "interestIncomeExpense": -18.208,
        "netIncome": 172.301,
        "netIncomeAfterTaxes": 172.301,
        "nonRecurringItems": 2.369,
        "period": "2022-12-31",
        "pretaxIncome": 195.237,
        "provisionforIncomeTaxes": 22.936,
        "researchDevelopment": 108.81,
        "revenue": 731.836,
        "sgaExpense": 142.752,
        "totalOperatingExpense": 256.232,
        "totalOtherIncomeExpenseNet": 46.858
      },
      {
        "costOfGoodsSold": 341.694,
        "depreciationAmortization": 4.729,
        "dilutedAverageSharesOutstanding": 166.733,
        "dilutedEPS": 1.1005,
        "ebit": 233.303,
        "grossIncome": 485.379,
        "interestExpense": 0.779,
        "interestIncomeExpense": 2.939,
        "netIncome": 183.485,
        "netIncomeAfterTaxes": 183.485,
        "nonRecurringItems": -1.796,
        "period": "2022-10-02",
        "pretaxIncome": 226.197,
        "provisionforIncomeTaxes": 42.712,
        "researchDevelopment": 111.715,
        "revenue": 827.073,
        "sgaExpense": 135.632,
        "totalOperatingExpense": 252.076,
        "totalOtherIncomeExpenseNet": -8.249
      },
      {
        "costOfGoodsSold": 334.377,
        "depreciationAmortization": 4.871,
        "dilutedAverageSharesOutstanding": 171.159,
        "dilutedEPS": 1.1556,
        "ebit": 250.034,
        "grossIncome": 506.389,
        "interestExpense": 0.913,
        "interestIncomeExpense": 6.738,
        "netIncome": 197.787,
        "netIncomeAfterTaxes": 197.787,
        "nonRecurringItems": -2.044,
        "period": "2022-07-03",
        "pretaxIncome": 238.592,
        "provisionforIncomeTaxes": 40.805,
        "researchDevelopment": 111.951,
        "revenue": 840.766,
        "sgaExpense": 139.533,
        "totalOperatingExpense": 256.355,
        "totalOtherIncomeExpenseNet": -16.136
      },
      {
        "costOfGoodsSold": 300.437,
        "depreciationAmortization": 5.063,
        "dilutedAverageSharesOutstanding": 175.575,
        "dilutedEPS": 0.9223,
        "ebit": 201.569,
        "grossIncome": 454.933,
        "interestExpense": 1.012,
        "interestIncomeExpense": 2.291,
        "netIncome": 161.928,
        "netIncomeAfterTaxes": 161.928,
        "nonRecurringItems": -15.714,
        "period": "2022-04-03",
        "pretaxIncome": 180.359,
        "provisionforIncomeTaxes": 18.431,
        "researchDevelopment": 108.116,
        "revenue": 755.37,
        "sgaExpense": 140.185,
        "totalOperatingExpense": 253.364,
        "totalOtherIncomeExpenseNet": -7.787
      },
      {
        "costOfGoodsSold": 357.998,
        "depreciationAmortization": 5.163,
        "dilutedAverageSharesOutstanding": 178.024,
        "dilutedEPS": 1.2585,
        "ebit": 269.173,
        "grossIncome": 527.048,
        "interestExpense": 2.466,
        "interestIncomeExpense": -0.305,
        "netIncome": 224.04,
        "netIncomeAfterTaxes": 224.04,
        "nonRecurringItems": -16.169,
        "period": "2021-12-31",
        "pretaxIncome": 255.181,
        "provisionforIncomeTaxes": 31.141,
        "researchDevelopment": 109.965,
        "revenue": 885.046,
        "sgaExpense": 142.747,
        "totalOperatingExpense": 257.875,
        "totalOtherIncomeExpenseNet": 2.482
      },
      {
        "costOfGoodsSold": 379.5,
        "depreciationAmortization": 5.355,
        "dilutedAverageSharesOutstanding": 181.987,
        "dilutedEPS": 1.4106,
        "ebit": 323.597,
        "grossIncome": 571.001,
        "interestExpense": 3.785,
        "interestIncomeExpense": -3.059,
        "netIncome": 256.718,
        "netIncomeAfterTaxes": 256.718,
        "nonRecurringItems": -21.35,
        "period": "2021-10-03",
        "pretaxIncome": 297.755,
        "provisionforIncomeTaxes": 41.037,
        "researchDevelopment": 107.22,
        "revenue": 950.501,
        "sgaExpense": 134.829,
        "totalOperatingExpense": 247.404,
        "totalOtherIncomeExpenseNet": -1.433
      },
      {
        "costOfGoodsSold": 438.739,
        "depreciationAmortization": 5.402,
        "dilutedAverageSharesOutstanding": 186.75,
        "dilutedEPS": 1.7581,
        "ebit": 391.379,
        "grossIncome": 646.989,
        "interestExpense": 5.566,
        "interestIncomeExpense": -2.733,
        "netIncome": 328.319,
        "netIncomeAfterTaxes": 328.319,
        "nonRecurringItems": -3.682,
        "period": "2021-07-04",
        "pretaxIncome": 384.026,
        "provisionforIncomeTaxes": 55.707,
        "researchDevelopment": 110.021,
        "revenue": 1085.728,
        "sgaExpense": 140.187,
        "totalOperatingExpense": 255.61,
        "totalOtherIncomeExpenseNet": -0.938
      },
      {
        "costOfGoodsSold": 320,
        "depreciationAmortization": 5.5,
        "dilutedAverageSharesOutstanding": 187.7,
        "dilutedEPS": 1.09,
        "ebit": 225.9,
        "grossIncome": 461.6,
        "interestExpense": 6.004,
        "interestIncomeExpense": -2.6,
        "netIncome": 205.5,
        "netIncomeAfterTaxes": 205.5,
        "nonRecurringItems": 7.1,
        "period": "2021-04-04",
        "pretaxIncome": 224,
        "provisionforIncomeTaxes": 18.5,
        "researchDevelopment": 100.4,
        "revenue": 781.6,
        "sgaExpense": 129.8,
        "totalOperatingExpense": 235.7,
        "totalOtherIncomeExpenseNet": -6.4
      },
      {
        "costOfGoodsSold": 309.2,
        "depreciationAmortization": 5.8,
        "dilutedAverageSharesOutstanding": 186.8,
        "dilutedEPS": 1.05,
        "ebit": 219.7,
        "grossIncome": 449.8,
        "interestExpense": 6.351,
        "interestIncomeExpense": 4.5,
        "netIncome": 196.3,
        "netIncomeAfterTaxes": 196.3,
        "nonRecurringItems": 14.4,
        "period": "2020-12-31",
        "pretaxIncome": 222.9,
        "provisionforIncomeTaxes": 26.6,
        "researchDevelopment": 100.8,
        "revenue": 759,
        "sgaExpense": 123.5,
        "totalOperatingExpense": 230.1,
        "totalOtherIncomeExpenseNet": -15.7
      },
      {
        "costOfGoodsSold": 360.6,
        "depreciationAmortization": 6.2,
        "dilutedAverageSharesOutstanding": 184.3,
        "dilutedEPS": 1.21,
        "ebit": 242,
        "grossIncome": 458.9,
        "interestExpense": 6.237,
        "interestIncomeExpense": -4.2,
        "netIncome": 222.7,
        "netIncomeAfterTaxes": 222.7,
        "nonRecurringItems": 27.7,
        "period": "2020-09-27",
        "pretaxIncome": 263.7,
        "provisionforIncomeTaxes": 41,
        "researchDevelopment": 94.9,
        "revenue": 819.5,
        "sgaExpense": 115.8,
        "totalOperatingExpense": 216.9,
        "totalOtherIncomeExpenseNet": -1.8
      },
      {
        "costOfGoodsSold": 367.2,
        "depreciationAmortization": 8.9,
        "dilutedAverageSharesOutstanding": 180.3,
        "dilutedEPS": 1.05,
        "ebit": 255.1,
        "grossIncome": 471.5,
        "interestExpense": 6.043,
        "interestIncomeExpense": -10.1,
        "netIncome": 188.9,
        "netIncomeAfterTaxes": 188.9,
        "nonRecurringItems": -37.2,
        "period": "2020-06-28",
        "pretaxIncome": 217.3,
        "provisionforIncomeTaxes": 28.4,
        "researchDevelopment": 94.1,
        "revenue": 838.7,
        "sgaExpense": 113.3,
        "totalOperatingExpense": 216.3,
        "totalOtherIncomeExpenseNet": 9.4
      },
      {
        "costOfGoodsSold": 298.8,
        "depreciationAmortization": 9.9,
        "dilutedAverageSharesOutstanding": 180.4,
        "dilutedEPS": 0.98,
        "ebit": 199.1,
        "grossIncome": 405.6,
        "interestExpense": 5.551,
        "interestIncomeExpense": -6.6,
        "netIncome": 176.2,
        "netIncomeAfterTaxes": 176.2,
        "nonRecurringItems": 7.6,
        "period": "2020-03-29",
        "pretaxIncome": 197.1,
        "provisionforIncomeTaxes": 20.9,
        "researchDevelopment": 85.2,
        "revenue": 704.4,
        "sgaExpense": 111.4,
        "totalOperatingExpense": 206.4,
        "totalOtherIncomeExpenseNet": -3.1
      },
      {
        "costOfGoodsSold": 271.4,
        "depreciationAmortization": 9.8,
        "dilutedAverageSharesOutstanding": 181.8,
        "dilutedEPS": 0.69,
        "ebit": 169.6,
        "grossIncome": 383.2,
        "interestExpense": 5.378,
        "interestIncomeExpense": -0.3,
        "netIncome": 125.1,
        "netIncomeAfterTaxes": 125.1,
        "nonRecurringItems": 2.1,
        "period": "2019-12-31",
        "pretaxIncome": 148.9,
        "provisionforIncomeTaxes": 23.8,
        "researchDevelopment": 86.8,
        "revenue": 654.7,
        "sgaExpense": 117.1,
        "totalOperatingExpense": 213.7,
        "totalOtherIncomeExpenseNet": -22.5
      },
      {
        "costOfGoodsSold": 237,
        "depreciationAmortization": 9.6,
        "dilutedAverageSharesOutstanding": 180.5,
        "dilutedEPS": 0.75,
        "ebit": 150.5,
        "grossIncome": 345,
        "interestExpense": 5.463,
        "interestIncomeExpense": -0.6,
        "netIncome": 135.9,
        "netIncomeAfterTaxes": 135.9,
        "nonRecurringItems": 4.4,
        "period": "2019-09-29",
        "pretaxIncome": 151.7,
        "provisionforIncomeTaxes": 15.9,
        "researchDevelopment": 77.8,
        "revenue": 582,
        "sgaExpense": 107.1,
        "totalOperatingExpense": 194.5,
        "totalOtherIncomeExpenseNet": -2.6
      },
      {
        "costOfGoodsSold": 240.3,
        "depreciationAmortization": 10.1,
        "dilutedAverageSharesOutstanding": 180.5,
        "dilutedEPS": 0.55,
        "ebit": 123.6,
        "grossIncome": 323.9,
        "interestExpense": 5.8,
        "interestIncomeExpense": -0.4,
        "netIncome": 97.4,
        "netIncomeAfterTaxes": 97.4,
        "nonRecurringItems": 10.4,
        "period": "2019-06-30",
        "pretaxIncome": 131.2,
        "provisionforIncomeTaxes": 33.8,
        "researchDevelopment": 81.4,
        "revenue": 564.2,
        "sgaExpense": 108.8,
        "totalOperatingExpense": 200.3,
        "totalOtherIncomeExpenseNet": -2.4
      },
      {
        "costOfGoodsSold": 206.5,
        "depreciationAmortization": 10.6,
        "dilutedAverageSharesOutstanding": 177,
        "dilutedEPS": 0.62,
        "ebit": 98.2,
        "grossIncome": 287.6,
        "interestExpense": 5.52,
        "interestIncomeExpense": 2.3,
        "netIncome": 109.1,
        "netIncomeAfterTaxes": 109.1,
        "nonRecurringItems": -5.1,
        "period": "2019-03-31",
        "pretaxIncome": 94,
        "provisionforIncomeTaxes": -15.2,
        "researchDevelopment": 76.8,
        "revenue": 494.1,
        "sgaExpense": 102,
        "totalOperatingExpense": 189.4,
        "totalOtherIncomeExpenseNet": -1.4
      },
      {
        "costOfGoodsSold": 210,
        "depreciationAmortization": 10.6,
        "dilutedAverageSharesOutstanding": 181.5,
        "dilutedEPS": 0.79,
        "ebit": 123.7,
        "grossIncome": 309.5,
        "interestExpense": 3.693,
        "interestIncomeExpense": -0.9,
        "netIncome": 143.8,
        "netIncomeAfterTaxes": 92.6,
        "nonRecurringItems": -11.4,
        "period": "2018-12-31",
        "pretaxIncome": 111.1,
        "provisionforIncomeTaxes": 18.5,
        "researchDevelopment": 74.7,
        "revenue": 519.6,
        "sgaExpense": 100.6,
        "totalOperatingExpense": 185.9,
        "totalOtherIncomeExpenseNet": -0.3
      },
      {
        "costOfGoodsSold": 233.2,
        "depreciationAmortization": 11.1,
        "dilutedAverageSharesOutstanding": 190.5,
        "dilutedEPS": 0.63,
        "ebit": 145.3,
        "grossIncome": 333.7,
        "interestExpense": 5.557,
        "interestIncomeExpense": 1.6,
        "netIncome": 120,
        "netIncomeAfterTaxes": 120,
        "nonRecurringItems": -1.7,
        "period": "2018-09-30",
        "pretaxIncome": 140.8,
        "provisionforIncomeTaxes": 20.9,
        "researchDevelopment": 77,
        "revenue": 566.8,
        "sgaExpense": 100.2,
        "totalOperatingExpense": 188.4,
        "totalOtherIncomeExpenseNet": -4.3
      },
      {
        "costOfGoodsSold": 219.6,
        "depreciationAmortization": 9.8,
        "dilutedAverageSharesOutstanding": 194.9,
        "dilutedEPS": 0.52,
        "ebit": 122.8,
        "grossIncome": 307.3,
        "interestExpense": 5.639,
        "interestIncomeExpense": -2,
        "netIncome": 101,
        "netIncomeAfterTaxes": 101,
        "nonRecurringItems": -2.4,
        "period": "2018-07-01",
        "pretaxIncome": 120,
        "provisionforIncomeTaxes": 19,
        "researchDevelopment": 75.3,
        "revenue": 526.9,
        "sgaExpense": 99.4,
        "totalOperatingExpense": 184.5,
        "totalOtherIncomeExpenseNet": 1.7
      },
      {
        "costOfGoodsSold": 217.6,
        "depreciationAmortization": 7.7,
        "dilutedAverageSharesOutstanding": 203.5,
        "dilutedEPS": 0.44,
        "ebit": 97.2,
        "grossIncome": 269.8,
        "interestExpense": 5.39,
        "interestIncomeExpense": -2.5,
        "netIncome": 87,
        "netIncomeAfterTaxes": 88.7,
        "nonRecurringItems": 0.3,
        "period": "2018-04-01",
        "pretaxIncome": 95.8,
        "provisionforIncomeTaxes": 7.1,
        "researchDevelopment": 74.4,
        "revenue": 487.5,
        "sgaExpense": 90.5,
        "totalOperatingExpense": 172.6,
        "totalOtherIncomeExpenseNet": 0.8
      },
      {
        "costOfGoodsSold": 208.5,
        "depreciationAmortization": 7.4,
        "dilutedAverageSharesOutstanding": 196,
        "dilutedEPS": -0.54,
        "ebit": 103.6,
        "grossIncome": 270.9,
        "interestExpense": 5.38,
        "interestIncomeExpense": 0.7,
        "netIncome": -105.9,
        "netIncomeAfterTaxes": 78.4,
        "nonRecurringItems": -9,
        "period": "2017-12-31",
        "pretaxIncome": 98.1,
        "provisionforIncomeTaxes": 19.7,
        "researchDevelopment": 72.1,
        "revenue": 479.4,
        "sgaExpense": 87.9,
        "totalOperatingExpense": 167.3,
        "totalOtherIncomeExpenseNet": 2.7
      },
      {
        "costOfGoodsSold": 208.5,
        "depreciationAmortization": 7,
        "dilutedAverageSharesOutstanding": 200.8,
        "dilutedEPS": 0.52,
        "ebit": 124.7,
        "grossIncome": 294.9,
        "interestExpense": 5.372,
        "interestIncomeExpense": 0.1,
        "netIncome": 103.4,
        "netIncomeAfterTaxes": 103.4,
        "nonRecurringItems": 4.4,
        "period": "2017-10-01",
        "pretaxIncome": 127.4,
        "provisionforIncomeTaxes": 24,
        "researchDevelopment": 77,
        "revenue": 503.4,
        "sgaExpense": 86.1,
        "totalOperatingExpense": 170.1,
        "totalOtherIncomeExpenseNet": -1.8
      },
      {
        "costOfGoodsSold": 306.3,
        "depreciationAmortization": 8.2,
        "dilutedAverageSharesOutstanding": 201.5,
        "dilutedEPS": 0.87,
        "ebit": 210.1,
        "grossIncome": 390.6,
        "interestExpense": 5.409,
        "interestIncomeExpense": -0.6,
        "netIncome": 175,
        "netIncomeAfterTaxes": 175,
        "nonRecurringItems": -2.3,
        "period": "2017-07-02",
        "pretaxIncome": 206.9,
        "provisionforIncomeTaxes": 31.9,
        "researchDevelopment": 82.3,
        "revenue": 696.9,
        "sgaExpense": 90.1,
        "totalOperatingExpense": 180.5,
        "totalOtherIncomeExpenseNet": -0.3
      },
      {
        "costOfGoodsSold": 191.9,
        "depreciationAmortization": 8,
        "dilutedAverageSharesOutstanding": 201.9,
        "dilutedEPS": 0.42,
        "ebit": 96.3,
        "grossIncome": 265,
        "interestExpense": 5.202,
        "interestIncomeExpense": -2.9,
        "netIncome": 85.2,
        "netIncomeAfterTaxes": 85.2,
        "nonRecurringItems": -2.5,
        "period": "2017-04-02",
        "pretaxIncome": 92,
        "provisionforIncomeTaxes": 6.8,
        "researchDevelopment": 76,
        "revenue": 456.9,
        "sgaExpense": 84.8,
        "totalOperatingExpense": 168.7,
        "totalOtherIncomeExpenseNet": 1.1
      },
      {
        "costOfGoodsSold": 161.9,
        "depreciationAmortization": 7.9,
        "dilutedAverageSharesOutstanding": 200.8,
        "dilutedEPS": 0.33,
        "ebit": 61.8,
        "grossIncome": 218,
        "interestExpense": 1.503,
        "interestIncomeExpense": 4,
        "netIncome": 66.3,
        "netIncomeAfterTaxes": 66.3,
        "nonRecurringItems": -5.6,
        "period": "2016-12-31",
        "pretaxIncome": 58.9,
        "provisionforIncomeTaxes": -7.5,
        "researchDevelopment": 71.2,
        "revenue": 380,
        "sgaExpense": 77.2,
        "totalOperatingExpense": 156.3,
        "totalOtherIncomeExpenseNet": -1.3
      },
      {
        "costOfGoodsSold": 183.1,
        "depreciationAmortization": 8.5,
        "dilutedAverageSharesOutstanding": 203.9,
        "dilutedEPS": 0.31,
        "ebit": 68.7,
        "grossIncome": 227.4,
        "interestExpense": 0.533,
        "interestIncomeExpense": 1.3,
        "netIncome": 63.8,
        "netIncomeAfterTaxes": 63.8,
        "nonRecurringItems": -12.2,
        "period": "2016-10-02",
        "pretaxIncome": 59.7,
        "provisionforIncomeTaxes": -4.1,
        "researchDevelopment": 71.4,
        "revenue": 410.5,
        "sgaExpense": 78.8,
        "totalOperatingExpense": 158.7,
        "totalOtherIncomeExpenseNet": 1.9
      },
      {
        "costOfGoodsSold": 248.9,
        "depreciationAmortization": 16.2,
        "dilutedAverageSharesOutstanding": 203,
        "dilutedEPS": -1.1,
        "ebit": 109.1,
        "grossIncome": 282.9,
        "interestExpense": 0.491,
        "interestIncomeExpense": -5.9,
        "netIncome": -223.5,
        "netIncomeAfterTaxes": -223.5,
        "nonRecurringItems": -340.9,
        "period": "2016-07-03",
        "pretaxIncome": -230.8,
        "provisionforIncomeTaxes": -7.3,
        "researchDevelopment": 76.1,
        "revenue": 531.8,
        "sgaExpense": 81.4,
        "totalOperatingExpense": 173.8,
        "totalOtherIncomeExpenseNet": 6.9
      },
      {
        "costOfGoodsSold": 200.7,
        "depreciationAmortization": 20,
        "dilutedAverageSharesOutstanding": 205.7,
        "dilutedEPS": 0.24,
        "ebit": 57.7,
        "grossIncome": 230.3,
        "interestExpense": 0.51,
        "interestIncomeExpense": -2.4,
        "netIncome": 50,
        "netIncomeAfterTaxes": 50,
        "nonRecurringItems": -1.6,
        "period": "2016-04-03",
        "pretaxIncome": 57.2,
        "provisionforIncomeTaxes": 7.2,
        "researchDevelopment": 73.5,
        "revenue": 431,
        "sgaExpense": 79.2,
        "totalOperatingExpense": 172.6,
        "totalOtherIncomeExpenseNet": 3.4
      },
      {
        "costOfGoodsSold": 152.4,
        "depreciationAmortization": 19.9,
        "dilutedAverageSharesOutstanding": 205.1,
        "dilutedEPS": 0,
        "ebit": -4.5,
        "grossIncome": 166,
        "interestExpense": 0.762,
        "interestIncomeExpense": 0.8,
        "netIncome": -0.6,
        "netIncomeAfterTaxes": -0.6,
        "nonRecurringItems": -5.2,
        "period": "2015-12-31",
        "pretaxIncome": -8.9,
        "provisionforIncomeTaxes": -8.2,
        "researchDevelopment": 70.9,
        "revenue": 318.4,
        "sgaExpense": 79.7,
        "totalOperatingExpense": 170.6,
        "totalOtherIncomeExpenseNet": 0.1
      },
      {
        "costOfGoodsSold": 207.4,
        "depreciationAmortization": 20.1,
        "dilutedAverageSharesOutstanding": 211.7,
        "dilutedEPS": 0.34,
        "ebit": 87.1,
        "grossIncome": 258.6,
        "interestExpense": 0.508,
        "interestIncomeExpense": 0.5,
        "netIncome": 71.5,
        "netIncomeAfterTaxes": 71.5,
        "nonRecurringItems": -0.3,
        "period": "2015-10-04",
        "pretaxIncome": 87.4,
        "provisionforIncomeTaxes": 16,
        "researchDevelopment": 74,
        "revenue": 466,
        "sgaExpense": 77.5,
        "totalOperatingExpense": 171.5,
        "totalOtherIncomeExpenseNet": 0.1
      }
    ],
    "symbol": "TER"
  }
}