{
  "symbol": "WTW",
  "statement": "ic",
  "frequency": "quarterly",
  "timestamp": "2025-09-19T14:08:57.136772",
  "data": {
    "financials": [
      {
        "depreciationAmortization": 106,
        "dilutedAverageSharesOutstanding": 100,
        "dilutedEPS": 3.31,
        "ebit": 370,
        "equityEarningsAffiliates": -2,
        "interestExpense": 64,
        "interestIncomeExpense": -71,
        "minorityInterest": -1,
        "netIncome": 331,
        "netIncomeAfterTaxes": 334,
        "nonRecurringItems": -2,
        "otherOperatingExpensesTotal": 301,
        "period": "2025-06-30",
        "pretaxIncome": 313,
        "provisionforIncomeTaxes": -21,
        "revenue": 2261,
        "sgaExpense": 1484,
        "totalOperatingExpense": 1891,
        "totalOtherIncomeExpenseNet": 16
      },
      {
        "depreciationAmortization": 102,
        "dilutedAverageSharesOutstanding": 101,
        "dilutedEPS": 2.3267,
        "ebit": 432,
        "equityEarningsAffiliates": 1,
        "interestExpense": 65,
        "interestIncomeExpense": -68,
        "minorityInterest": -4,
        "netIncome": 235,
        "netIncomeAfterTaxes": 238,
        "nonRecurringItems": 14,
        "otherOperatingExpensesTotal": 326,
        "period": "2025-03-31",
        "pretaxIncome": 303,
        "provisionforIncomeTaxes": 65,
        "revenue": 2223,
        "sgaExpense": 1363,
        "totalOperatingExpense": 1791,
        "totalOtherIncomeExpenseNet": -75
      },
      {
        "depreciationAmortization": 104,
        "dilutedAverageSharesOutstanding": 99,
        "dilutedEPS": 12.5859,
        "ebit": 1046,
        "interestExpense": 66,
        "interestIncomeExpense": -62,
        "minorityInterest": -2,
        "netIncome": 1246,
        "netIncomeAfterTaxes": 1248,
        "nonRecurringItems": 708,
        "otherOperatingExpensesTotal": 461,
        "period": "2024-12-31",
        "pretaxIncome": 1688,
        "provisionforIncomeTaxes": 440,
        "revenue": 3035,
        "sgaExpense": 1424,
        "totalOperatingExpense": 1989,
        "totalOtherIncomeExpenseNet": -4
      },
      {
        "depreciationAmortization": 116,
        "dilutedAverageSharesOutstanding": 102,
        "dilutedEPS": -16.4216,
        "ebit": 358,
        "interestExpense": 65,
        "interestIncomeExpense": -63,
        "minorityInterest": -3,
        "netIncome": -1675,
        "netIncomeAfterTaxes": -1672,
        "nonRecurringItems": -2314,
        "otherOperatingExpensesTotal": 377,
        "period": "2024-09-30",
        "pretaxIncome": -1994,
        "provisionforIncomeTaxes": -322,
        "revenue": 2289,
        "sgaExpense": 1438,
        "totalOperatingExpense": 1931,
        "totalOtherIncomeExpenseNet": 25
      },
      {
        "depreciationAmortization": 117,
        "dilutedAverageSharesOutstanding": 103,
        "dilutedEPS": 1.3689,
        "ebit": 312,
        "interestExpense": 68,
        "interestIncomeExpense": -66,
        "minorityInterest": -1,
        "netIncome": 141,
        "netIncomeAfterTaxes": 142,
        "nonRecurringItems": -100,
        "otherOperatingExpensesTotal": 394,
        "period": "2024-06-30",
        "pretaxIncome": 168,
        "provisionforIncomeTaxes": 26,
        "revenue": 2265,
        "sgaExpense": 1442,
        "totalOperatingExpense": 1953,
        "totalOtherIncomeExpenseNet": 22
      },
      {
        "depreciationAmortization": 119,
        "dilutedAverageSharesOutstanding": 104,
        "dilutedEPS": 1.8269,
        "ebit": 423,
        "interestExpense": 64,
        "interestIncomeExpense": -61,
        "minorityInterest": -4,
        "netIncome": 190,
        "netIncomeAfterTaxes": 194,
        "nonRecurringItems": -143,
        "otherOperatingExpensesTotal": 406,
        "period": "2024-03-31",
        "pretaxIncome": 242,
        "provisionforIncomeTaxes": 48,
        "revenue": 2341,
        "sgaExpense": 1393,
        "totalOperatingExpense": 1918,
        "totalOtherIncomeExpenseNet": 23
      },
      {
        "depreciationAmortization": 118,
        "dilutedAverageSharesOutstanding": 103,
        "dilutedEPS": 6.0388,
        "ebit": 938,
        "interestExpense": 63,
        "interestIncomeExpense": -67,
        "minorityInterest": -1,
        "netIncome": 622,
        "netIncomeAfterTaxes": 623,
        "nonRecurringItems": -160,
        "otherOperatingExpensesTotal": 476,
        "period": "2023-12-31",
        "pretaxIncome": 739,
        "provisionforIncomeTaxes": 116,
        "revenue": 2914,
        "sgaExpense": 1382,
        "totalOperatingExpense": 1976,
        "totalOtherIncomeExpenseNet": 28
      },
      {
        "depreciationAmortization": 122,
        "dilutedAverageSharesOutstanding": 105,
        "dilutedEPS": 1.2952,
        "ebit": 289,
        "interestExpense": 61,
        "interestIncomeExpense": -63,
        "minorityInterest": -3,
        "netIncome": 136,
        "netIncomeAfterTaxes": 139,
        "nonRecurringItems": -89,
        "otherOperatingExpensesTotal": 341,
        "period": "2023-09-30",
        "pretaxIncome": 164,
        "provisionforIncomeTaxes": 25,
        "revenue": 2166,
        "sgaExpense": 1414,
        "totalOperatingExpense": 1877,
        "totalOtherIncomeExpenseNet": 27
      },
      {
        "depreciationAmortization": 134,
        "dilutedAverageSharesOutstanding": 107,
        "dilutedEPS": 0.8785,
        "ebit": 245,
        "interestExpense": 57,
        "interestIncomeExpense": -55,
        "minorityInterest": -2,
        "netIncome": 94,
        "netIncomeAfterTaxes": 96,
        "nonRecurringItems": -100,
        "otherOperatingExpensesTotal": 380,
        "period": "2023-06-30",
        "pretaxIncome": 120,
        "provisionforIncomeTaxes": 24,
        "revenue": 2159,
        "sgaExpense": 1400,
        "totalOperatingExpense": 1914,
        "totalOtherIncomeExpenseNet": 30
      },
      {
        "depreciationAmortization": 131,
        "dilutedAverageSharesOutstanding": 108,
        "dilutedEPS": 1.8796,
        "ebit": 347,
        "interestExpense": 54,
        "interestIncomeExpense": -58,
        "minorityInterest": -3,
        "netIncome": 203,
        "netIncomeAfterTaxes": 206,
        "nonRecurringItems": -62,
        "otherOperatingExpensesTotal": 407,
        "period": "2023-03-31",
        "pretaxIncome": 256,
        "provisionforIncomeTaxes": 50,
        "revenue": 2244,
        "sgaExpense": 1359,
        "totalOperatingExpense": 1897,
        "totalOtherIncomeExpenseNet": 29
      },
      {
        "depreciationAmortization": 137,
        "dilutedAverageSharesOutstanding": 109,
        "dilutedEPS": 5.39,
        "ebit": 809,
        "interestExpense": 54,
        "interestIncomeExpense": -58,
        "minorityInterest": -5,
        "netIncome": 588,
        "netIncomeAfterTaxes": 606,
        "nonRecurringItems": -83,
        "otherOperatingExpensesTotal": 444,
        "period": "2022-12-31",
        "pretaxIncome": 737,
        "provisionforIncomeTaxes": 131,
        "revenue": 2722,
        "sgaExpense": 1332,
        "totalOperatingExpense": 1913,
        "totalOtherIncomeExpenseNet": 69
      },
      {
        "depreciationAmortization": 131,
        "dilutedAverageSharesOutstanding": 111,
        "dilutedEPS": 1.71,
        "ebit": 213,
        "interestExpense": 54,
        "interestIncomeExpense": -54,
        "minorityInterest": -2,
        "netIncome": 190,
        "netIncomeAfterTaxes": 184,
        "nonRecurringItems": -38,
        "otherOperatingExpensesTotal": 336,
        "period": "2022-09-30",
        "pretaxIncome": 185,
        "provisionforIncomeTaxes": 1,
        "revenue": 1953,
        "sgaExpense": 1273,
        "totalOperatingExpense": 1740,
        "totalOtherIncomeExpenseNet": 64
      },
      {
        "depreciationAmortization": 148,
        "dilutedAverageSharesOutstanding": 112,
        "dilutedEPS": 0.97,
        "ebit": 231,
        "interestExpense": 51,
        "interestIncomeExpense": -50,
        "minorityInterest": -5,
        "netIncome": 109,
        "netIncomeAfterTaxes": 160,
        "nonRecurringItems": -72,
        "otherOperatingExpensesTotal": 321,
        "period": "2022-06-30",
        "pretaxIncome": 179,
        "provisionforIncomeTaxes": 19,
        "revenue": 2031,
        "sgaExpense": 1331,
        "totalOperatingExpense": 1800,
        "totalOtherIncomeExpenseNet": 70
      },
      {
        "depreciationAmortization": 151,
        "dilutedAverageSharesOutstanding": 118,
        "dilutedEPS": 1.03,
        "ebit": 205,
        "interestExpense": 49,
        "interestIncomeExpense": -41,
        "minorityInterest": -3,
        "netIncome": 122,
        "netIncomeAfterTaxes": 114,
        "nonRecurringItems": -80,
        "otherOperatingExpensesTotal": 429,
        "period": "2022-03-31",
        "pretaxIncome": 157,
        "provisionforIncomeTaxes": 43,
        "revenue": 2160,
        "sgaExpense": 1375,
        "totalOperatingExpense": 1955,
        "totalOtherIncomeExpenseNet": 73
      },
      {
        "depreciationAmortization": 153,
        "dilutedAverageSharesOutstanding": 126,
        "dilutedEPS": 19.06,
        "ebit": 787,
        "interestExpense": 50,
        "interestIncomeExpense": -43,
        "minorityInterest": -5,
        "netIncome": 2402,
        "netIncomeAfterTaxes": 574,
        "nonRecurringItems": -98,
        "otherOperatingExpensesTotal": 433,
        "period": "2021-12-31",
        "pretaxIncome": 724,
        "provisionforIncomeTaxes": 150,
        "revenue": 2706,
        "sgaExpense": 1333,
        "totalOperatingExpense": 1919,
        "totalOtherIncomeExpenseNet": 78
      },
      {
        "depreciationAmortization": 154,
        "dilutedAverageSharesOutstanding": 129,
        "dilutedEPS": 7,
        "ebit": 179,
        "interestExpense": 50,
        "interestIncomeExpense": -48,
        "minorityInterest": -4,
        "netIncome": 903,
        "netIncomeAfterTaxes": 919,
        "nonRecurringItems": 975,
        "otherOperatingExpensesTotal": 329,
        "period": "2021-09-30",
        "pretaxIncome": 1186,
        "provisionforIncomeTaxes": 267,
        "revenue": 1973,
        "sgaExpense": 1311,
        "totalOperatingExpense": 1794,
        "totalOtherIncomeExpenseNet": 80
      },
      {
        "depreciationAmortization": 169,
        "dilutedAverageSharesOutstanding": 130,
        "dilutedEPS": 1.41,
        "ebit": 221,
        "interestExpense": 52,
        "interestIncomeExpense": -48,
        "minorityInterest": -2,
        "netIncome": 184,
        "netIncomeAfterTaxes": 117,
        "nonRecurringItems": -53,
        "otherOperatingExpensesTotal": 325,
        "period": "2021-06-30",
        "pretaxIncome": 192,
        "provisionforIncomeTaxes": 75,
        "revenue": 2091,
        "sgaExpense": 1376,
        "totalOperatingExpense": 1870,
        "totalOtherIncomeExpenseNet": 72
      },
      {
        "depreciationAmortization": 174,
        "dilutedAverageSharesOutstanding": 130,
        "dilutedEPS": 5.63,
        "ebit": 235,
        "interestExpense": 59,
        "interestIncomeExpense": -56,
        "minorityInterest": -3,
        "netIncome": 733,
        "netIncomeAfterTaxes": 546,
        "nonRecurringItems": 335,
        "otherOperatingExpensesTotal": 341,
        "period": "2021-03-31",
        "pretaxIncome": 590,
        "provisionforIncomeTaxes": 44,
        "revenue": 2228,
        "sgaExpense": 1478,
        "totalOperatingExpense": 1993,
        "totalOtherIncomeExpenseNet": 76
      },
      {
        "depreciationAmortization": 182,
        "dilutedAverageSharesOutstanding": 130,
        "dilutedEPS": 3.66,
        "ebit": 332,
        "interestExpense": 60,
        "interestIncomeExpense": -65,
        "minorityInterest": -7,
        "netIncome": 476,
        "netIncomeAfterTaxes": 248,
        "nonRecurringItems": -71,
        "otherOperatingExpensesTotal": 385,
        "period": "2020-12-31",
        "pretaxIncome": 275,
        "provisionforIncomeTaxes": 27,
        "revenue": 2027,
        "sgaExpense": 1128,
        "totalOperatingExpense": 1695,
        "totalOtherIncomeExpenseNet": 79
      },
      {
        "depreciationAmortization": 181,
        "dilutedAverageSharesOutstanding": 130,
        "dilutedEPS": 0.93,
        "ebit": 115,
        "interestExpense": 61,
        "interestIncomeExpense": -64,
        "minorityInterest": -1,
        "netIncome": 121,
        "netIncomeAfterTaxes": 125,
        "nonRecurringItems": 43,
        "otherOperatingExpensesTotal": 322,
        "period": "2020-09-30",
        "pretaxIncome": 168,
        "provisionforIncomeTaxes": 43,
        "revenue": 2009,
        "sgaExpense": 1391,
        "totalOperatingExpense": 1894,
        "totalOtherIncomeExpenseNet": 74
      }
    ],
    "symbol": "WTW"
  }
}