{
  "symbol": "MGM",
  "statement": "ic",
  "frequency": "quarterly",
  "timestamp": "2025-09-19T14:03:58.289753",
  "data": {
    "financials": [
      {
        "costOfGoodsSold": 2445.429,
        "depreciationAmortization": 241.975,
        "dilutedAverageSharesOutstanding": 275.615,
        "dilutedEPS": 0.1777,
        "ebit": 378.83,
        "grossIncome": 1959.441,
        "interestExpense": 105.584,
        "interestIncomeExpense": -82.779,
        "minorityInterest": -69.143,
        "netIncome": 48.982,
        "netIncomeAfterTaxes": 118.094,
        "nonRecurringItems": -0.125,
        "period": "2025-06-30",
        "pretaxIncome": 133.756,
        "provisionforIncomeTaxes": 15.662,
        "revenue": 4404.87,
        "sgaExpense": 1338.636,
        "totalOperatingExpense": 1580.611,
        "totalOtherIncomeExpenseNet": -162.17
      },
      {
        "costOfGoodsSold": 2319.883,
        "depreciationAmortization": 236.444,
        "dilutedAverageSharesOutstanding": 289.096,
        "dilutedEPS": 0.5137,
        "ebit": 413.421,
        "grossIncome": 1957.199,
        "interestExpense": 107.269,
        "interestIncomeExpense": -87.903,
        "minorityInterest": -78.177,
        "netIncome": 148.513,
        "netIncomeAfterTaxes": 226.731,
        "nonRecurringItems": -15.468,
        "period": "2025-03-31",
        "pretaxIncome": 266.784,
        "provisionforIncomeTaxes": 40.053,
        "revenue": 4277.082,
        "sgaExpense": 1307.334,
        "totalOperatingExpense": 1543.778,
        "totalOtherIncomeExpenseNet": -43.266
      },
      {
        "costOfGoodsSold": 2394.392,
        "depreciationAmortization": 209.229,
        "dilutedAverageSharesOutstanding": 299.372,
        "dilutedEPS": 0.5161,
        "ebit": 353.091,
        "grossIncome": 1952.17,
        "interestExpense": 108.581,
        "interestIncomeExpense": -182.692,
        "minorityInterest": -80.484,
        "netIncome": 154.512,
        "netIncomeAfterTaxes": 237.916,
        "nonRecurringItems": -22.192,
        "period": "2024-12-31",
        "pretaxIncome": 205.684,
        "provisionforIncomeTaxes": -32.232,
        "revenue": 4346.562,
        "sgaExpense": 1389.85,
        "totalOperatingExpense": 1599.079,
        "totalOtherIncomeExpenseNet": 57.477
      },
      {
        "costOfGoodsSold": 2315.159,
        "depreciationAmortization": 233.33,
        "dilutedAverageSharesOutstanding": 303.479,
        "dilutedEPS": 0.6075,
        "ebit": 332.361,
        "grossIncome": 1867.979,
        "interestExpense": 111.873,
        "interestIncomeExpense": -151.467,
        "minorityInterest": -59.586,
        "netIncome": 184.362,
        "netIncomeAfterTaxes": 244.164,
        "nonRecurringItems": -25.493,
        "period": "2024-09-30",
        "pretaxIncome": 296.734,
        "provisionforIncomeTaxes": 52.57,
        "revenue": 4183.138,
        "sgaExpense": 1302.288,
        "totalOperatingExpense": 1535.618,
        "totalOtherIncomeExpenseNet": 141.333
      },
      {
        "costOfGoodsSold": 2323.181,
        "depreciationAmortization": 191.976,
        "dilutedAverageSharesOutstanding": 314.42,
        "dilutedEPS": 0.5953,
        "ebit": 476.317,
        "grossIncome": 2004.194,
        "interestExpense": 112.739,
        "interestIncomeExpense": -145.187,
        "minorityInterest": -95.73,
        "netIncome": 187.17,
        "netIncomeAfterTaxes": 282.802,
        "nonRecurringItems": -16.477,
        "period": "2024-06-30",
        "pretaxIncome": 271.248,
        "provisionforIncomeTaxes": -11.554,
        "revenue": 4327.375,
        "sgaExpense": 1335.901,
        "totalOperatingExpense": 1527.877,
        "totalOtherIncomeExpenseNet": -43.405
      },
      {
        "costOfGoodsSold": 2360.809,
        "depreciationAmortization": 196.562,
        "dilutedAverageSharesOutstanding": 323.757,
        "dilutedEPS": 0.6721,
        "ebit": 500.656,
        "grossIncome": 2022.661,
        "interestExpense": 110.037,
        "interestIncomeExpense": -135.321,
        "minorityInterest": -82.25,
        "netIncome": 217.609,
        "netIncomeAfterTaxes": 299.726,
        "nonRecurringItems": -17.154,
        "period": "2024-03-31",
        "pretaxIncome": 343.399,
        "provisionforIncomeTaxes": 43.673,
        "revenue": 4383.47,
        "sgaExpense": 1325.443,
        "totalOperatingExpense": 1522.005,
        "totalOtherIncomeExpenseNet": -4.782
      },
      {
        "costOfGoodsSold": 2375.375,
        "depreciationAmortization": 205.297,
        "dilutedAverageSharesOutstanding": 339.967,
        "dilutedEPS": 0.9242,
        "ebit": 420.489,
        "grossIncome": 2000.188,
        "interestExpense": 106.878,
        "interestIncomeExpense": -180.146,
        "minorityInterest": -66.152,
        "netIncome": 314.212,
        "netIncomeAfterTaxes": 379.612,
        "nonRecurringItems": -7.722,
        "period": "2023-12-31",
        "pretaxIncome": 320.091,
        "provisionforIncomeTaxes": -59.521,
        "revenue": 4375.563,
        "sgaExpense": 1374.402,
        "totalOperatingExpense": 1579.699,
        "totalOtherIncomeExpenseNet": 87.47
      },
      {
        "costOfGoodsSold": 2097.5,
        "depreciationAmortization": 201.8,
        "dilutedAverageSharesOutstanding": 351.4,
        "dilutedEPS": 0.46,
        "ebit": 359.6,
        "grossIncome": 1875.7,
        "interestExpense": 111.17,
        "interestIncomeExpense": -145.2,
        "minorityInterest": -50.8,
        "netIncome": 161.1,
        "netIncomeAfterTaxes": 211.9,
        "nonRecurringItems": -12.2,
        "period": "2023-09-30",
        "pretaxIncome": 224.3,
        "provisionforIncomeTaxes": 12.4,
        "revenue": 3973.2,
        "sgaExpense": 1314.2,
        "totalOperatingExpense": 1516,
        "totalOtherIncomeExpenseNet": 22.1
      },
      {
        "costOfGoodsSold": 2083.9,
        "depreciationAmortization": 203.5,
        "dilutedAverageSharesOutstanding": 365.3,
        "dilutedEPS": 0.55,
        "ebit": 393.2,
        "grossIncome": 1858.3,
        "interestExpense": 111.945,
        "interestIncomeExpense": -122.6,
        "minorityInterest": -42.7,
        "netIncome": 200.9,
        "netIncomeAfterTaxes": 243.5,
        "nonRecurringItems": -5.6,
        "period": "2023-06-30",
        "pretaxIncome": 282.7,
        "provisionforIncomeTaxes": 39.1,
        "revenue": 3942.2,
        "sgaExpense": 1261.6,
        "totalOperatingExpense": 1465.1,
        "totalOtherIncomeExpenseNet": 17.7
      },
      {
        "costOfGoodsSold": 1996.8,
        "depreciationAmortization": 203.5,
        "dilutedAverageSharesOutstanding": 378.1,
        "dilutedEPS": 1.24,
        "ebit": 409.7,
        "grossIncome": 1876.5,
        "interestExpense": 130.3,
        "interestIncomeExpense": -207.5,
        "minorityInterest": -13.1,
        "netIncome": 468.1,
        "netIncomeAfterTaxes": 479.9,
        "nonRecurringItems": 396.1,
        "period": "2023-03-31",
        "pretaxIncome": 645.7,
        "provisionforIncomeTaxes": 165.8,
        "revenue": 3873.3,
        "sgaExpense": 1263.2,
        "totalOperatingExpense": 1466.8,
        "totalOtherIncomeExpenseNet": 47.3
      },
      {
        "costOfGoodsSold": 1852.8,
        "depreciationAmortization": 1421.6,
        "dilutedAverageSharesOutstanding": 386.7,
        "dilutedEPS": 0.69,
        "ebit": -1022.3,
        "grossIncome": 1739.4,
        "interestExpense": 137.132,
        "interestIncomeExpense": -140.6,
        "minorityInterest": 604,
        "netIncome": 265.5,
        "netIncomeAfterTaxes": -320,
        "nonRecurringItems": 1060.7,
        "period": "2022-12-31",
        "pretaxIncome": -34.1,
        "provisionforIncomeTaxes": 285.9,
        "revenue": 3592.2,
        "sgaExpense": 1340,
        "totalOperatingExpense": 2761.7,
        "totalOtherIncomeExpenseNet": 68.2
      },
      {
        "costOfGoodsSold": 1720.6,
        "depreciationAmortization": 1405.5,
        "dilutedAverageSharesOutstanding": 393.3,
        "dilutedEPS": -1.45,
        "ebit": -1040.1,
        "grossIncome": 1695.5,
        "interestExpense": 125.172,
        "interestIncomeExpense": -163.7,
        "minorityInterest": 484.3,
        "netIncome": -568.8,
        "netIncomeAfterTaxes": -1061.1,
        "nonRecurringItems": 11.6,
        "period": "2022-09-30",
        "pretaxIncome": -1186.5,
        "provisionforIncomeTaxes": -125.4,
        "revenue": 3416.1,
        "sgaExpense": 1330.1,
        "totalOperatingExpense": 2735.5,
        "totalOtherIncomeExpenseNet": 5.7
      },
      {
        "costOfGoodsSold": 1609.8,
        "depreciationAmortization": 366.3,
        "dilutedAverageSharesOutstanding": 421.3,
        "dilutedEPS": 4.2,
        "ebit": 140,
        "grossIncome": 1655.1,
        "interestExpense": 136.559,
        "interestIncomeExpense": -221.3,
        "minorityInterest": 161.3,
        "netIncome": 1771.5,
        "netIncomeAfterTaxes": 1622.6,
        "nonRecurringItems": 2297.1,
        "period": "2022-06-30",
        "pretaxIncome": 2195.5,
        "provisionforIncomeTaxes": 572.8,
        "revenue": 3264.9,
        "sgaExpense": 1148.9,
        "totalOperatingExpense": 1515.1,
        "totalOtherIncomeExpenseNet": -20.3
      },
      {
        "costOfGoodsSold": 1469.8,
        "depreciationAmortization": 288.6,
        "dilutedAverageSharesOutstanding": 442.9,
        "dilutedEPS": -0.06,
        "ebit": 207.3,
        "grossIncome": 1384.5,
        "interestExpense": 196.091,
        "interestIncomeExpense": -258,
        "minorityInterest": 16.8,
        "netIncome": -27,
        "netIncomeAfterTaxes": -34.8,
        "nonRecurringItems": -54.7,
        "period": "2022-03-31",
        "pretaxIncome": -71.1,
        "provisionforIncomeTaxes": -36.3,
        "revenue": 2854.3,
        "sgaExpense": 888.5,
        "totalOperatingExpense": 1177.2,
        "totalOtherIncomeExpenseNet": 34.3
      },
      {
        "costOfGoodsSold": 1565,
        "depreciationAmortization": 297,
        "dilutedAverageSharesOutstanding": 469.9,
        "dilutedEPS": 0.23,
        "ebit": 308.2,
        "grossIncome": 1491.9,
        "interestExpense": 201.477,
        "interestIncomeExpense": -220.2,
        "minorityInterest": 14.9,
        "netIncome": 106.7,
        "netIncomeAfterTaxes": 116.1,
        "nonRecurringItems": 68.6,
        "period": "2021-12-31",
        "pretaxIncome": 147.2,
        "provisionforIncomeTaxes": 31.2,
        "revenue": 3056.9,
        "sgaExpense": 886.6,
        "totalOperatingExpense": 1183.6,
        "totalOtherIncomeExpenseNet": -9.4
      },
      {
        "costOfGoodsSold": 1392.2,
        "depreciationAmortization": 279.4,
        "dilutedAverageSharesOutstanding": 484.2,
        "dilutedEPS": 2.77,
        "ebit": 299,
        "grossIncome": 1315.4,
        "interestExpense": 200.049,
        "interestIncomeExpense": -179.4,
        "minorityInterest": 12.5,
        "netIncome": 1342.9,
        "netIncomeAfterTaxes": 1337.9,
        "nonRecurringItems": 1558.7,
        "period": "2021-09-30",
        "pretaxIncome": 1620.1,
        "provisionforIncomeTaxes": 282.1,
        "revenue": 2707.5,
        "sgaExpense": 736.9,
        "totalOperatingExpense": 1016.4,
        "totalOtherIncomeExpenseNet": -58.2
      },
      {
        "costOfGoodsSold": 1145.7,
        "depreciationAmortization": 283.6,
        "dilutedAverageSharesOutstanding": 495.3,
        "dilutedEPS": 0.14,
        "ebit": 151.6,
        "grossIncome": 1122.3,
        "interestExpense": 202.772,
        "interestIncomeExpense": -136.7,
        "minorityInterest": 14.4,
        "netIncome": 67.7,
        "netIncomeAfterTaxes": 90.3,
        "nonRecurringItems": 28.9,
        "period": "2021-06-30",
        "pretaxIncome": 125.1,
        "provisionforIncomeTaxes": 34.8,
        "revenue": 2268,
        "sgaExpense": 687.2,
        "totalOperatingExpense": 970.7,
        "totalOtherIncomeExpenseNet": 81.4
      },
      {
        "costOfGoodsSold": 927.8,
        "depreciationAmortization": 290.6,
        "dilutedAverageSharesOutstanding": 494.9,
        "dilutedEPS": -0.69,
        "ebit": -195,
        "grossIncome": 720,
        "interestExpense": 195.295,
        "interestIncomeExpense": -236.7,
        "minorityInterest": 4.1,
        "netIncome": -341.3,
        "netIncomeAfterTaxes": -335.9,
        "nonRecurringItems": -26.1,
        "period": "2021-03-31",
        "pretaxIncome": -430.6,
        "provisionforIncomeTaxes": -94.7,
        "revenue": 1647.7,
        "sgaExpense": 624.4,
        "totalOperatingExpense": 914.9,
        "totalOtherIncomeExpenseNet": 27.2
      },
      {
        "costOfGoodsSold": 910.7,
        "depreciationAmortization": 298.7,
        "dilutedAverageSharesOutstanding": 494.2,
        "dilutedEPS": -0.92,
        "ebit": -350.4,
        "grossIncome": 582.9,
        "interestExpense": 188.679,
        "interestIncomeExpense": -217.1,
        "minorityInterest": 8.4,
        "netIncome": -454.1,
        "netIncomeAfterTaxes": -456,
        "nonRecurringItems": -8.1,
        "period": "2020-12-31",
        "pretaxIncome": -562.9,
        "provisionforIncomeTaxes": -106.9,
        "revenue": 1493.5,
        "sgaExpense": 634.5,
        "totalOperatingExpense": 933.2,
        "totalOtherIncomeExpenseNet": 12.7
      },
      {
        "costOfGoodsSold": 729.5,
        "depreciationAmortization": 294.4,
        "dilutedAverageSharesOutstanding": 493.5,
        "dilutedEPS": -1.08,
        "ebit": -511.7,
        "grossIncome": 396.4,
        "interestExpense": 173.808,
        "interestIncomeExpense": -176.8,
        "minorityInterest": 67.2,
        "netIncome": -533,
        "netIncomeAfterTaxes": -602,
        "nonRecurringItems": -4.1,
        "period": "2020-09-30",
        "pretaxIncome": -678.7,
        "provisionforIncomeTaxes": -76.7,
        "revenue": 1125.9,
        "sgaExpense": 613.7,
        "totalOperatingExpense": 908.1,
        "totalOtherIncomeExpenseNet": 13.9
      },
      {
        "costOfGoodsSold": 374.4,
        "depreciationAmortization": 299.2,
        "dilutedAverageSharesOutstanding": 493.5,
        "dilutedEPS": -1.67,
        "ebit": -999.8,
        "grossIncome": -84.6,
        "interestExpense": 156.756,
        "interestIncomeExpense": -188.9,
        "minorityInterest": 79.2,
        "netIncome": -825.1,
        "netIncomeAfterTaxes": -936.5,
        "nonRecurringItems": -26.3,
        "period": "2020-06-30",
        "pretaxIncome": -1206.7,
        "provisionforIncomeTaxes": -270.2,
        "revenue": 289.8,
        "sgaExpense": 616.1,
        "totalOperatingExpense": 915.2,
        "totalOtherIncomeExpenseNet": 8.3
      },
      {
        "costOfGoodsSold": 1438.2,
        "depreciationAmortization": 318.3,
        "dilutedAverageSharesOutstanding": 497,
        "dilutedEPS": 1.64,
        "ebit": -221.9,
        "grossIncome": 814.7,
        "interestExpense": 157.137,
        "interestIncomeExpense": -154.1,
        "minorityInterest": 132.4,
        "netIncome": 814.9,
        "netIncomeAfterTaxes": 674.5,
        "nonRecurringItems": 1437,
        "period": "2020-03-31",
        "pretaxIncome": 936.8,
        "provisionforIncomeTaxes": 262.3,
        "revenue": 2252.8,
        "sgaExpense": 718.2,
        "totalOperatingExpense": 1036.5,
        "totalOtherIncomeExpenseNet": -124.3
      },
      {
        "costOfGoodsSold": 1899.6,
        "depreciationAmortization": 331.4,
        "dilutedAverageSharesOutstanding": 515,
        "dilutedEPS": 3.91,
        "ebit": 275.9,
        "grossIncome": 1285.5,
        "interestExpense": 200.48,
        "interestIncomeExpense": -190.9,
        "minorityInterest": -54.4,
        "netIncome": 2014.8,
        "netIncomeAfterTaxes": 2066,
        "nonRecurringItems": 2666.6,
        "period": "2019-12-31",
        "pretaxIncome": 2622.3,
        "provisionforIncomeTaxes": 556.4,
        "revenue": 3185.1,
        "sgaExpense": 678.1,
        "totalOperatingExpense": 1009.6,
        "totalOtherIncomeExpenseNet": -129.3
      },
      {
        "costOfGoodsSold": 1936.7,
        "depreciationAmortization": 322,
        "dilutedAverageSharesOutstanding": 519,
        "dilutedEPS": -0.08,
        "ebit": 452.1,
        "grossIncome": 1377.7,
        "interestExpense": 215.503,
        "interestIncomeExpense": -194,
        "minorityInterest": -43.2,
        "netIncome": -40.2,
        "netIncomeAfterTaxes": 6.1,
        "nonRecurringItems": -249.9,
        "period": "2019-09-30",
        "pretaxIncome": -1.2,
        "provisionforIncomeTaxes": -7.3,
        "revenue": 3314.4,
        "sgaExpense": 603.7,
        "totalOperatingExpense": 925.6,
        "totalOtherIncomeExpenseNet": -9.4
      },
      {
        "costOfGoodsSold": 1904.8,
        "depreciationAmortization": 334.8,
        "dilutedAverageSharesOutstanding": 535.4,
        "dilutedEPS": 0.08,
        "ebit": 350.3,
        "grossIncome": 1318.4,
        "interestExpense": 215.829,
        "interestIncomeExpense": -210.3,
        "minorityInterest": -32.8,
        "netIncome": 44.4,
        "netIncomeAfterTaxes": 76.2,
        "nonRecurringItems": -5.8,
        "period": "2019-06-30",
        "pretaxIncome": 87.9,
        "provisionforIncomeTaxes": 11.7,
        "revenue": 3223.2,
        "sgaExpense": 633.4,
        "totalOperatingExpense": 968.2,
        "totalOtherIncomeExpenseNet": -46.3
      },
      {
        "costOfGoodsSold": 1862.4,
        "depreciationAmortization": 316.4,
        "dilutedAverageSharesOutstanding": 537.5,
        "dilutedEPS": 0.05,
        "ebit": 340.4,
        "grossIncome": 1314.5,
        "interestExpense": 216.12,
        "interestIncomeExpense": -195.6,
        "minorityInterest": -34.9,
        "netIncome": 27.5,
        "netIncomeAfterTaxes": 66.2,
        "nonRecurringItems": -8.8,
        "period": "2019-03-31",
        "pretaxIncome": 137.7,
        "provisionforIncomeTaxes": 71.5,
        "revenue": 3176.9,
        "sgaExpense": 657.8,
        "totalOperatingExpense": 974.2,
        "totalOtherIncomeExpenseNet": 1.7
      },
      {
        "costOfGoodsSold": 1826.8,
        "depreciationAmortization": 312.5,
        "dilutedAverageSharesOutstanding": 528.8,
        "dilutedEPS": -0.06,
        "ebit": 332,
        "grossIncome": 1226,
        "interestExpense": 214.538,
        "interestIncomeExpense": -198.2,
        "minorityInterest": -29.1,
        "netIncome": -29.9,
        "netIncomeAfterTaxes": 5.8,
        "nonRecurringItems": -28.7,
        "period": "2018-12-31",
        "pretaxIncome": 98.5,
        "provisionforIncomeTaxes": 92.7,
        "revenue": 3052.9,
        "sgaExpense": 581.6,
        "totalOperatingExpense": 894.1,
        "totalOtherIncomeExpenseNet": -6.6
      },
      {
        "costOfGoodsSold": 1787.4,
        "depreciationAmortization": 300.5,
        "dilutedAverageSharesOutstanding": 540.4,
        "dilutedEPS": 0.26,
        "ebit": 333,
        "grossIncome": 1241.9,
        "interestExpense": 205.573,
        "interestIncomeExpense": -181.7,
        "minorityInterest": -28.5,
        "netIncome": 138.7,
        "netIncomeAfterTaxes": 171.4,
        "nonRecurringItems": 42.4,
        "period": "2018-09-30",
        "pretaxIncome": 190.5,
        "provisionforIncomeTaxes": 19,
        "revenue": 3029.3,
        "sgaExpense": 608.4,
        "totalOperatingExpense": 908.9,
        "totalOtherIncomeExpenseNet": -3.3
      },
      {
        "costOfGoodsSold": 1669.4,
        "depreciationAmortization": 296.2,
        "dilutedAverageSharesOutstanding": 554.3,
        "dilutedEPS": 0.21,
        "ebit": 332.2,
        "grossIncome": 1189.3,
        "interestExpense": 181.493,
        "interestIncomeExpense": -144.7,
        "minorityInterest": -16.6,
        "netIncome": 117.8,
        "netIncomeAfterTaxes": 140.4,
        "nonRecurringItems": -17,
        "period": "2018-06-30",
        "pretaxIncome": 164.1,
        "provisionforIncomeTaxes": 23.7,
        "revenue": 2858.7,
        "sgaExpense": 561,
        "totalOperatingExpense": 857.1,
        "totalOtherIncomeExpenseNet": -6.4
      },
      {
        "costOfGoodsSold": 1635.2,
        "depreciationAmortization": 268.8,
        "dilutedAverageSharesOutstanding": 572,
        "dilutedEPS": 0.38,
        "ebit": 333.9,
        "grossIncome": 1187,
        "interestExpense": 167.909,
        "interestIncomeExpense": -145.1,
        "minorityInterest": -42.9,
        "netIncome": 218.8,
        "netIncomeAfterTaxes": 266.3,
        "nonRecurringItems": -5.9,
        "period": "2018-03-31",
        "pretaxIncome": 180.9,
        "provisionforIncomeTaxes": -85.4,
        "revenue": 2822.2,
        "sgaExpense": 584.3,
        "totalOperatingExpense": 853.2,
        "totalOtherIncomeExpenseNet": -1.9
      },
      {
        "costOfGoodsSold": 1542.1,
        "depreciationAmortization": 249.4,
        "dilutedAverageSharesOutstanding": 566.2,
        "dilutedEPS": 2.41,
        "ebit": 223,
        "grossIncome": 1055.5,
        "interestExpense": 157.341,
        "interestIncomeExpense": -137.8,
        "minorityInterest": -31.6,
        "netIncome": 1369.1,
        "netIncomeAfterTaxes": 19,
        "nonRecurringItems": -27.6,
        "period": "2017-12-31",
        "pretaxIncome": 41.1,
        "provisionforIncomeTaxes": 22.1,
        "revenue": 2597.6,
        "sgaExpense": 583.2,
        "totalOperatingExpense": 832.5,
        "totalOtherIncomeExpenseNet": -16.5
      },
      {
        "costOfGoodsSold": 1598.1,
        "depreciationAmortization": 249.6,
        "dilutedAverageSharesOutstanding": 580.7,
        "dilutedEPS": 0.26,
        "ebit": 462.6,
        "grossIncome": 1232.1,
        "interestExpense": 163.287,
        "interestIncomeExpense": -134.3,
        "minorityInterest": -27.4,
        "netIncome": 148.3,
        "netIncomeAfterTaxes": 175.7,
        "nonRecurringItems": -7.7,
        "period": "2017-09-30",
        "pretaxIncome": 290.5,
        "provisionforIncomeTaxes": 114.7,
        "revenue": 2830.2,
        "sgaExpense": 519.9,
        "totalOperatingExpense": 769.5,
        "totalOtherIncomeExpenseNet": -30.1
      },
      {
        "costOfGoodsSold": 1520.6,
        "depreciationAmortization": 244.8,
        "dilutedAverageSharesOutstanding": 582.1,
        "dilutedEPS": 0.36,
        "ebit": 431.9,
        "grossIncome": 1131.5,
        "interestExpense": 174.058,
        "interestIncomeExpense": -144,
        "minorityInterest": -31,
        "netIncome": 209.8,
        "netIncomeAfterTaxes": 240.9,
        "nonRecurringItems": 27.4,
        "period": "2017-06-30",
        "pretaxIncome": 314.5,
        "provisionforIncomeTaxes": 73.7,
        "revenue": 2652.1,
        "sgaExpense": 454.9,
        "totalOperatingExpense": 699.6,
        "totalOtherIncomeExpenseNet": -0.8
      },
      {
        "costOfGoodsSold": 1532.4,
        "depreciationAmortization": 249.8,
        "dilutedAverageSharesOutstanding": 580.2,
        "dilutedEPS": 0.36,
        "ebit": 458.4,
        "grossIncome": 1185.2,
        "interestExpense": 174.059,
        "interestIncomeExpense": -141.2,
        "minorityInterest": -46.2,
        "netIncome": 206.4,
        "netIncomeAfterTaxes": 252.6,
        "nonRecurringItems": -1.7,
        "period": "2017-03-31",
        "pretaxIncome": 314.7,
        "provisionforIncomeTaxes": 62.1,
        "revenue": 2717.6,
        "sgaExpense": 477,
        "totalOperatingExpense": 726.8,
        "totalOtherIncomeExpenseNet": -0.8
      },
      {
        "costOfGoodsSold": 1455.5,
        "depreciationAmortization": 233.1,
        "dilutedAverageSharesOutstanding": 579.2,
        "dilutedEPS": 0.04,
        "ebit": 262,
        "grossIncome": 1005.4,
        "interestExpense": 161.704,
        "interestIncomeExpense": -137.6,
        "minorityInterest": -45.3,
        "netIncome": 24.7,
        "netIncomeAfterTaxes": 69.9,
        "nonRecurringItems": -12,
        "period": "2016-12-31",
        "pretaxIncome": 107.4,
        "provisionforIncomeTaxes": 37.5,
        "revenue": 2460.8,
        "sgaExpense": 510.3,
        "totalOperatingExpense": 743.3,
        "totalOtherIncomeExpenseNet": -5
      },
      {
        "costOfGoodsSold": 1425.5,
        "depreciationAmortization": 209.7,
        "dilutedAverageSharesOutstanding": 573.8,
        "dilutedEPS": 0.93,
        "ebit": 388.5,
        "grossIncome": 1089.6,
        "interestExpense": 168.048,
        "interestIncomeExpense": -146.6,
        "minorityInterest": -25.6,
        "netIncome": 535.6,
        "netIncomeAfterTaxes": 561.3,
        "nonRecurringItems": 291.7,
        "period": "2016-09-30",
        "pretaxIncome": 516.3,
        "provisionforIncomeTaxes": -45,
        "revenue": 2515.1,
        "sgaExpense": 491.4,
        "totalOperatingExpense": 701.2,
        "totalOtherIncomeExpenseNet": -17.3
      },
      {
        "costOfGoodsSold": 1313,
        "depreciationAmortization": 206.9,
        "dilutedAverageSharesOutstanding": 570.8,
        "dilutedEPS": 0.83,
        "ebit": 321.7,
        "grossIncome": 956.5,
        "interestExpense": 180.352,
        "interestIncomeExpense": 252.1,
        "minorityInterest": -40.1,
        "netIncome": 474.4,
        "netIncomeAfterTaxes": 514.5,
        "nonRecurringItems": -0.9,
        "period": "2016-06-30",
        "pretaxIncome": 523,
        "provisionforIncomeTaxes": 8.5,
        "revenue": 2269.5,
        "sgaExpense": 428,
        "totalOperatingExpense": 634.8,
        "totalOtherIncomeExpenseNet": -49.8
      },
      {
        "costOfGoodsSold": 1301.7,
        "depreciationAmortization": 199.8,
        "dilutedAverageSharesOutstanding": 569.5,
        "dilutedEPS": 0.12,
        "ebit": 306.4,
        "grossIncome": 908,
        "interestExpense": 184.669,
        "interestIncomeExpense": -188.2,
        "minorityInterest": -24.4,
        "netIncome": 66.8,
        "netIncomeAfterTaxes": 91.2,
        "nonRecurringItems": -5.1,
        "period": "2016-03-31",
        "pretaxIncome": 112.5,
        "provisionforIncomeTaxes": 21.3,
        "revenue": 2209.7,
        "sgaExpense": 401.8,
        "totalOperatingExpense": 601.6,
        "totalOtherIncomeExpenseNet": -0.6
      },
      {
        "costOfGoodsSold": 1319.6,
        "depreciationAmortization": 200.2,
        "dilutedAverageSharesOutstanding": 564.6,
        "dilutedEPS": -1.38,
        "ebit": 253.8,
        "grossIncome": 872.3,
        "interestExpense": 186.291,
        "interestIncomeExpense": -162.7,
        "minorityInterest": 692,
        "netIncome": -781.5,
        "netIncomeAfterTaxes": -1473.5,
        "nonRecurringItems": -1491.3,
        "period": "2015-12-31",
        "pretaxIncome": -1403.5,
        "provisionforIncomeTaxes": 70,
        "revenue": 2191.9,
        "sgaExpense": 418.4,
        "totalOperatingExpense": 618.5,
        "totalOtherIncomeExpenseNet": -3.3
      },
      {
        "costOfGoodsSold": 1397.9,
        "depreciationAmortization": 204.7,
        "dilutedAverageSharesOutstanding": 569.3,
        "dilutedEPS": 0.12,
        "ebit": 247.1,
        "grossIncome": 882.9,
        "interestExpense": 191.781,
        "interestIncomeExpense": -157.3,
        "minorityInterest": -28.3,
        "netIncome": 66.4,
        "netIncomeAfterTaxes": 94.7,
        "nonRecurringItems": -7.1,
        "period": "2015-09-30",
        "pretaxIncome": 78.2,
        "provisionforIncomeTaxes": -16.5,
        "revenue": 2280.8,
        "sgaExpense": 431,
        "totalOperatingExpense": 635.8,
        "totalOtherIncomeExpenseNet": -4.4
      }
    ],
    "symbol": "MGM"
  }
}