{
  "symbol": "HIG",
  "statement": "ic",
  "frequency": "quarterly",
  "timestamp": "2025-09-19T14:01:19.358650",
  "data": {
    "financials": [
      {
        "benefitsClaimsLossAdjustment": 3712,
        "deferredPolicyAcquisitionExpense": 625,
        "depreciationAmortization": 17,
        "dilutedAverageSharesOutstanding": 287.7,
        "dilutedEPS": 3.4411,
        "ebit": 1265,
        "grossPremiumsEarned": 6333,
        "interestIncomeExpense": -19,
        "netIncome": 990,
        "netIncomeAfterTaxes": 995,
        "nonRecurringItems": 0,
        "otherOperatingExpensesTotal": 1337,
        "period": "2025-06-30",
        "pretaxIncome": 1246,
        "provisionforIncomeTaxes": 251,
        "revenue": 6956,
        "totalOperatingExpense": 5691
      },
      {
        "benefitsClaimsLossAdjustment": 4000,
        "deferredPolicyAcquisitionExpense": 607,
        "depreciationAmortization": 18,
        "dilutedAverageSharesOutstanding": 290.8,
        "dilutedEPS": 2.1492,
        "ebit": 844,
        "grossPremiumsEarned": 6203,
        "interestExpense": 50,
        "interestIncomeExpense": -61,
        "netIncome": 625,
        "netIncomeAfterTaxes": 630,
        "nonRecurringItems": 0,
        "otherOperatingExpensesTotal": 1352,
        "period": "2025-03-31",
        "pretaxIncome": 783,
        "provisionforIncomeTaxes": 153,
        "revenue": 6821,
        "totalOperatingExpense": 5977
      },
      {
        "benefitsClaimsLossAdjustment": 3779,
        "deferredPolicyAcquisitionExpense": 591,
        "depreciationAmortization": 18,
        "dilutedAverageSharesOutstanding": 294.4,
        "dilutedEPS": 2.8804,
        "ebit": 1130,
        "grossPremiumsEarned": 6182,
        "interestExpense": 50,
        "interestIncomeExpense": -56,
        "netIncome": 848,
        "netIncomeAfterTaxes": 853,
        "nonRecurringItems": 0,
        "otherOperatingExpensesTotal": 1367,
        "period": "2024-12-31",
        "pretaxIncome": 1074,
        "provisionforIncomeTaxes": 221,
        "revenue": 6879,
        "totalOperatingExpense": 5755
      },
      {
        "benefitsClaimsLossAdjustment": 3823,
        "deferredPolicyAcquisitionExpense": 585,
        "depreciationAmortization": 18,
        "dilutedAverageSharesOutstanding": 297.5,
        "dilutedEPS": 2.558,
        "ebit": 976,
        "grossPremiumsEarned": 6105,
        "interestExpense": 49,
        "interestIncomeExpense": -23,
        "netIncome": 761,
        "netIncomeAfterTaxes": 767,
        "nonRecurringItems": -1,
        "otherOperatingExpensesTotal": 1323,
        "period": "2024-09-30",
        "pretaxIncome": 952,
        "provisionforIncomeTaxes": 185,
        "revenue": 6725,
        "totalOperatingExpense": 5749
      },
      {
        "benefitsClaimsLossAdjustment": 3661,
        "deferredPolicyAcquisitionExpense": 561,
        "depreciationAmortization": 17,
        "dilutedAverageSharesOutstanding": 299.9,
        "dilutedEPS": 2.4442,
        "ebit": 945,
        "grossPremiumsEarned": 5943,
        "interestExpense": 50,
        "interestIncomeExpense": -33,
        "netIncome": 733,
        "netIncomeAfterTaxes": 738,
        "nonRecurringItems": 0,
        "otherOperatingExpensesTotal": 1285,
        "period": "2024-06-30",
        "pretaxIncome": 912,
        "provisionforIncomeTaxes": 174,
        "revenue": 6469,
        "totalOperatingExpense": 5524
      },
      {
        "benefitsClaimsLossAdjustment": 3611,
        "deferredPolicyAcquisitionExpense": 545,
        "depreciationAmortization": 18,
        "dilutedAverageSharesOutstanding": 302.6,
        "dilutedEPS": 2.4719,
        "ebit": 915,
        "grossPremiumsEarned": 5798,
        "interestExpense": 50,
        "interestIncomeExpense": -3,
        "netIncome": 748,
        "netIncomeAfterTaxes": 753,
        "nonRecurringItems": -1,
        "otherOperatingExpensesTotal": 1283,
        "period": "2024-03-31",
        "pretaxIncome": 911,
        "provisionforIncomeTaxes": 158,
        "revenue": 6419,
        "totalOperatingExpense": 5457
      },
      {
        "benefitsClaimsLossAdjustment": 3633,
        "deferredPolicyAcquisitionExpense": 534,
        "depreciationAmortization": 18,
        "dilutedAverageSharesOutstanding": 305.2,
        "dilutedEPS": 2.5098,
        "ebit": 1001,
        "grossPremiumsEarned": 5774,
        "interestExpense": 49,
        "interestIncomeExpense": -49,
        "netIncome": 766,
        "netIncomeAfterTaxes": 771,
        "nonRecurringItems": -2,
        "otherOperatingExpensesTotal": 1214,
        "period": "2023-12-31",
        "pretaxIncome": 950,
        "provisionforIncomeTaxes": 179,
        "revenue": 6400,
        "totalOperatingExpense": 5399
      },
      {
        "benefitsClaimsLossAdjustment": 3543,
        "deferredPolicyAcquisitionExpense": 517,
        "depreciationAmortization": 18,
        "dilutedAverageSharesOutstanding": 309,
        "dilutedEPS": 2.09,
        "ebit": 864,
        "grossPremiumsEarned": 5661,
        "interestExpense": 50,
        "interestIncomeExpense": -50,
        "netIncome": 645,
        "netIncomeAfterTaxes": 651,
        "nonRecurringItems": -1,
        "otherOperatingExpensesTotal": 1226,
        "period": "2023-09-30",
        "pretaxIncome": 813,
        "provisionforIncomeTaxes": 162,
        "revenue": 6168,
        "totalOperatingExpense": 5304
      },
      {
        "benefitsClaimsLossAdjustment": 3580,
        "deferredPolicyAcquisitionExpense": 502,
        "depreciationAmortization": 17,
        "dilutedAverageSharesOutstanding": 313.3,
        "dilutedEPS": 1.73,
        "ebit": 725,
        "grossPremiumsEarned": 5573,
        "interestExpense": 50,
        "interestIncomeExpense": -50,
        "netIncome": 542,
        "netIncomeAfterTaxes": 547,
        "nonRecurringItems": -3,
        "otherOperatingExpensesTotal": 1225,
        "period": "2023-06-30",
        "pretaxIncome": 672,
        "provisionforIncomeTaxes": 125,
        "revenue": 6049,
        "totalOperatingExpense": 5324
      },
      {
        "benefitsClaimsLossAdjustment": 3482,
        "deferredPolicyAcquisitionExpense": 491,
        "depreciationAmortization": 18,
        "dilutedAverageSharesOutstanding": 318.6,
        "dilutedEPS": 1.66,
        "ebit": 703,
        "grossPremiumsEarned": 5402,
        "interestExpense": 50,
        "interestIncomeExpense": -50,
        "netIncome": 530,
        "netIncomeAfterTaxes": 535,
        "nonRecurringItems": 0,
        "otherOperatingExpensesTotal": 1216,
        "period": "2023-03-31",
        "pretaxIncome": 653,
        "provisionforIncomeTaxes": 118,
        "revenue": 5910,
        "totalOperatingExpense": 5207
      },
      {
        "benefitsClaimsLossAdjustment": 3540,
        "deferredPolicyAcquisitionExpense": 475,
        "depreciationAmortization": 18,
        "dilutedAverageSharesOutstanding": 322.6,
        "dilutedEPS": 1.81,
        "ebit": 785,
        "grossPremiumsEarned": 5354,
        "interestExpense": 50,
        "interestIncomeExpense": -50,
        "netIncome": 584,
        "netIncomeAfterTaxes": 589,
        "nonRecurringItems": -3,
        "otherOperatingExpensesTotal": 1198,
        "period": "2022-12-31",
        "pretaxIncome": 732,
        "provisionforIncomeTaxes": 143,
        "revenue": 6016,
        "totalOperatingExpense": 5231
      },
      {
        "benefitsClaimsLossAdjustment": 3408,
        "deferredPolicyAcquisitionExpense": 467,
        "depreciationAmortization": 18,
        "dilutedAverageSharesOutstanding": 326.3,
        "dilutedEPS": 1.02,
        "ebit": 484,
        "grossPremiumsEarned": 5259,
        "interestExpense": 50,
        "interestIncomeExpense": -50,
        "netIncome": 333,
        "netIncomeAfterTaxes": 339,
        "nonRecurringItems": -3,
        "otherOperatingExpensesTotal": 1203,
        "period": "2022-09-30",
        "pretaxIncome": 431,
        "provisionforIncomeTaxes": 92,
        "revenue": 5580,
        "totalOperatingExpense": 5096
      },
      {
        "benefitsClaimsLossAdjustment": 3076,
        "deferredPolicyAcquisitionExpense": 453,
        "depreciationAmortization": 17,
        "dilutedAverageSharesOutstanding": 331.8,
        "dilutedEPS": 1.32,
        "ebit": 614,
        "grossPremiumsEarned": 5170,
        "interestExpense": 51,
        "interestIncomeExpense": -51,
        "netIncome": 437,
        "netIncomeAfterTaxes": 442,
        "nonRecurringItems": -11,
        "otherOperatingExpensesTotal": 1213,
        "period": "2022-06-30",
        "pretaxIncome": 552,
        "provisionforIncomeTaxes": 110,
        "revenue": 5373,
        "totalOperatingExpense": 4759
      },
      {
        "benefitsClaimsLossAdjustment": 3118,
        "deferredPolicyAcquisitionExpense": 440,
        "depreciationAmortization": 18,
        "dilutedAverageSharesOutstanding": 337.3,
        "dilutedEPS": 1.3,
        "ebit": 610,
        "grossPremiumsEarned": 5029,
        "interestExpense": 62,
        "interestIncomeExpense": -62,
        "netIncome": 440,
        "netIncomeAfterTaxes": 445,
        "nonRecurringItems": -5,
        "otherOperatingExpensesTotal": 1207,
        "period": "2022-03-31",
        "pretaxIncome": 543,
        "provisionforIncomeTaxes": 98,
        "revenue": 5393,
        "totalOperatingExpense": 4783
      },
      {
        "benefitsClaimsLossAdjustment": 3173,
        "deferredPolicyAcquisitionExpense": 428,
        "depreciationAmortization": 18,
        "dilutedAverageSharesOutstanding": 344.8,
        "dilutedEPS": 2.1,
        "ebit": 964,
        "grossPremiumsEarned": 5031,
        "interestExpense": 62,
        "interestIncomeExpense": -62,
        "netIncome": 724,
        "netIncomeAfterTaxes": 729,
        "nonRecurringItems": -2,
        "otherOperatingExpensesTotal": 1233,
        "period": "2021-12-31",
        "pretaxIncome": 900,
        "provisionforIncomeTaxes": 171,
        "revenue": 5816,
        "totalOperatingExpense": 4852
      },
      {
        "benefitsClaimsLossAdjustment": 3420,
        "deferredPolicyAcquisitionExpense": 419,
        "depreciationAmortization": 18,
        "dilutedAverageSharesOutstanding": 350.7,
        "dilutedEPS": 1.36,
        "ebit": 629,
        "grossPremiumsEarned": 4966,
        "interestExpense": 58,
        "interestIncomeExpense": -58,
        "netIncome": 476,
        "netIncomeAfterTaxes": 482,
        "nonRecurringItems": 12,
        "otherOperatingExpensesTotal": 1200,
        "period": "2021-09-30",
        "pretaxIncome": 583,
        "provisionforIncomeTaxes": 101,
        "revenue": 5686,
        "totalOperatingExpense": 5057
      },
      {
        "benefitsClaimsLossAdjustment": 2786,
        "deferredPolicyAcquisitionExpense": 417,
        "depreciationAmortization": 17,
        "dilutedAverageSharesOutstanding": 358.5,
        "dilutedEPS": 2.51,
        "ebit": 1167,
        "grossPremiumsEarned": 4861,
        "interestExpense": 57,
        "interestIncomeExpense": -57,
        "netIncome": 900,
        "netIncomeAfterTaxes": 905,
        "nonRecurringItems": 0,
        "otherOperatingExpensesTotal": 1202,
        "period": "2021-06-30",
        "pretaxIncome": 1110,
        "provisionforIncomeTaxes": 205,
        "revenue": 5589,
        "totalOperatingExpense": 4422
      },
      {
        "benefitsClaimsLossAdjustment": 3350,
        "deferredPolicyAcquisitionExpense": 416,
        "depreciationAmortization": 18,
        "dilutedAverageSharesOutstanding": 362.2,
        "dilutedEPS": 0.67,
        "ebit": 371,
        "grossPremiumsEarned": 4710,
        "interestExpense": 57,
        "interestIncomeExpense": -57,
        "netIncome": 244,
        "netIncomeAfterTaxes": 249,
        "nonRecurringItems": -11,
        "otherOperatingExpensesTotal": 1144,
        "period": "2021-03-31",
        "pretaxIncome": 303,
        "provisionforIncomeTaxes": 54,
        "revenue": 5299,
        "totalOperatingExpense": 4928
      },
      {
        "benefitsClaimsLossAdjustment": 3080,
        "deferredPolicyAcquisitionExpense": 419,
        "depreciationAmortization": 17,
        "dilutedAverageSharesOutstanding": 361.5,
        "dilutedEPS": 1.46,
        "ebit": 726,
        "grossPremiumsEarned": 4670,
        "interestExpense": 57,
        "interestIncomeExpense": -57,
        "netIncome": 532,
        "netIncomeAfterTaxes": 531,
        "nonRecurringItems": -17,
        "otherOperatingExpensesTotal": 1086,
        "period": "2020-12-31",
        "pretaxIncome": 652,
        "provisionforIncomeTaxes": 121,
        "revenue": 5328,
        "totalOperatingExpense": 4602
      },
      {
        "benefitsClaimsLossAdjustment": 2962,
        "deferredPolicyAcquisitionExpense": 421,
        "depreciationAmortization": 18,
        "dilutedAverageSharesOutstanding": 360.5,
        "dilutedEPS": 1.26,
        "ebit": 677,
        "grossPremiumsEarned": 4673,
        "interestExpense": 58,
        "interestIncomeExpense": -58,
        "netIncome": 453,
        "netIncomeAfterTaxes": 459,
        "nonRecurringItems": -87,
        "otherOperatingExpensesTotal": 1093,
        "period": "2020-09-30",
        "pretaxIncome": 532,
        "provisionforIncomeTaxes": 73,
        "revenue": 5171,
        "totalOperatingExpense": 4494
      },
      {
        "benefitsClaimsLossAdjustment": 2847,
        "deferredPolicyAcquisitionExpense": 429,
        "depreciationAmortization": 18,
        "dilutedAverageSharesOutstanding": 359.3,
        "dilutedEPS": 1.29,
        "ebit": 649,
        "grossPremiumsEarned": 4620,
        "interestExpense": 57,
        "interestIncomeExpense": -57,
        "netIncome": 463,
        "netIncomeAfterTaxes": 468,
        "nonRecurringItems": 0,
        "otherOperatingExpensesTotal": 1125,
        "period": "2020-06-30",
        "pretaxIncome": 592,
        "provisionforIncomeTaxes": 124,
        "revenue": 5068,
        "totalOperatingExpense": 4419
      },
      {
        "benefitsClaimsLossAdjustment": 2916,
        "deferredPolicyAcquisitionExpense": 437,
        "depreciationAmortization": 19,
        "dilutedAverageSharesOutstanding": 361.1,
        "dilutedEPS": 0.74,
        "ebit": 408,
        "grossPremiumsEarned": 4728,
        "interestExpense": 64,
        "interestIncomeExpense": -64,
        "netIncome": 268,
        "netIncomeAfterTaxes": 273,
        "otherOperatingExpensesTotal": 1176,
        "period": "2020-03-31",
        "pretaxIncome": 344,
        "provisionforIncomeTaxes": 71,
        "revenue": 4956,
        "totalOperatingExpense": 4548
      },
      {
        "benefitsClaimsLossAdjustment": 2939,
        "deferredPolicyAcquisitionExpense": 438,
        "depreciationAmortization": 19,
        "dilutedAverageSharesOutstanding": 364.3,
        "dilutedEPS": 1.49,
        "ebit": 742,
        "grossPremiumsEarned": 4795,
        "interestExpense": 65,
        "interestIncomeExpense": -65,
        "netIncome": 543,
        "netIncomeAfterTaxes": 548,
        "nonRecurringItems": -1,
        "otherOperatingExpensesTotal": 1224,
        "period": "2019-12-31",
        "pretaxIncome": 676,
        "provisionforIncomeTaxes": 128,
        "revenue": 5362,
        "totalOperatingExpense": 4620
      },
      {
        "benefitsClaimsLossAdjustment": 2914,
        "deferredPolicyAcquisitionExpense": 437,
        "depreciationAmortization": 19,
        "dilutedAverageSharesOutstanding": 365.4,
        "dilutedEPS": 1.43,
        "ebit": 811,
        "grossPremiumsEarned": 4768,
        "interestExpense": 67,
        "interestIncomeExpense": -67,
        "netIncome": 524,
        "netIncomeAfterTaxes": 535,
        "nonRecurringItems": -91,
        "otherOperatingExpensesTotal": 1167,
        "period": "2019-09-30",
        "pretaxIncome": 653,
        "provisionforIncomeTaxes": 118,
        "revenue": 5348,
        "totalOperatingExpense": 4537
      },
      {
        "benefitsClaimsLossAdjustment": 2934,
        "deferredPolicyAcquisitionExpense": 392,
        "depreciationAmortization": 15,
        "dilutedAverageSharesOutstanding": 365.1,
        "dilutedEPS": 1.02,
        "ebit": 610,
        "grossPremiumsEarned": 4524,
        "interestExpense": 63,
        "interestIncomeExpense": -63,
        "netIncome": 372,
        "netIncomeAfterTaxes": 372,
        "nonRecurringItems": -91,
        "otherOperatingExpensesTotal": 1141,
        "period": "2019-06-30",
        "pretaxIncome": 456,
        "provisionforIncomeTaxes": 84,
        "revenue": 5092,
        "totalOperatingExpense": 4482
      },
      {
        "benefitsClaimsLossAdjustment": 2685,
        "deferredPolicyAcquisitionExpense": 355,
        "depreciationAmortization": 13,
        "dilutedAverageSharesOutstanding": 364.7,
        "dilutedEPS": 1.71,
        "ebit": 843,
        "grossPremiumsEarned": 4307,
        "interestExpense": 64,
        "interestIncomeExpense": -64,
        "netIncome": 625,
        "netIncomeAfterTaxes": 630,
        "nonRecurringItems": -4,
        "otherOperatingExpensesTotal": 1048,
        "period": "2019-03-31",
        "pretaxIncome": 775,
        "provisionforIncomeTaxes": 145,
        "revenue": 4944,
        "totalOperatingExpense": 4101
      },
      {
        "benefitsClaimsLossAdjustment": 2946,
        "deferredPolicyAcquisitionExpense": 350,
        "depreciationAmortization": 14,
        "dilutedAverageSharesOutstanding": 364.1,
        "dilutedEPS": 0.52,
        "ebit": 238,
        "grossPremiumsEarned": 4348,
        "interestExpense": 70,
        "interestIncomeExpense": -70,
        "netIncome": 190,
        "netIncomeAfterTaxes": 160,
        "nonRecurringItems": -1,
        "otherOperatingExpensesTotal": 1086,
        "period": "2018-12-31",
        "pretaxIncome": 167,
        "provisionforIncomeTaxes": 7,
        "revenue": 4634,
        "totalOperatingExpense": 4396
      },
      {
        "benefitsClaimsLossAdjustment": 2786,
        "deferredPolicyAcquisitionExpense": 348,
        "depreciationAmortization": 18,
        "dilutedAverageSharesOutstanding": 364.1,
        "dilutedEPS": 1.17,
        "ebit": 603,
        "grossPremiumsEarned": 4360,
        "interestExpense": 69,
        "interestIncomeExpense": -69,
        "netIncome": 432,
        "netIncomeAfterTaxes": 427,
        "nonRecurringItems": -4,
        "otherOperatingExpensesTotal": 1091,
        "period": "2018-09-30",
        "pretaxIncome": 530,
        "provisionforIncomeTaxes": 103,
        "revenue": 4846,
        "totalOperatingExpense": 4243
      },
      {
        "benefitsClaimsLossAdjustment": 2738,
        "deferredPolicyAcquisitionExpense": 344,
        "depreciationAmortization": 18,
        "dilutedAverageSharesOutstanding": 364.2,
        "dilutedEPS": 1.59,
        "ebit": 622,
        "grossPremiumsEarned": 4309,
        "interestExpense": 79,
        "interestIncomeExpense": -79,
        "netIncome": 582,
        "netIncomeAfterTaxes": 434,
        "nonRecurringItems": -6,
        "otherOperatingExpensesTotal": 1067,
        "period": "2018-06-30",
        "pretaxIncome": 537,
        "provisionforIncomeTaxes": 103,
        "revenue": 4789,
        "totalOperatingExpense": 4167
      },
      {
        "benefitsClaimsLossAdjustment": 2695,
        "deferredPolicyAcquisitionExpense": 342,
        "depreciationAmortization": 18,
        "dilutedAverageSharesOutstanding": 363.9,
        "dilutedEPS": 1.64,
        "ebit": 601,
        "grossPremiumsEarned": 4270,
        "interestExpense": 80,
        "interestIncomeExpense": -80,
        "netIncome": 597,
        "netIncomeAfterTaxes": 425,
        "nonRecurringItems": -2,
        "otherOperatingExpensesTotal": 1037,
        "period": "2018-03-31",
        "pretaxIncome": 519,
        "provisionforIncomeTaxes": 94,
        "revenue": 4693,
        "totalOperatingExpense": 4092
      },
      {
        "benefitsClaimsLossAdjustment": 2692,
        "deferredPolicyAcquisitionExpense": 342,
        "depreciationAmortization": 11,
        "dilutedAverageSharesOutstanding": 357.1,
        "dilutedEPS": -10.36,
        "ebit": 504,
        "grossPremiumsEarned": 4133,
        "interestExpense": 78,
        "interestIncomeExpense": -78,
        "netIncome": -3703,
        "netIncomeAfterTaxes": 319,
        "nonRecurringItems": -4,
        "otherOperatingExpensesTotal": 1042,
        "period": "2017-12-31",
        "pretaxIncome": 422,
        "provisionforIncomeTaxes": 103,
        "revenue": 4591,
        "totalOperatingExpense": 4087
      },
      {
        "benefitsClaimsLossAdjustment": 2638,
        "deferredPolicyAcquisitionExpense": 341,
        "depreciationAmortization": 1,
        "dilutedAverageSharesOutstanding": 367,
        "dilutedEPS": 0.63,
        "ebit": 264,
        "grossPremiumsEarned": 3762,
        "interestExpense": 79,
        "interestIncomeExpense": -79,
        "netIncome": 234,
        "netIncomeAfterTaxes": 145,
        "nonRecurringItems": -4,
        "otherOperatingExpensesTotal": 952,
        "period": "2017-09-30",
        "pretaxIncome": 181,
        "provisionforIncomeTaxes": 36,
        "revenue": 4196,
        "totalOperatingExpense": 3932
      },
      {
        "benefitsClaimsLossAdjustment": 2420,
        "deferredPolicyAcquisitionExpense": 345,
        "depreciationAmortization": 1,
        "dilutedAverageSharesOutstanding": 366,
        "dilutedEPS": -0.1,
        "ebit": -198,
        "grossPremiumsEarned": 3764,
        "interestExpense": 79,
        "interestIncomeExpense": -79,
        "netIncome": -40,
        "netIncomeAfterTaxes": -152,
        "nonRecurringItems": -4,
        "otherOperatingExpensesTotal": 1650,
        "period": "2017-06-30",
        "pretaxIncome": -281,
        "provisionforIncomeTaxes": -129,
        "revenue": 4218,
        "totalOperatingExpense": 4416
      },
      {
        "benefitsClaimsLossAdjustment": 2424,
        "deferredPolicyAcquisitionExpense": 344,
        "dilutedAverageSharesOutstanding": 378.6,
        "dilutedEPS": 0.99,
        "ebit": 484,
        "grossPremiumsEarned": 3735,
        "interestExpense": 80,
        "interestIncomeExpense": -80,
        "netIncome": 378,
        "netIncomeAfterTaxes": 303,
        "nonRecurringItems": -3,
        "otherOperatingExpensesTotal": 920,
        "period": "2017-03-31",
        "pretaxIncome": 401,
        "provisionforIncomeTaxes": 98,
        "revenue": 4172,
        "totalOperatingExpense": 3688
      },
      {
        "benefitsClaimsLossAdjustment": 1398,
        "deferredPolicyAcquisitionExpense": 232,
        "dilutedAverageSharesOutstanding": 392.5,
        "dilutedEPS": -0.2,
        "ebit": 73,
        "grossPremiumsEarned": 2903,
        "interestExpense": 70,
        "interestIncomeExpense": -70,
        "netIncome": -81,
        "netIncomeAfterTaxes": -364,
        "nonRecurringItems": -635,
        "otherOperatingExpensesTotal": 568,
        "period": "2016-12-31",
        "pretaxIncome": -632,
        "provisionforIncomeTaxes": -268,
        "revenue": 2271,
        "totalOperatingExpense": 2198
      },
      {
        "benefitsClaimsLossAdjustment": 2780,
        "deferredPolicyAcquisitionExpense": 403,
        "dilutedAverageSharesOutstanding": 390.5,
        "dilutedEPS": 1.12,
        "ebit": 629,
        "grossPremiumsEarned": 3960,
        "interestExpense": 86,
        "interestIncomeExpense": -86,
        "netIncome": 438,
        "netIncomeAfterTaxes": 438,
        "nonRecurringItems": -15,
        "otherOperatingExpensesTotal": 918,
        "period": "2016-09-30",
        "pretaxIncome": 528,
        "provisionforIncomeTaxes": 90,
        "revenue": 4730,
        "totalOperatingExpense": 4101
      },
      {
        "benefitsClaimsLossAdjustment": 3142,
        "deferredPolicyAcquisitionExpense": 368,
        "dilutedAverageSharesOutstanding": 398.6,
        "dilutedEPS": 0.54,
        "ebit": 263,
        "grossPremiumsEarned": 3908,
        "interestExpense": 85,
        "interestIncomeExpense": -85,
        "netIncome": 216,
        "netIncomeAfterTaxes": 216,
        "nonRecurringItems": -8,
        "otherOperatingExpensesTotal": 931,
        "period": "2016-06-30",
        "pretaxIncome": 170,
        "provisionforIncomeTaxes": -46,
        "revenue": 4704,
        "totalOperatingExpense": 4441
      },
      {
        "benefitsClaimsLossAdjustment": 2641,
        "deferredPolicyAcquisitionExpense": 374,
        "dilutedAverageSharesOutstanding": 406.3,
        "dilutedEPS": 0.79,
        "ebit": 494,
        "grossPremiumsEarned": 3869,
        "interestExpense": 86,
        "interestIncomeExpense": -86,
        "netIncome": 323,
        "netIncomeAfterTaxes": 323,
        "nonRecurringItems": -27,
        "otherOperatingExpensesTotal": 928,
        "period": "2016-03-31",
        "pretaxIncome": 381,
        "provisionforIncomeTaxes": 58,
        "revenue": 4437,
        "totalOperatingExpense": 3943
      },
      {
        "benefitsClaimsLossAdjustment": 1240,
        "deferredPolicyAcquisitionExpense": 152,
        "dilutedAverageSharesOutstanding": 425.3,
        "dilutedEPS": 0.98,
        "ebit": 87,
        "grossPremiumsEarned": 2889,
        "interestExpense": 75,
        "interestIncomeExpense": -75,
        "netIncome": 421,
        "netIncomeAfterTaxes": -63,
        "nonRecurringItems": -8,
        "otherOperatingExpensesTotal": 634,
        "period": "2015-12-31",
        "pretaxIncome": 4,
        "provisionforIncomeTaxes": 67,
        "revenue": 2113,
        "totalOperatingExpense": 2026
      },
      {
        "benefitsClaimsLossAdjustment": 2710,
        "deferredPolicyAcquisitionExpense": 434,
        "dilutedAverageSharesOutstanding": 423,
        "dilutedEPS": 0.9,
        "ebit": 489,
        "grossPremiumsEarned": 3876,
        "interestExpense": 88,
        "interestIncomeExpense": -88,
        "netIncome": 381,
        "netIncomeAfterTaxes": 372,
        "nonRecurringItems": -22,
        "otherOperatingExpensesTotal": 971,
        "period": "2015-09-30",
        "pretaxIncome": 379,
        "provisionforIncomeTaxes": 7,
        "revenue": 4604,
        "totalOperatingExpense": 4115
      }
    ],
    "symbol": "HIG"
  }
}