{
  "symbol": "RTX",
  "statement": "ic",
  "frequency": "quarterly",
  "timestamp": "2025-09-19T14:06:04.688210",
  "data": {
    "financials": [
      {
        "costOfGoodsSold": 17205,
        "dilutedAverageSharesOutstanding": 1354,
        "dilutedEPS": 1.22,
        "ebit": 2146,
        "grossIncome": 4376,
        "interestExpense": 480,
        "interestIncomeExpense": -452,
        "minorityInterest": -68,
        "netIncome": 1657,
        "netIncomeAfterTaxes": 1725,
        "otherOperatingExpensesTotal": -40,
        "period": "2025-06-30",
        "pretaxIncome": 2040,
        "provisionforIncomeTaxes": 315,
        "researchDevelopment": 697,
        "revenue": 21581,
        "sgaExpense": 1573,
        "totalOperatingExpense": 2230,
        "totalOtherIncomeExpenseNet": 346
      },
      {
        "costOfGoodsSold": 16190,
        "dilutedAverageSharesOutstanding": 1351.8,
        "dilutedEPS": 1.14,
        "ebit": 2035,
        "grossIncome": 4116,
        "interestExpense": 502,
        "interestIncomeExpense": -451,
        "minorityInterest": -90,
        "netIncome": 1535,
        "netIncomeAfterTaxes": 1625,
        "otherOperatingExpensesTotal": -4,
        "period": "2025-03-31",
        "pretaxIncome": 1958,
        "provisionforIncomeTaxes": 333,
        "researchDevelopment": 637,
        "revenue": 20306,
        "sgaExpense": 1448,
        "totalOperatingExpense": 2081,
        "totalOtherIncomeExpenseNet": 374
      },
      {
        "costOfGoodsSold": 17388,
        "dilutedAverageSharesOutstanding": 1349,
        "dilutedEPS": 1.1,
        "ebit": 2011,
        "grossIncome": 4235,
        "interestExpense": 514,
        "interestIncomeExpense": -487,
        "minorityInterest": -78,
        "netIncome": 1482,
        "netIncomeAfterTaxes": 1560,
        "nonRecurringItems": 100,
        "otherOperatingExpensesTotal": -158,
        "period": "2024-12-31",
        "pretaxIncome": 2009,
        "provisionforIncomeTaxes": 449,
        "researchDevelopment": 808,
        "revenue": 21623,
        "sgaExpense": 1574,
        "totalOperatingExpense": 2224,
        "totalOtherIncomeExpenseNet": 385
      },
      {
        "costOfGoodsSold": 16055,
        "dilutedAverageSharesOutstanding": 1346.2,
        "dilutedEPS": 1.09,
        "ebit": 2028,
        "grossIncome": 4034,
        "interestExpense": 548,
        "interestIncomeExpense": -503,
        "minorityInterest": -63,
        "netIncome": 1472,
        "netIncomeAfterTaxes": 1535,
        "otherOperatingExpensesTotal": -134,
        "period": "2024-09-30",
        "pretaxIncome": 1906,
        "provisionforIncomeTaxes": 371,
        "researchDevelopment": 751,
        "revenue": 20089,
        "sgaExpense": 1389,
        "totalOperatingExpense": 2006,
        "totalOtherIncomeExpenseNet": 381
      },
      {
        "costOfGoodsSold": 16141,
        "dilutedAverageSharesOutstanding": 1342.1,
        "dilutedEPS": 0.08,
        "ebit": 529,
        "grossIncome": 3580,
        "interestExpense": 488,
        "interestIncomeExpense": -469,
        "minorityInterest": -64,
        "netIncome": 111,
        "netIncomeAfterTaxes": 175,
        "otherOperatingExpensesTotal": 896,
        "period": "2024-06-30",
        "pretaxIncome": 428,
        "provisionforIncomeTaxes": 253,
        "researchDevelopment": 706,
        "revenue": 19721,
        "sgaExpense": 1449,
        "totalOperatingExpense": 3051,
        "totalOtherIncomeExpenseNet": 368
      },
      {
        "costOfGoodsSold": 15744,
        "dilutedAverageSharesOutstanding": 1337.3,
        "dilutedEPS": 1.28,
        "ebit": 1470,
        "grossIncome": 3561,
        "interestExpense": 420,
        "interestIncomeExpense": -409,
        "minorityInterest": -34,
        "netIncome": 1709,
        "netIncomeAfterTaxes": 1743,
        "nonRecurringItems": 400,
        "otherOperatingExpensesTotal": 28,
        "period": "2024-03-31",
        "pretaxIncome": 1851,
        "provisionforIncomeTaxes": 108,
        "researchDevelopment": 669,
        "revenue": 19305,
        "sgaExpense": 1394,
        "totalOperatingExpense": 2091,
        "totalOtherIncomeExpenseNet": 390
      },
      {
        "costOfGoodsSold": 15918,
        "dilutedAverageSharesOutstanding": 1343.9,
        "dilutedEPS": 1.06,
        "ebit": 1777,
        "grossIncome": 4009,
        "interestExpense": 551,
        "interestIncomeExpense": -497,
        "minorityInterest": -47,
        "netIncome": 1426,
        "netIncomeAfterTaxes": 1473,
        "nonRecurringItems": 0,
        "otherOperatingExpensesTotal": 30,
        "period": "2023-12-31",
        "pretaxIncome": 1735,
        "provisionforIncomeTaxes": 262,
        "researchDevelopment": 757,
        "revenue": 19927,
        "sgaExpense": 1445,
        "totalOperatingExpense": 2232,
        "totalOtherIncomeExpenseNet": 455
      },
      {
        "costOfGoodsSold": 12750,
        "dilutedAverageSharesOutstanding": 1448.1,
        "dilutedEPS": -0.68,
        "ebit": -1396,
        "grossIncome": 714,
        "interestExpense": 391,
        "interestIncomeExpense": -372,
        "minorityInterest": -51,
        "netIncome": -984,
        "netIncomeAfterTaxes": -933,
        "otherOperatingExpensesTotal": -3,
        "period": "2023-09-30",
        "pretaxIncome": -1322,
        "provisionforIncomeTaxes": -389,
        "researchDevelopment": 712,
        "revenue": 13464,
        "sgaExpense": 1401,
        "totalOperatingExpense": 2110,
        "totalOtherIncomeExpenseNet": 446
      },
      {
        "costOfGoodsSold": 14518,
        "dilutedAverageSharesOutstanding": 1468.7,
        "dilutedEPS": 0.9,
        "ebit": 1493,
        "grossIncome": 3797,
        "interestExpense": 372,
        "interestIncomeExpense": -355,
        "minorityInterest": -32,
        "netIncome": 1327,
        "netIncomeAfterTaxes": 1359,
        "otherOperatingExpensesTotal": -25,
        "period": "2023-06-30",
        "pretaxIncome": 1607,
        "provisionforIncomeTaxes": 248,
        "researchDevelopment": 729,
        "revenue": 18315,
        "sgaExpense": 1600,
        "totalOperatingExpense": 2304,
        "totalOtherIncomeExpenseNet": 469
      },
      {
        "costOfGoodsSold": 13645,
        "dilutedAverageSharesOutstanding": 1474.2,
        "dilutedEPS": 0.97,
        "ebit": 1652,
        "grossIncome": 3569,
        "interestExpense": 339,
        "interestIncomeExpense": -329,
        "minorityInterest": -55,
        "netIncome": 1426,
        "netIncomeAfterTaxes": 1481,
        "otherOperatingExpensesTotal": -88,
        "period": "2023-03-31",
        "pretaxIncome": 1781,
        "provisionforIncomeTaxes": 300,
        "researchDevelopment": 607,
        "revenue": 17214,
        "sgaExpense": 1398,
        "totalOperatingExpense": 1917,
        "totalOtherIncomeExpenseNet": 458
      },
      {
        "costOfGoodsSold": 14526,
        "dilutedAverageSharesOutstanding": 1476.9,
        "dilutedEPS": 0.96,
        "ebit": 1491,
        "grossIncome": 3567,
        "interestExpense": 332,
        "interestIncomeExpense": -316,
        "minorityInterest": -46,
        "netIncome": 1422,
        "netIncomeAfterTaxes": 1468,
        "nonRecurringItems": 0,
        "otherOperatingExpensesTotal": -29,
        "period": "2022-12-31",
        "pretaxIncome": 1640,
        "provisionforIncomeTaxes": 172,
        "researchDevelopment": 716,
        "revenue": 18093,
        "sgaExpense": 1389,
        "totalOperatingExpense": 2076,
        "totalOtherIncomeExpenseNet": 465
      },
      {
        "costOfGoodsSold": 13464,
        "dilutedAverageSharesOutstanding": 1479.3,
        "dilutedEPS": 0.94,
        "ebit": 1520,
        "grossIncome": 3487,
        "interestExpense": 326,
        "interestIncomeExpense": -316,
        "minorityInterest": -8,
        "netIncome": 1387,
        "netIncomeAfterTaxes": 1395,
        "otherOperatingExpensesTotal": -46,
        "period": "2022-09-30",
        "pretaxIncome": 1677,
        "provisionforIncomeTaxes": 282,
        "researchDevelopment": 662,
        "revenue": 16951,
        "sgaExpense": 1351,
        "totalOperatingExpense": 1967,
        "totalOtherIncomeExpenseNet": 473
      },
      {
        "costOfGoodsSold": 12856,
        "dilutedAverageSharesOutstanding": 1489.6,
        "dilutedEPS": 0.88,
        "ebit": 1353,
        "grossIncome": 3458,
        "interestExpense": 320,
        "interestIncomeExpense": -307,
        "minorityInterest": -34,
        "netIncome": 1304,
        "netIncomeAfterTaxes": 1338,
        "otherOperatingExpensesTotal": -17,
        "period": "2022-06-30",
        "pretaxIncome": 1498,
        "provisionforIncomeTaxes": 160,
        "researchDevelopment": 698,
        "revenue": 16314,
        "sgaExpense": 1424,
        "totalOperatingExpense": 2105,
        "totalOtherIncomeExpenseNet": 452
      },
      {
        "costOfGoodsSold": 12560,
        "dilutedAverageSharesOutstanding": 1497.9,
        "dilutedEPS": 0.74,
        "ebit": 1080,
        "grossIncome": 3156,
        "interestExpense": 322,
        "interestIncomeExpense": -291,
        "minorityInterest": -23,
        "netIncome": 1084,
        "netIncomeAfterTaxes": 1126,
        "otherOperatingExpensesTotal": -28,
        "period": "2022-03-31",
        "pretaxIncome": 1242,
        "provisionforIncomeTaxes": 116,
        "researchDevelopment": 635,
        "revenue": 15716,
        "sgaExpense": 1469,
        "totalOperatingExpense": 2076,
        "totalOtherIncomeExpenseNet": 453
      },
      {
        "costOfGoodsSold": 13616,
        "dilutedAverageSharesOutstanding": 1524.44,
        "dilutedEPS": 0.45,
        "ebit": 1498,
        "grossIncome": 3428,
        "interestExpense": 260,
        "interestIncomeExpense": -248,
        "minorityInterest": -86,
        "netIncome": 686,
        "netIncomeAfterTaxes": 771,
        "nonRecurringItems": -649,
        "otherOperatingExpensesTotal": -109,
        "period": "2021-12-31",
        "pretaxIncome": 1045,
        "provisionforIncomeTaxes": 274,
        "researchDevelopment": 810,
        "revenue": 17044,
        "sgaExpense": 1229,
        "totalOperatingExpense": 1930,
        "totalOtherIncomeExpenseNet": 444
      },
      {
        "costOfGoodsSold": 13085,
        "dilutedAverageSharesOutstanding": 1505.9,
        "dilutedEPS": 0.93,
        "ebit": 1362,
        "grossIncome": 3128,
        "interestExpense": 367,
        "interestIncomeExpense": -358,
        "minorityInterest": -73,
        "netIncome": 1393,
        "netIncomeAfterTaxes": 1473,
        "nonRecurringItems": -19,
        "otherOperatingExpensesTotal": -124,
        "period": "2021-09-30",
        "pretaxIncome": 1476,
        "provisionforIncomeTaxes": 3,
        "researchDevelopment": 676,
        "revenue": 16213,
        "sgaExpense": 1214,
        "totalOperatingExpense": 1766,
        "totalOtherIncomeExpenseNet": 491
      },
      {
        "costOfGoodsSold": 12654,
        "dilutedAverageSharesOutstanding": 1513.5,
        "dilutedEPS": 0.69,
        "ebit": 1338,
        "grossIncome": 3226,
        "interestExpense": 346,
        "interestIncomeExpense": -342,
        "minorityInterest": -48,
        "netIncome": 1032,
        "netIncomeAfterTaxes": 1088,
        "nonRecurringItems": -56,
        "otherOperatingExpensesTotal": -82,
        "period": "2021-06-30",
        "pretaxIncome": 1430,
        "provisionforIncomeTaxes": 342,
        "researchDevelopment": 657,
        "revenue": 15880,
        "sgaExpense": 1313,
        "totalOperatingExpense": 1888,
        "totalOtherIncomeExpenseNet": 490
      },
      {
        "costOfGoodsSold": 12517,
        "dilutedAverageSharesOutstanding": 1514.1,
        "dilutedEPS": 0.51,
        "ebit": 1056,
        "grossIncome": 2734,
        "interestExpense": 357,
        "interestIncomeExpense": -346,
        "minorityInterest": -41,
        "netIncome": 753,
        "netIncomeAfterTaxes": 813,
        "nonRecurringItems": -43,
        "otherOperatingExpensesTotal": -108,
        "period": "2021-03-31",
        "pretaxIncome": 1158,
        "provisionforIncomeTaxes": 345,
        "researchDevelopment": 589,
        "revenue": 15251,
        "sgaExpense": 1197,
        "totalOperatingExpense": 1678,
        "totalOtherIncomeExpenseNet": 491
      },
      {
        "costOfGoodsSold": 14199,
        "dilutedAverageSharesOutstanding": 1497.3,
        "dilutedEPS": 0.1,
        "ebit": 230,
        "grossIncome": 2220,
        "interestExpense": 367,
        "interestIncomeExpense": -349,
        "minorityInterest": -69,
        "netIncome": 135,
        "netIncomeAfterTaxes": 215,
        "nonRecurringItems": -92,
        "otherOperatingExpensesTotal": -50,
        "period": "2020-12-31",
        "pretaxIncome": 37,
        "provisionforIncomeTaxes": -178,
        "researchDevelopment": 710,
        "revenue": 16419,
        "sgaExpense": 1330,
        "totalOperatingExpense": 1990,
        "totalOtherIncomeExpenseNet": 248
      },
      {
        "costOfGoodsSold": 12862,
        "dilutedAverageSharesOutstanding": 1514.2,
        "dilutedEPS": 0.17,
        "ebit": 679,
        "grossIncome": 1885,
        "interestExpense": 356,
        "interestIncomeExpense": -350,
        "minorityInterest": -34,
        "netIncome": 264,
        "netIncomeAfterTaxes": 185,
        "nonRecurringItems": -250,
        "otherOperatingExpensesTotal": -734,
        "period": "2020-09-30",
        "pretaxIncome": 337,
        "provisionforIncomeTaxes": 152,
        "researchDevelopment": 642,
        "revenue": 14747,
        "sgaExpense": 1298,
        "totalOperatingExpense": 1206,
        "totalOtherIncomeExpenseNet": 258
      },
      {
        "costOfGoodsSold": 12031,
        "dilutedAverageSharesOutstanding": 1501.3,
        "dilutedEPS": -2.56,
        "ebit": -150,
        "grossIncome": 2030,
        "interestExpense": 346,
        "interestIncomeExpense": -335,
        "minorityInterest": -24,
        "netIncome": -3835,
        "netIncomeAfterTaxes": -3820,
        "nonRecurringItems": -3610,
        "otherOperatingExpensesTotal": -82,
        "period": "2020-06-30",
        "pretaxIncome": -3858,
        "provisionforIncomeTaxes": -38,
        "researchDevelopment": 695,
        "revenue": 14061,
        "sgaExpense": 1567,
        "totalOperatingExpense": 2180,
        "totalOtherIncomeExpenseNet": 237
      },
      {
        "costOfGoodsSold": 8572,
        "dilutedAverageSharesOutstanding": 858.4,
        "dilutedEPS": -0.09,
        "ebit": 1295,
        "grossIncome": 2788,
        "interestExpense": 339,
        "interestIncomeExpense": -332,
        "minorityInterest": -54,
        "netIncome": -83,
        "netIncomeAfterTaxes": 492,
        "otherOperatingExpensesTotal": -19,
        "period": "2020-03-31",
        "pretaxIncome": 1131,
        "provisionforIncomeTaxes": 639,
        "researchDevelopment": 535,
        "revenue": 11360,
        "sgaExpense": 977,
        "totalOperatingExpense": 1493,
        "totalOtherIncomeExpenseNet": 168
      },
      {
        "costOfGoodsSold": 9116,
        "dilutedAverageSharesOutstanding": 866.9,
        "dilutedEPS": 1.31,
        "ebit": 956,
        "grossIncome": 2578,
        "interestExpense": 436,
        "interestIncomeExpense": -417,
        "minorityInterest": -74,
        "netIncome": 1143,
        "netIncomeAfterTaxes": 731,
        "nonRecurringItems": 0,
        "otherOperatingExpensesTotal": -85,
        "period": "2019-12-31",
        "pretaxIncome": 687,
        "provisionforIncomeTaxes": -44,
        "researchDevelopment": 668,
        "revenue": 11694,
        "sgaExpense": 1039,
        "totalOperatingExpense": 1622,
        "totalOtherIncomeExpenseNet": 148
      },
      {
        "costOfGoodsSold": 8509,
        "dilutedAverageSharesOutstanding": 864.1,
        "dilutedEPS": 1.32,
        "ebit": 1430,
        "grossIncome": 2864,
        "interestExpense": 424,
        "interestIncomeExpense": -402,
        "minorityInterest": -53,
        "netIncome": 1148,
        "netIncomeAfterTaxes": 1011,
        "nonRecurringItems": 0,
        "otherOperatingExpensesTotal": -60,
        "period": "2019-09-30",
        "pretaxIncome": 1317,
        "provisionforIncomeTaxes": 306,
        "researchDevelopment": 592,
        "revenue": 11373,
        "sgaExpense": 902,
        "totalOperatingExpense": 1434,
        "totalOtherIncomeExpenseNet": 289
      },
      {
        "costOfGoodsSold": 8554,
        "dilutedAverageSharesOutstanding": 863.7,
        "dilutedEPS": 2.19,
        "ebit": 1386,
        "grossIncome": 2775,
        "interestExpense": 420,
        "interestIncomeExpense": -352,
        "minorityInterest": -45,
        "netIncome": 1900,
        "netIncomeAfterTaxes": 1228,
        "nonRecurringItems": 0,
        "otherOperatingExpensesTotal": -118,
        "period": "2019-06-30",
        "pretaxIncome": 1234,
        "provisionforIncomeTaxes": 6,
        "researchDevelopment": 605,
        "revenue": 11329,
        "sgaExpense": 902,
        "totalOperatingExpense": 1389,
        "totalOtherIncomeExpenseNet": 200
      },
      {
        "costOfGoodsSold": 8419,
        "dilutedAverageSharesOutstanding": 863,
        "dilutedEPS": 1.55,
        "ebit": 1142,
        "grossIncome": 2534,
        "interestExpense": 431,
        "interestIncomeExpense": -420,
        "minorityInterest": -49,
        "netIncome": 1346,
        "netIncomeAfterTaxes": 761,
        "nonRecurringItems": 0,
        "otherOperatingExpensesTotal": -63,
        "period": "2019-03-31",
        "pretaxIncome": 914,
        "provisionforIncomeTaxes": 153,
        "researchDevelopment": 587,
        "revenue": 10953,
        "sgaExpense": 868,
        "totalOperatingExpense": 1392,
        "totalOtherIncomeExpenseNet": 192
      },
      {
        "costOfGoodsSold": -8661,
        "dilutedAverageSharesOutstanding": 856.404,
        "dilutedEPS": 0.8,
        "ebit": -3953,
        "grossIncome": -5095,
        "interestExpense": 345,
        "interestIncomeExpense": -311,
        "minorityInterest": 83,
        "netIncome": 686,
        "netIncomeAfterTaxes": -2758,
        "nonRecurringItems": 190,
        "otherOperatingExpensesTotal": 920,
        "period": "2018-12-31",
        "pretaxIncome": -3988,
        "provisionforIncomeTaxes": -1230,
        "researchDevelopment": 149,
        "revenue": -13756,
        "sgaExpense": -2211,
        "totalOperatingExpense": -1142,
        "totalOtherIncomeExpenseNet": 86
      },
      {
        "costOfGoodsSold": 12510,
        "dilutedAverageSharesOutstanding": 801.8,
        "dilutedEPS": 1.55,
        "ebit": 1859,
        "grossIncome": 4000,
        "interestExpense": 323,
        "interestIncomeExpense": -242,
        "minorityInterest": -111,
        "netIncome": 1238,
        "netIncomeAfterTaxes": 1355,
        "nonRecurringItems": -37,
        "otherOperatingExpensesTotal": -115,
        "period": "2018-09-30",
        "pretaxIncome": 1768,
        "provisionforIncomeTaxes": 413,
        "researchDevelopment": 586,
        "revenue": 16510,
        "sgaExpense": 1670,
        "totalOperatingExpense": 2141,
        "totalOtherIncomeExpenseNet": 188
      },
      {
        "costOfGoodsSold": 12375,
        "dilutedAverageSharesOutstanding": 799.6,
        "dilutedEPS": 2.56,
        "ebit": 2939,
        "grossIncome": 4330,
        "interestExpense": 258,
        "interestIncomeExpense": -215,
        "minorityInterest": -91,
        "netIncome": 2048,
        "netIncomeAfterTaxes": 2141,
        "nonRecurringItems": -84,
        "otherOperatingExpensesTotal": -922,
        "period": "2018-06-30",
        "pretaxIncome": 2834,
        "provisionforIncomeTaxes": 693,
        "researchDevelopment": 589,
        "revenue": 16705,
        "sgaExpense": 1724,
        "totalOperatingExpense": 1391,
        "totalOtherIncomeExpenseNet": 194
      },
      {
        "costOfGoodsSold": 11241,
        "dilutedAverageSharesOutstanding": 800.4,
        "dilutedEPS": 1.62,
        "ebit": 1946,
        "grossIncome": 4001,
        "interestExpense": 256,
        "interestIncomeExpense": -178,
        "minorityInterest": -71,
        "netIncome": 1297,
        "netIncomeAfterTaxes": 1412,
        "nonRecurringItems": -69,
        "otherOperatingExpensesTotal": -180,
        "period": "2018-03-31",
        "pretaxIncome": 1890,
        "provisionforIncomeTaxes": 478,
        "researchDevelopment": 554,
        "revenue": 15242,
        "sgaExpense": 1681,
        "totalOperatingExpense": 2055,
        "totalOtherIncomeExpenseNet": 191
      },
      {
        "costOfGoodsSold": 11981,
        "dilutedAverageSharesOutstanding": 798.2,
        "dilutedEPS": 0.49,
        "ebit": 1391,
        "grossIncome": 3699,
        "interestExpense": 272,
        "interestIncomeExpense": -220,
        "minorityInterest": -89,
        "netIncome": 397,
        "netIncomeAfterTaxes": 1176,
        "otherOperatingExpensesTotal": -236,
        "period": "2017-12-31",
        "pretaxIncome": 1705,
        "provisionforIncomeTaxes": 529,
        "researchDevelopment": 659,
        "revenue": 15680,
        "sgaExpense": 1885,
        "totalOperatingExpense": 2308,
        "totalOtherIncomeExpenseNet": 534
      },
      {
        "costOfGoodsSold": 11012,
        "dilutedAverageSharesOutstanding": 797.1,
        "dilutedEPS": 1.67,
        "ebit": 2218,
        "grossIncome": 4050,
        "interestExpense": 258,
        "interestIncomeExpense": -213,
        "minorityInterest": -104,
        "netIncome": 1330,
        "netIncomeAfterTaxes": 1434,
        "nonRecurringItems": -65,
        "otherOperatingExpensesTotal": -240,
        "period": "2017-09-30",
        "pretaxIncome": 1940,
        "provisionforIncomeTaxes": 506,
        "researchDevelopment": 582,
        "revenue": 15062,
        "sgaExpense": 1490,
        "totalOperatingExpense": 1832
      },
      {
        "costOfGoodsSold": 11071,
        "dilutedAverageSharesOutstanding": 798.2,
        "dilutedEPS": 1.8,
        "ebit": 2322,
        "grossIncome": 4209,
        "interestExpense": 251,
        "interestIncomeExpense": -198,
        "minorityInterest": -93,
        "netIncome": 1439,
        "netIncomeAfterTaxes": 1532,
        "nonRecurringItems": -60,
        "otherOperatingExpensesTotal": -229,
        "period": "2017-06-30",
        "pretaxIncome": 2064,
        "provisionforIncomeTaxes": 532,
        "researchDevelopment": 609,
        "revenue": 15280,
        "sgaExpense": 1507,
        "totalOperatingExpense": 1887
      },
      {
        "costOfGoodsSold": 10056,
        "dilutedAverageSharesOutstanding": 802.3,
        "dilutedEPS": 1.73,
        "ebit": 2307,
        "grossIncome": 3759,
        "interestExpense": 236,
        "interestIncomeExpense": -201,
        "minorityInterest": -82,
        "netIncome": 1386,
        "netIncomeAfterTaxes": 1468,
        "nonRecurringItems": -52,
        "otherOperatingExpensesTotal": -576,
        "period": "2017-03-31",
        "pretaxIncome": 2054,
        "provisionforIncomeTaxes": 586,
        "researchDevelopment": 577,
        "revenue": 13815,
        "sgaExpense": 1451,
        "totalOperatingExpense": 1452
      },
      {
        "costOfGoodsSold": 10723,
        "dilutedAverageSharesOutstanding": 809,
        "dilutedEPS": 1.27,
        "ebit": 1645,
        "grossIncome": 3936,
        "interestExpense": 420,
        "interestIncomeExpense": -359,
        "minorityInterest": -100,
        "netIncome": 1013,
        "netIncomeAfterTaxes": 1124,
        "nonRecurringItems": -13,
        "otherOperatingExpensesTotal": -178,
        "period": "2016-12-31",
        "pretaxIncome": 1273,
        "provisionforIncomeTaxes": 149,
        "researchDevelopment": 626,
        "revenue": 14659,
        "sgaExpense": 1843,
        "totalOperatingExpense": 2291
      },
      {
        "costOfGoodsSold": 10342,
        "dilutedAverageSharesOutstanding": 831.2,
        "dilutedEPS": 1.78,
        "ebit": 2235,
        "grossIncome": 4012,
        "interestExpense": 252,
        "interestIncomeExpense": -206,
        "minorityInterest": -91,
        "netIncome": 1480,
        "netIncomeAfterTaxes": 1534,
        "nonRecurringItems": -3,
        "otherOperatingExpensesTotal": -192,
        "period": "2016-09-30",
        "pretaxIncome": 2026,
        "provisionforIncomeTaxes": 492,
        "researchDevelopment": 582,
        "revenue": 14354,
        "sgaExpense": 1387,
        "totalOperatingExpense": 1777
      },
      {
        "costOfGoodsSold": 10741,
        "dilutedAverageSharesOutstanding": 833.6,
        "dilutedEPS": 1.65,
        "ebit": 2322,
        "grossIncome": 4133,
        "interestExpense": 248,
        "interestIncomeExpense": -210,
        "minorityInterest": -99,
        "netIncome": 1379,
        "netIncomeAfterTaxes": 1525,
        "otherOperatingExpensesTotal": -228,
        "period": "2016-06-30",
        "pretaxIncome": 2112,
        "provisionforIncomeTaxes": 587,
        "researchDevelopment": 588,
        "revenue": 14874,
        "sgaExpense": 1451,
        "totalOperatingExpense": 1811
      },
      {
        "costOfGoodsSold": 9654,
        "dilutedAverageSharesOutstanding": 831.3,
        "dilutedEPS": 1.41,
        "ebit": 1930,
        "grossIncome": 3703,
        "interestExpense": 241,
        "interestIncomeExpense": -208,
        "minorityInterest": -81,
        "netIncome": 1183,
        "netIncomeAfterTaxes": 1253,
        "otherOperatingExpensesTotal": -131,
        "period": "2016-03-31",
        "pretaxIncome": 1722,
        "provisionforIncomeTaxes": 469,
        "researchDevelopment": 541,
        "revenue": 13357,
        "sgaExpense": 1363,
        "totalOperatingExpense": 1773
      },
      {
        "costOfGoodsSold": 10574,
        "dilutedAverageSharesOutstanding": 844.5,
        "dilutedEPS": 3.88,
        "ebit": 581,
        "grossIncome": 3726,
        "interestExpense": 238,
        "interestIncomeExpense": -204,
        "minorityInterest": -79,
        "netIncome": 3278,
        "netIncomeAfterTaxes": -177,
        "nonRecurringItems": -191,
        "otherOperatingExpensesTotal": 1021,
        "period": "2015-12-31",
        "pretaxIncome": 186,
        "provisionforIncomeTaxes": 363,
        "researchDevelopment": 611,
        "revenue": 14300,
        "sgaExpense": 1513,
        "totalOperatingExpense": 3145
      },
      {
        "costOfGoodsSold": 9781,
        "dilutedAverageSharesOutstanding": 885,
        "dilutedEPS": 1.53,
        "ebit": 2387,
        "grossIncome": 4007,
        "interestExpense": 223,
        "interestIncomeExpense": -219,
        "minorityInterest": -100,
        "netIncome": 1362,
        "netIncomeAfterTaxes": 1526,
        "nonRecurringItems": -50,
        "otherOperatingExpensesTotal": -254,
        "period": "2015-09-30",
        "pretaxIncome": 2118,
        "provisionforIncomeTaxes": 592,
        "researchDevelopment": 546,
        "revenue": 13788,
        "sgaExpense": 1328,
        "totalOperatingExpense": 1620
      }
    ],
    "symbol": "RTX"
  }
}