{
  "symbol": "V",
  "statement": "ic",
  "frequency": "annual",
  "timestamp": "2025-09-19T14:08:23.926813",
  "data": {
    "financials": [
      {
        "costOfGoodsSold": 7042,
        "depreciationAmortization": 1034,
        "dilutedAverageSharesOutstanding": 2029,
        "dilutedEPS": 9.58,
        "ebit": 24057,
        "grossIncome": 28884,
        "interestExpense": 641,
        "interestIncomeExpense": 307,
        "netIncome": 19457,
        "netIncomeAfterTaxes": 19743,
        "nonRecurringItems": -462,
        "period": "2024-09-30",
        "pretaxIncome": 23916,
        "provisionforIncomeTaxes": 4173,
        "revenue": 35926,
        "sgaExpense": 3793,
        "totalOperatingExpense": 4827,
        "totalOtherIncomeExpenseNet": 14,
        "year": 2024
      },
      {
        "costOfGoodsSold": 6567,
        "depreciationAmortization": 943,
        "dilutedAverageSharesOutstanding": 2085,
        "dilutedEPS": 8.14,
        "ebit": 21927,
        "grossIncome": 26086,
        "interestExpense": 644,
        "interestIncomeExpense": 19,
        "netIncome": 16989,
        "netIncomeAfterTaxes": 17273,
        "nonRecurringItems": -927,
        "period": "2023-09-30",
        "pretaxIncome": 21037,
        "provisionforIncomeTaxes": 3764,
        "revenue": 32653,
        "sgaExpense": 3216,
        "totalOperatingExpense": 4159,
        "totalOtherIncomeExpenseNet": 18,
        "year": 2023
      },
      {
        "costOfGoodsSold": 5708,
        "depreciationAmortization": 861,
        "dilutedAverageSharesOutstanding": 2136,
        "dilutedEPS": 6.84,
        "ebit": 19741,
        "grossIncome": 23602,
        "interestExpense": 538,
        "interestIncomeExpense": -765,
        "netIncome": 14630,
        "netIncomeAfterTaxes": 14957,
        "nonRecurringItems": -928,
        "period": "2022-09-30",
        "pretaxIncome": 18136,
        "provisionforIncomeTaxes": 3179,
        "revenue": 29310,
        "sgaExpense": 3000,
        "totalOperatingExpense": 3861,
        "totalOtherIncomeExpenseNet": 88,
        "year": 2022
      },
      {
        "costOfGoodsSold": 4970,
        "depreciationAmortization": 804,
        "dilutedAverageSharesOutstanding": 2188,
        "dilutedEPS": 5.48,
        "ebit": 15807,
        "grossIncome": 19135,
        "interestExpense": 513,
        "interestIncomeExpense": 218,
        "netIncome": 12008,
        "netIncomeAfterTaxes": 12311,
        "nonRecurringItems": -3,
        "period": "2021-09-30",
        "pretaxIncome": 16063,
        "provisionforIncomeTaxes": 3752,
        "revenue": 24105,
        "sgaExpense": 2524,
        "totalOperatingExpense": 3328,
        "totalOtherIncomeExpenseNet": 41,
        "year": 2021
      },
      {
        "costOfGoodsSold": 4512,
        "depreciationAmortization": 767,
        "dilutedAverageSharesOutstanding": 2223,
        "dilutedEPS": 4.71,
        "ebit": 14092,
        "grossIncome": 17334,
        "interestExpense": 516,
        "interestIncomeExpense": -316,
        "netIncome": 10475,
        "netIncomeAfterTaxes": 10866,
        "nonRecurringItems": -11,
        "period": "2020-09-30",
        "pretaxIncome": 13790,
        "provisionforIncomeTaxes": 2924,
        "revenue": 21846,
        "sgaExpense": 2475,
        "totalOperatingExpense": 3242,
        "totalOtherIncomeExpenseNet": 25,
        "year": 2020
      },
      {
        "costOfGoodsSold": 4165,
        "depreciationAmortization": 656,
        "dilutedAverageSharesOutstanding": 2272,
        "dilutedEPS": 5.12,
        "ebit": 15401,
        "grossIncome": 18812,
        "interestExpense": 533,
        "interestIncomeExpense": -533,
        "netIncome": 11650,
        "netIncomeAfterTaxes": 12080,
        "nonRecurringItems": -400,
        "period": "2019-09-30",
        "pretaxIncome": 14884,
        "provisionforIncomeTaxes": 2804,
        "revenue": 22977,
        "sgaExpense": 2755,
        "totalOperatingExpense": 3411,
        "totalOtherIncomeExpenseNet": 416,
        "year": 2019
      },
      {
        "costOfGoodsSold": 3856,
        "depreciationAmortization": 613,
        "dilutedAverageSharesOutstanding": 2329,
        "dilutedEPS": 4.26,
        "ebit": 13561,
        "grossIncome": 16753,
        "interestExpense": 612,
        "interestIncomeExpense": -612,
        "netIncome": 9942,
        "netIncomeAfterTaxes": 10315,
        "nonRecurringItems": -607,
        "period": "2018-09-30",
        "pretaxIncome": 12806,
        "provisionforIncomeTaxes": 2491,
        "revenue": 20609,
        "sgaExpense": 2579,
        "totalOperatingExpense": 3192,
        "totalOtherIncomeExpenseNet": 464,
        "year": 2018
      },
      {
        "costOfGoodsSold": 3248,
        "depreciationAmortization": 556,
        "dilutedAverageSharesOutstanding": 2395,
        "dilutedEPS": 2.7,
        "ebit": 12163,
        "grossIncome": 15110,
        "interestExpense": 563,
        "interestIncomeExpense": -563,
        "netIncome": 6467,
        "netIncomeAfterTaxes": 6699,
        "nonRecurringItems": -19,
        "period": "2017-09-30",
        "pretaxIncome": 11694,
        "provisionforIncomeTaxes": 4995,
        "revenue": 18358,
        "sgaExpense": 2391,
        "totalOperatingExpense": 2947,
        "totalOtherIncomeExpenseNet": 113,
        "year": 2017
      },
      {
        "costOfGoodsSold": 2764,
        "depreciationAmortization": 502,
        "dilutedAverageSharesOutstanding": 2414,
        "dilutedEPS": 2.45,
        "ebit": 9762,
        "grossIncome": 12318,
        "interestExpense": 427,
        "interestIncomeExpense": -427,
        "netIncome": 5929,
        "netIncomeAfterTaxes": 5991,
        "nonRecurringItems": -1879,
        "period": "2016-09-30",
        "pretaxIncome": 8012,
        "provisionforIncomeTaxes": 2021,
        "revenue": 15082,
        "sgaExpense": 2054,
        "totalOperatingExpense": 2556,
        "totalOtherIncomeExpenseNet": 556,
        "year": 2016
      },
      {
        "costOfGoodsSold": 2553,
        "depreciationAmortization": 494,
        "dilutedAverageSharesOutstanding": 2457,
        "dilutedEPS": 2.58,
        "ebit": 9078,
        "grossIncome": 11327,
        "netIncome": 6313,
        "netIncomeAfterTaxes": 6328,
        "nonRecurringItems": -14,
        "period": "2015-09-30",
        "pretaxIncome": 8995,
        "provisionforIncomeTaxes": 2667,
        "revenue": 13880,
        "sgaExpense": 1755,
        "totalOperatingExpense": 2249,
        "totalOtherIncomeExpenseNet": -69,
        "year": 2015
      }
    ],
    "symbol": "V"
  }
}