{
  "symbol": "TTD",
  "statement": "ic",
  "frequency": "annual",
  "timestamp": "2025-09-19T14:07:36.259943",
  "data": {
    "financials": [
      {
        "costOfGoodsSold": 472.012,
        "dilutedAverageSharesOutstanding": 501.924,
        "dilutedEPS": 0.7831,
        "ebit": 427.167,
        "grossIncome": 1972.819,
        "interestIncomeExpense": 80.135,
        "netIncome": 393.076,
        "netIncomeAfterTaxes": 393.076,
        "period": "2024-12-31",
        "pretaxIncome": 507.302,
        "provisionforIncomeTaxes": 114.226,
        "researchDevelopment": 463.319,
        "revenue": 2444.831,
        "sgaExpense": 1082.333,
        "totalOperatingExpense": 1545.652,
        "totalOtherIncomeExpenseNet": 0,
        "year": 2024
      },
      {
        "costOfGoodsSold": 365.598,
        "dilutedAverageSharesOutstanding": 500.182,
        "dilutedEPS": 0.3578,
        "ebit": 200.48,
        "grossIncome": 1580.522,
        "interestIncomeExpense": 67.515,
        "netIncome": 178.94,
        "netIncomeAfterTaxes": 178.94,
        "period": "2023-12-31",
        "pretaxIncome": 267.995,
        "provisionforIncomeTaxes": 89.055,
        "researchDevelopment": 411.794,
        "revenue": 1946.12,
        "sgaExpense": 968.248,
        "totalOperatingExpense": 1380.042,
        "year": 2023
      },
      {
        "costOfGoodsSold": 281.1,
        "dilutedAverageSharesOutstanding": 499.9,
        "dilutedEPS": 0.11,
        "ebit": 113.7,
        "grossIncome": 1296.7,
        "interestIncomeExpense": 13.7,
        "netIncome": 53.4,
        "netIncomeAfterTaxes": 53.4,
        "period": "2022-12-31",
        "pretaxIncome": 127.4,
        "provisionforIncomeTaxes": 74,
        "researchDevelopment": 319.9,
        "revenue": 1577.8,
        "sgaExpense": 863.1,
        "totalOperatingExpense": 1183,
        "year": 2022
      },
      {
        "costOfGoodsSold": 221.6,
        "dilutedAverageSharesOutstanding": 498.5,
        "dilutedEPS": 0.28,
        "ebit": 124.8,
        "grossIncome": 974.9,
        "interestIncomeExpense": -2.8,
        "netIncome": 137.8,
        "netIncomeAfterTaxes": 137.8,
        "period": "2021-12-31",
        "pretaxIncome": 122,
        "provisionforIncomeTaxes": -15.7,
        "researchDevelopment": 226.1,
        "revenue": 1196.5,
        "sgaExpense": 624,
        "totalOperatingExpense": 850.1,
        "year": 2021
      },
      {
        "costOfGoodsSold": 178.8,
        "dilutedAverageSharesOutstanding": 489.9,
        "dilutedEPS": 0.49,
        "ebit": 144.2,
        "grossIncome": 657.2,
        "interestIncomeExpense": -0.3,
        "netIncome": 242.3,
        "netIncomeAfterTaxes": 242.3,
        "period": "2020-12-31",
        "pretaxIncome": 143.9,
        "provisionforIncomeTaxes": -98.4,
        "researchDevelopment": 166.7,
        "revenue": 836,
        "sgaExpense": 346.4,
        "totalOperatingExpense": 513,
        "year": 2020
      },
      {
        "costOfGoodsSold": 156.2,
        "dilutedAverageSharesOutstanding": 478.1,
        "dilutedEPS": 0.23,
        "ebit": 112.2,
        "grossIncome": 504.9,
        "interestIncomeExpense": 4,
        "netIncome": 108.3,
        "netIncomeAfterTaxes": 108.3,
        "period": "2019-12-31",
        "pretaxIncome": 116.2,
        "provisionforIncomeTaxes": 7.9,
        "researchDevelopment": 116.8,
        "revenue": 661.1,
        "sgaExpense": 275.9,
        "totalOperatingExpense": 392.7,
        "year": 2019
      },
      {
        "costOfGoodsSold": 114.1,
        "dilutedAverageSharesOutstanding": 457.9,
        "dilutedEPS": 0.19,
        "ebit": 107.3,
        "grossIncome": 363.2,
        "interestExpense": 1.55,
        "interestIncomeExpense": -1.6,
        "netIncome": 88.1,
        "netIncomeAfterTaxes": 88.1,
        "period": "2018-12-31",
        "pretaxIncome": 105.7,
        "provisionforIncomeTaxes": 17.6,
        "researchDevelopment": 83.9,
        "revenue": 477.3,
        "sgaExpense": 172,
        "totalOperatingExpense": 255.9,
        "year": 2018
      },
      {
        "costOfGoodsSold": 66.2,
        "dilutedAverageSharesOutstanding": 440.6,
        "dilutedEPS": 0.12,
        "ebit": 69.4,
        "grossIncome": 242,
        "interestExpense": 1.791,
        "interestIncomeExpense": -5.7,
        "netIncome": 50.8,
        "netIncomeAfterTaxes": 51.4,
        "period": "2017-12-31",
        "pretaxIncome": 63.6,
        "provisionforIncomeTaxes": 12.2,
        "researchDevelopment": 52.8,
        "revenue": 308.2,
        "sgaExpense": 119.8,
        "totalOperatingExpense": 172.7,
        "year": 2017
      },
      {
        "costOfGoodsSold": 39.9,
        "dilutedAverageSharesOutstanding": 391.3,
        "dilutedEPS": -0.07,
        "ebit": 57.5,
        "grossIncome": 163.1,
        "interestExpense": 3.075,
        "interestIncomeExpense": -13.7,
        "netIncome": -26.7,
        "netIncomeAfterTaxes": 20.5,
        "period": "2016-12-31",
        "pretaxIncome": 43.8,
        "provisionforIncomeTaxes": 23.4,
        "researchDevelopment": 27.3,
        "revenue": 202.9,
        "sgaExpense": 78.2,
        "totalOperatingExpense": 105.5,
        "year": 2016
      },
      {
        "costOfGoodsSold": 23,
        "dilutedAverageSharesOutstanding": 324,
        "dilutedEPS": 0.03,
        "ebit": 38,
        "grossIncome": 90.9,
        "interestExpense": 1.141,
        "interestIncomeExpense": -8.1,
        "netIncome": 8.8,
        "netIncomeAfterTaxes": 15.9,
        "period": "2015-12-31",
        "pretaxIncome": 29.9,
        "provisionforIncomeTaxes": 13.9,
        "researchDevelopment": 12.8,
        "revenue": 113.8,
        "sgaExpense": 40.1,
        "totalOperatingExpense": 52.9,
        "year": 2015
      }
    ],
    "symbol": "TTD"
  }
}