{
  "symbol": "TTWO",
  "statement": "ic",
  "frequency": "quarterly",
  "timestamp": "2025-09-19T14:07:12.545877",
  "data": {
    "financials": [
      {
        "costOfGoodsSold": 563.4,
        "depreciationAmortization": 50.4,
        "dilutedAverageSharesOutstanding": 180.8,
        "dilutedEPS": -0.07,
        "ebit": 12.8,
        "grossIncome": 940.4,
        "interestExpense": 36.5,
        "interestIncomeExpense": -35.4,
        "netIncome": -11.9,
        "netIncomeAfterTaxes": -11.9,
        "nonRecurringItems": 8.8,
        "period": "2025-06-30",
        "pretaxIncome": -13.8,
        "provisionforIncomeTaxes": -1.9,
        "researchDevelopment": 261.4,
        "revenue": 1503.8,
        "sgaExpense": 615.8,
        "totalOperatingExpense": 927.6
      },
      {
        "costOfGoodsSold": 738,
        "depreciationAmortization": 95,
        "dilutedAverageSharesOutstanding": 176.9,
        "dilutedEPS": -21.06,
        "ebit": -173.4,
        "grossIncome": 844.5,
        "interestExpense": 51.2,
        "interestIncomeExpense": -25,
        "netIncome": -3726.2,
        "netIncomeAfterTaxes": -3726.2,
        "nonRecurringItems": -3603.5,
        "period": "2025-03-31",
        "pretaxIncome": -3801.9,
        "provisionforIncomeTaxes": -75.7,
        "researchDevelopment": 290.6,
        "revenue": 1582.5,
        "sgaExpense": 632.3,
        "totalOperatingExpense": 1017.9
      },
      {
        "costOfGoodsSold": 598.4,
        "depreciationAmortization": 57.6,
        "dilutedAverageSharesOutstanding": 176,
        "dilutedEPS": -0.71,
        "ebit": -107.3,
        "grossIncome": 761.4,
        "interestExpense": 41,
        "interestIncomeExpense": -20.8,
        "netIncome": -125.2,
        "netIncomeAfterTaxes": -125.2,
        "nonRecurringItems": -24.8,
        "period": "2024-12-31",
        "pretaxIncome": -152.9,
        "provisionforIncomeTaxes": -27.7,
        "researchDevelopment": 233.8,
        "revenue": 1359.8,
        "sgaExpense": 577.3,
        "totalOperatingExpense": 868.7
      },
      {
        "costOfGoodsSold": 613.7,
        "depreciationAmortization": 56,
        "dilutedAverageSharesOutstanding": 175.4,
        "dilutedEPS": -2.08,
        "ebit": -268.3,
        "grossIncome": 739.4,
        "interestExpense": 40.8,
        "interestIncomeExpense": -27.1,
        "netIncome": -365.5,
        "netIncomeAfterTaxes": -365.5,
        "nonRecurringItems": -28.9,
        "period": "2024-09-30",
        "pretaxIncome": -324.3,
        "provisionforIncomeTaxes": 41.2,
        "researchDevelopment": 239.5,
        "revenue": 1353.1,
        "sgaExpense": 712.2,
        "totalOperatingExpense": 1007.7
      },
      {
        "costOfGoodsSold": 543.8,
        "depreciationAmortization": 53.6,
        "dilutedAverageSharesOutstanding": 172.3,
        "dilutedEPS": -1.52,
        "ebit": -106.1,
        "grossIncome": 794.4,
        "interestExpense": 34.3,
        "interestIncomeExpense": -27.3,
        "netIncome": -262,
        "netIncomeAfterTaxes": -262,
        "nonRecurringItems": -78.8,
        "period": "2024-06-30",
        "pretaxIncome": -212.2,
        "provisionforIncomeTaxes": 49.8,
        "researchDevelopment": 212.6,
        "revenue": 1338.2,
        "sgaExpense": 634.3,
        "totalOperatingExpense": 900.5
      },
      {
        "costOfGoodsSold": 537.8,
        "depreciationAmortization": 51.6,
        "dilutedAverageSharesOutstanding": 170.7,
        "dilutedEPS": -17.01,
        "ebit": -39.3,
        "grossIncome": 861.6,
        "interestExpense": 43.7,
        "interestIncomeExpense": -31.5,
        "netIncome": -2903,
        "netIncomeAfterTaxes": -2903,
        "nonRecurringItems": -2673.8,
        "period": "2024-03-31",
        "pretaxIncome": -2744.6,
        "provisionforIncomeTaxes": 158.4,
        "researchDevelopment": 230.3,
        "revenue": 1399.4,
        "sgaExpense": 619,
        "totalOperatingExpense": 900.9
      },
      {
        "costOfGoodsSold": 634.8,
        "depreciationAmortization": 51.4,
        "dilutedAverageSharesOutstanding": 170.3,
        "dilutedEPS": -0.54,
        "ebit": -76.1,
        "grossIncome": 731.5,
        "interestExpense": 31.1,
        "interestIncomeExpense": -22.8,
        "netIncome": -91.6,
        "netIncomeAfterTaxes": -91.6,
        "nonRecurringItems": -53.4,
        "period": "2023-12-31",
        "pretaxIncome": -152.3,
        "provisionforIncomeTaxes": -60.7,
        "researchDevelopment": 225.2,
        "revenue": 1366.3,
        "sgaExpense": 531,
        "totalOperatingExpense": 807.6
      },
      {
        "costOfGoodsSold": 660.6,
        "depreciationAmortization": 54.1,
        "dilutedAverageSharesOutstanding": 169.9,
        "dilutedEPS": -3.2,
        "ebit": -155.1,
        "grossIncome": 638.6,
        "interestExpense": 31.3,
        "interestIncomeExpense": -34,
        "netIncome": -543.6,
        "netIncomeAfterTaxes": -543.6,
        "nonRecurringItems": -387.9,
        "period": "2023-09-30",
        "pretaxIncome": -577,
        "provisionforIncomeTaxes": -33.4,
        "researchDevelopment": 227.1,
        "revenue": 1299.2,
        "sgaExpense": 512.5,
        "totalOperatingExpense": 793.7
      },
      {
        "costOfGoodsSold": 587.3,
        "depreciationAmortization": 93.9,
        "dilutedAverageSharesOutstanding": 169.4,
        "dilutedEPS": -1.22,
        "ebit": -186.1,
        "grossIncome": 697.4,
        "interestExpense": 34.5,
        "interestIncomeExpense": -31.6,
        "netIncome": -206,
        "netIncomeAfterTaxes": -206,
        "nonRecurringItems": -11.2,
        "period": "2023-06-30",
        "pretaxIncome": -228.9,
        "provisionforIncomeTaxes": -22.9,
        "researchDevelopment": 236.8,
        "revenue": 1284.7,
        "sgaExpense": 552.8,
        "totalOperatingExpense": 883.5
      },
      {
        "costOfGoodsSold": 1168.9,
        "depreciationAmortization": 124,
        "dilutedAverageSharesOutstanding": 168,
        "dilutedEPS": -3.63,
        "ebit": -636,
        "grossIncome": 277.3,
        "interestExpense": 50.7,
        "interestIncomeExpense": -28.2,
        "netIncome": -610.3,
        "netIncomeAfterTaxes": -610.3,
        "nonRecurringItems": -66.4,
        "period": "2023-03-31",
        "pretaxIncome": -730.6,
        "provisionforIncomeTaxes": -120.3,
        "researchDevelopment": 230,
        "revenue": 1446.2,
        "sgaExpense": 559.3,
        "totalOperatingExpense": 913.3
      },
      {
        "costOfGoodsSold": 690.2,
        "depreciationAmortization": 122.7,
        "dilutedAverageSharesOutstanding": 168,
        "dilutedEPS": -0.91,
        "ebit": -159,
        "grossIncome": 717.6,
        "interestExpense": 29.5,
        "interestIncomeExpense": -27.2,
        "netIncome": -153.4,
        "netIncomeAfterTaxes": -153.4,
        "nonRecurringItems": -13.9,
        "period": "2022-12-31",
        "pretaxIncome": -200.1,
        "provisionforIncomeTaxes": -46.7,
        "researchDevelopment": 226.9,
        "revenue": 1407.8,
        "sgaExpense": 527,
        "totalOperatingExpense": 876.6
      },
      {
        "costOfGoodsSold": 707.5,
        "depreciationAmortization": 140.1,
        "dilutedAverageSharesOutstanding": 166.9,
        "dilutedEPS": -1.54,
        "ebit": -225,
        "grossIncome": 686,
        "interestExpense": 28.9,
        "interestIncomeExpense": -48.6,
        "netIncome": -257,
        "netIncomeAfterTaxes": -257,
        "nonRecurringItems": -27.5,
        "period": "2022-09-30",
        "pretaxIncome": -301.1,
        "provisionforIncomeTaxes": -44.1,
        "researchDevelopment": 232.4,
        "revenue": 1393.5,
        "sgaExpense": 538.5,
        "totalOperatingExpense": 911
      },
      {
        "costOfGoodsSold": 415.8,
        "depreciationAmortization": 37.2,
        "dilutedAverageSharesOutstanding": 136.5,
        "dilutedEPS": -0.76,
        "ebit": 101.2,
        "grossIncome": 686.6,
        "interestExpense": 20.2,
        "interestIncomeExpense": -68.9,
        "netIncome": -104,
        "netIncomeAfterTaxes": -104,
        "nonRecurringItems": -138.6,
        "period": "2022-06-30",
        "pretaxIncome": -106.3,
        "provisionforIncomeTaxes": -2.3,
        "researchDevelopment": 164.3,
        "revenue": 1102.4,
        "sgaExpense": 383.9,
        "totalOperatingExpense": 585.4
      },
      {
        "costOfGoodsSold": 393.703,
        "depreciationAmortization": 16.463,
        "dilutedAverageSharesOutstanding": 116.67,
        "dilutedEPS": 0.95,
        "ebit": 134.089,
        "grossIncome": 536.301,
        "interestIncomeExpense": -7.023,
        "netIncome": 110.972,
        "netIncomeAfterTaxes": 110.972,
        "nonRecurringItems": -5.225,
        "period": "2022-03-31",
        "pretaxIncome": 121.841,
        "provisionforIncomeTaxes": 10.869,
        "researchDevelopment": 96.108,
        "revenue": 930.004,
        "sgaExpense": 289.641,
        "totalOperatingExpense": 402.212
      },
      {
        "costOfGoodsSold": 349.739,
        "depreciationAmortization": 15.996,
        "dilutedAverageSharesOutstanding": 116.708,
        "dilutedEPS": 1.24,
        "ebit": 154.869,
        "grossIncome": 553.513,
        "interestIncomeExpense": -1.967,
        "netIncome": 144.497,
        "netIncomeAfterTaxes": 144.497,
        "nonRecurringItems": -0.763,
        "period": "2021-12-31",
        "pretaxIncome": 152.139,
        "provisionforIncomeTaxes": 7.642,
        "researchDevelopment": 116.656,
        "revenue": 903.252,
        "sgaExpense": 265.992,
        "totalOperatingExpense": 398.644
      },
      {
        "costOfGoodsSold": 401.404,
        "depreciationAmortization": 16.181,
        "dilutedAverageSharesOutstanding": 116.803,
        "dilutedEPS": 0.09,
        "ebit": 75.755,
        "grossIncome": 456.794,
        "interestIncomeExpense": -0.177,
        "netIncome": 10.297,
        "netIncomeAfterTaxes": 10.297,
        "nonRecurringItems": -55.604,
        "period": "2021-09-30",
        "pretaxIncome": 19.974,
        "provisionforIncomeTaxes": 9.677,
        "researchDevelopment": 101.508,
        "revenue": 858.198,
        "sgaExpense": 263.35,
        "totalOperatingExpense": 381.039
      },
      {
        "costOfGoodsSold": 319.944,
        "depreciationAmortization": 12.465,
        "dilutedAverageSharesOutstanding": 117.13,
        "dilutedEPS": 1.3,
        "ebit": 180.342,
        "grossIncome": 493.402,
        "interestIncomeExpense": 0.97,
        "netIncome": 152.256,
        "netIncomeAfterTaxes": 152.256,
        "nonRecurringItems": -9.868,
        "period": "2021-06-30",
        "pretaxIncome": 171.444,
        "provisionforIncomeTaxes": 19.188,
        "researchDevelopment": 92.294,
        "revenue": 813.346,
        "sgaExpense": 208.301,
        "totalOperatingExpense": 313.06
      },
      {
        "costOfGoodsSold": 279.647,
        "depreciationAmortization": 15.48,
        "dilutedAverageSharesOutstanding": 116.257,
        "dilutedEPS": 1.88,
        "ebit": 255.683,
        "grossIncome": 559.784,
        "interestIncomeExpense": -2.226,
        "netIncome": 218.812,
        "netIncomeAfterTaxes": 218.812,
        "nonRecurringItems": 0.134,
        "period": "2021-03-31",
        "pretaxIncome": 253.591,
        "provisionforIncomeTaxes": 34.779,
        "researchDevelopment": 83.559,
        "revenue": 839.431,
        "sgaExpense": 205.062,
        "totalOperatingExpense": 304.101
      },
      {
        "costOfGoodsSold": 346.244,
        "depreciationAmortization": 14.007,
        "dilutedAverageSharesOutstanding": 116.117,
        "dilutedEPS": 1.57,
        "ebit": 175.68,
        "grossIncome": 514.645,
        "interestIncomeExpense": 40.389,
        "netIncome": 182.248,
        "netIncomeAfterTaxes": 182.248,
        "nonRecurringItems": 0.377,
        "period": "2020-12-31",
        "pretaxIncome": 216.446,
        "provisionforIncomeTaxes": 34.198,
        "researchDevelopment": 86.428,
        "revenue": 860.889,
        "sgaExpense": 238.53,
        "totalOperatingExpense": 338.965
      },
      {
        "costOfGoodsSold": 432.505,
        "depreciationAmortization": 13.691,
        "dilutedAverageSharesOutstanding": 115.414,
        "dilutedEPS": 0.86,
        "ebit": 115.606,
        "grossIncome": 408.637,
        "interestIncomeExpense": 2.051,
        "netIncome": 99.321,
        "netIncomeAfterTaxes": 99.321,
        "nonRecurringItems": -0.239,
        "period": "2020-09-30",
        "pretaxIncome": 117.418,
        "provisionforIncomeTaxes": 18.097,
        "researchDevelopment": 74.216,
        "revenue": 841.142,
        "sgaExpense": 205.124,
        "totalOperatingExpense": 293.031
      },
      {
        "costOfGoodsSold": 476.689,
        "depreciationAmortization": 12.418,
        "dilutedAverageSharesOutstanding": 114.956,
        "dilutedEPS": 0.77,
        "ebit": 82.143,
        "grossIncome": 354.621,
        "interestIncomeExpense": 8.218,
        "netIncome": 88.505,
        "netIncomeAfterTaxes": 88.505,
        "nonRecurringItems": 0,
        "period": "2020-06-30",
        "pretaxIncome": 90.361,
        "provisionforIncomeTaxes": 1.856,
        "researchDevelopment": 73.108,
        "revenue": 831.31,
        "sgaExpense": 186.952,
        "totalOperatingExpense": 272.478
      },
      {
        "costOfGoodsSold": 395.64,
        "depreciationAmortization": 12.502,
        "dilutedAverageSharesOutstanding": 114.517,
        "dilutedEPS": 1.07,
        "ebit": 121.5,
        "grossIncome": 364.901,
        "interestIncomeExpense": 2.75,
        "netIncome": 122.722,
        "netIncomeAfterTaxes": 122.722,
        "nonRecurringItems": 0.384,
        "period": "2020-03-31",
        "pretaxIncome": 124.634,
        "provisionforIncomeTaxes": 1.912,
        "researchDevelopment": 68.718,
        "revenue": 760.541,
        "sgaExpense": 162.181,
        "totalOperatingExpense": 243.401
      },
      {
        "costOfGoodsSold": 437.093,
        "depreciationAmortization": 12.33,
        "dilutedAverageSharesOutstanding": 114.254,
        "dilutedEPS": 1.43,
        "ebit": 176.587,
        "grossIncome": 493.036,
        "interestIncomeExpense": 11.943,
        "netIncome": 163.642,
        "netIncomeAfterTaxes": 163.642,
        "nonRecurringItems": 0.246,
        "period": "2019-12-31",
        "pretaxIncome": 188.776,
        "provisionforIncomeTaxes": 25.134,
        "researchDevelopment": 82.52,
        "revenue": 930.129,
        "sgaExpense": 221.599,
        "totalOperatingExpense": 316.449
      },
      {
        "costOfGoodsSold": 468.248,
        "depreciationAmortization": 12.024,
        "dilutedAverageSharesOutstanding": 114.077,
        "dilutedEPS": 0.63,
        "ebit": 75.147,
        "grossIncome": 389.593,
        "interestIncomeExpense": 8.054,
        "netIncome": 71.815,
        "netIncomeAfterTaxes": 71.815,
        "nonRecurringItems": -0.327,
        "period": "2019-09-30",
        "pretaxIncome": 82.874,
        "provisionforIncomeTaxes": 11.059,
        "researchDevelopment": 76.197,
        "revenue": 857.841,
        "sgaExpense": 226.225,
        "totalOperatingExpense": 314.446
      },
      {
        "costOfGoodsSold": 241.469,
        "depreciationAmortization": 11.257,
        "dilutedAverageSharesOutstanding": 113.728,
        "dilutedEPS": 0.41,
        "ebit": 52.116,
        "grossIncome": 298.99,
        "interestIncomeExpense": 10.425,
        "netIncome": 46.28,
        "netIncomeAfterTaxes": 46.28,
        "nonRecurringItems": -0.386,
        "period": "2019-06-30",
        "pretaxIncome": 62.155,
        "provisionforIncomeTaxes": 15.875,
        "researchDevelopment": 68.963,
        "revenue": 540.459,
        "sgaExpense": 166.654,
        "totalOperatingExpense": 246.874
      },
      {
        "costOfGoodsSold": 258.914,
        "depreciationAmortization": 11.081,
        "dilutedAverageSharesOutstanding": 116.038,
        "dilutedEPS": 0.48,
        "ebit": 59.276,
        "grossIncome": 280.093,
        "interestIncomeExpense": 6.466,
        "netIncome": 56.83,
        "netIncomeAfterTaxes": 52.277,
        "nonRecurringItems": -1.214,
        "period": "2019-03-31",
        "pretaxIncome": 64.528,
        "provisionforIncomeTaxes": 12.251,
        "researchDevelopment": 56.588,
        "revenue": 539.007,
        "sgaExpense": 153.148,
        "totalOperatingExpense": 220.817
      },
      {
        "costOfGoodsSold": 898.484,
        "depreciationAmortization": 10.14,
        "dilutedAverageSharesOutstanding": 114.737,
        "dilutedEPS": 1.57,
        "ebit": 45.849,
        "grossIncome": 350.254,
        "interestIncomeExpense": 8.071,
        "netIncome": 179.948,
        "netIncomeAfterTaxes": 179.948,
        "nonRecurringItems": 5.93,
        "period": "2018-12-31",
        "pretaxIncome": 59.85,
        "provisionforIncomeTaxes": -120.098,
        "researchDevelopment": 62.305,
        "revenue": 1248.738,
        "sgaExpense": 231.96,
        "totalOperatingExpense": 304.405
      },
      {
        "costOfGoodsSold": 234.88,
        "depreciationAmortization": 9.751,
        "dilutedAverageSharesOutstanding": 116.095,
        "dilutedEPS": 0.22,
        "ebit": 25.986,
        "grossIncome": 257.787,
        "interestIncomeExpense": 4.975,
        "netIncome": 25.367,
        "netIncomeAfterTaxes": 25.367,
        "nonRecurringItems": 0,
        "period": "2018-09-30",
        "pretaxIncome": 30.961,
        "provisionforIncomeTaxes": 5.594,
        "researchDevelopment": 60.565,
        "revenue": 492.667,
        "sgaExpense": 161.485,
        "totalOperatingExpense": 231.801
      },
      {
        "costOfGoodsSold": 131.365,
        "depreciationAmortization": 9.26,
        "dilutedAverageSharesOutstanding": 115.985,
        "dilutedEPS": 0.62,
        "ebit": 70.604,
        "grossIncome": 256.617,
        "interestIncomeExpense": 6.601,
        "netIncome": 71.693,
        "netIncomeAfterTaxes": 71.693,
        "nonRecurringItems": 0.242,
        "period": "2018-06-30",
        "pretaxIncome": 77.447,
        "provisionforIncomeTaxes": 5.754,
        "researchDevelopment": 50.712,
        "revenue": 387.982,
        "sgaExpense": 126.041,
        "totalOperatingExpense": 186.013
      },
      {
        "costOfGoodsSold": 189.211,
        "depreciationAmortization": 9.479,
        "dilutedAverageSharesOutstanding": 117.566,
        "dilutedEPS": 0.77,
        "ebit": 89.555,
        "grossIncome": 261.063,
        "interestIncomeExpense": 3.451,
        "netIncome": 90.905,
        "netIncomeAfterTaxes": 90.853,
        "nonRecurringItems": -1.73,
        "period": "2018-03-31",
        "pretaxIncome": 91.276,
        "provisionforIncomeTaxes": 0.423,
        "researchDevelopment": 54.128,
        "revenue": 450.274,
        "sgaExpense": 107.901,
        "totalOperatingExpense": 171.508
      },
      {
        "costOfGoodsSold": 267.983,
        "depreciationAmortization": 7.864,
        "dilutedAverageSharesOutstanding": 117.639,
        "dilutedEPS": 0.21,
        "ebit": 9.552,
        "grossIncome": 212.857,
        "interestIncomeExpense": 3.374,
        "netIncome": 25.078,
        "netIncomeAfterTaxes": 37.016,
        "nonRecurringItems": -0.7,
        "period": "2017-12-31",
        "pretaxIncome": 12.226,
        "provisionforIncomeTaxes": -24.79,
        "researchDevelopment": 49.977,
        "revenue": 480.84,
        "sgaExpense": 145.464,
        "totalOperatingExpense": 203.305
      },
      {
        "costOfGoodsSold": 246.548,
        "depreciationAmortization": 7.626,
        "dilutedAverageSharesOutstanding": 121.119,
        "dilutedEPS": -0.01,
        "ebit": 1.651,
        "grossIncome": 197.014,
        "interestIncomeExpense": -2.969,
        "netIncome": -2.398,
        "netIncomeAfterTaxes": -2.736,
        "nonRecurringItems": -12.97,
        "period": "2017-09-30",
        "pretaxIncome": -14.288,
        "provisionforIncomeTaxes": -11.552,
        "researchDevelopment": 49.999,
        "revenue": 443.562,
        "sgaExpense": 137.738,
        "totalOperatingExpense": 195.363
      },
      {
        "costOfGoodsSold": 194.569,
        "depreciationAmortization": 7.743,
        "dilutedAverageSharesOutstanding": 108.939,
        "dilutedEPS": 0.55,
        "ebit": 60.818,
        "grossIncome": 223.647,
        "interestIncomeExpense": -2.808,
        "netIncome": 59.789,
        "netIncomeAfterTaxes": 60.276,
        "nonRecurringItems": -10.599,
        "period": "2017-06-30",
        "pretaxIncome": 47.411,
        "provisionforIncomeTaxes": -12.865,
        "researchDevelopment": 42.269,
        "revenue": 418.216,
        "sgaExpense": 112.817,
        "totalOperatingExpense": 162.829
      },
      {
        "costOfGoodsSold": 314.9,
        "depreciationAmortization": 8.378,
        "dilutedAverageSharesOutstanding": 108.94,
        "dilutedEPS": 0.9,
        "ebit": 111.503,
        "grossIncome": 256.656,
        "interestIncomeExpense": -0.392,
        "netIncome": 98.005,
        "netIncomeAfterTaxes": 99.28,
        "nonRecurringItems": 0,
        "period": "2017-03-31",
        "pretaxIncome": 111.111,
        "provisionforIncomeTaxes": 11.831,
        "researchDevelopment": 36.421,
        "revenue": 571.556,
        "sgaExpense": 100.354,
        "totalOperatingExpense": 145.153
      },
      {
        "costOfGoodsSold": 311.074,
        "depreciationAmortization": 7.46,
        "dilutedAverageSharesOutstanding": 90.428,
        "dilutedEPS": -0.33,
        "ebit": -28.409,
        "grossIncome": 165.399,
        "interestIncomeExpense": -3.715,
        "netIncome": -29.842,
        "netIncomeAfterTaxes": -29.842,
        "period": "2016-12-31",
        "pretaxIncome": -32.124,
        "provisionforIncomeTaxes": -2.282,
        "researchDevelopment": 37.589,
        "revenue": 476.473,
        "sgaExpense": 148.759,
        "totalOperatingExpense": 193.808
      },
      {
        "costOfGoodsSold": 205.605,
        "depreciationAmortization": 7.491,
        "dilutedAverageSharesOutstanding": 113.419,
        "dilutedEPS": 0.31,
        "ebit": 47.194,
        "grossIncome": 214.562,
        "interestIncomeExpense": -7.078,
        "netIncome": 35.687,
        "netIncomeAfterTaxes": 36.432,
        "period": "2016-09-30",
        "pretaxIncome": 40.116,
        "provisionforIncomeTaxes": 3.684,
        "researchDevelopment": 30.005,
        "revenue": 420.167,
        "sgaExpense": 129.872,
        "totalOperatingExpense": 167.368
      },
      {
        "costOfGoodsSold": 191.38,
        "depreciationAmortization": 7.378,
        "dilutedAverageSharesOutstanding": 85.192,
        "dilutedEPS": -0.44,
        "ebit": -38.983,
        "grossIncome": 120.172,
        "interestIncomeExpense": -3.156,
        "netIncome": -37.822,
        "netIncomeAfterTaxes": -38.567,
        "period": "2016-06-30",
        "pretaxIncome": -42.139,
        "provisionforIncomeTaxes": -3.572,
        "researchDevelopment": 33.9,
        "revenue": 311.552,
        "sgaExpense": 117.877,
        "totalOperatingExpense": 159.155
      },
      {
        "costOfGoodsSold": 209.457,
        "depreciationAmortization": 7.338,
        "dilutedAverageSharesOutstanding": 83.654,
        "dilutedEPS": 0.55,
        "ebit": 44.688,
        "grossIncome": 167.749,
        "interestIncomeExpense": -3.574,
        "netIncome": 46.399,
        "netIncomeAfterTaxes": 46.399,
        "nonRecurringItems": -0.113,
        "period": "2016-03-31",
        "pretaxIncome": 41.001,
        "provisionforIncomeTaxes": -5.398,
        "researchDevelopment": 33.308,
        "revenue": 377.206,
        "sgaExpense": 82.415,
        "totalOperatingExpense": 123.061
      },
      {
        "costOfGoodsSold": 257.861,
        "depreciationAmortization": 7.534,
        "dilutedAverageSharesOutstanding": 83.426,
        "dilutedEPS": -0.51,
        "ebit": 11.975,
        "grossIncome": 156.36,
        "interestIncomeExpense": -8.018,
        "netIncome": -42.413,
        "netIncomeAfterTaxes": -42.413,
        "nonRecurringItems": -71.172,
        "period": "2015-12-31",
        "pretaxIncome": -67.215,
        "provisionforIncomeTaxes": -24.802,
        "researchDevelopment": 27.944,
        "revenue": 414.221,
        "sgaExpense": 108.907,
        "totalOperatingExpense": 144.385
      },
      {
        "costOfGoodsSold": 143.94,
        "depreciationAmortization": 7.353,
        "dilutedAverageSharesOutstanding": 110.304,
        "dilutedEPS": 0.48,
        "ebit": 66.431,
        "grossIncome": 203.034,
        "interestIncomeExpense": -8.396,
        "netIncome": 52.415,
        "netIncomeAfterTaxes": 54.735,
        "period": "2015-09-30",
        "pretaxIncome": 58.035,
        "provisionforIncomeTaxes": 3.3,
        "researchDevelopment": 24.413,
        "revenue": 346.974,
        "sgaExpense": 104.837,
        "totalOperatingExpense": 136.603
      }
    ],
    "symbol": "TTWO"
  }
}