{
  "symbol": "FAST",
  "statement": "ic",
  "frequency": "annual",
  "timestamp": "2025-09-19T14:00:23.284268",
  "data": {
    "financials": [
      {
        "costOfGoodsSold": 4144.1,
        "dilutedAverageSharesOutstanding": 1148.5645,
        "dilutedEPS": 1.0018,
        "ebit": 1510,
        "grossIncome": 3401.9,
        "interestExpense": 7.3,
        "interestIncomeExpense": -1.9,
        "netIncome": 1150.6,
        "netIncomeAfterTaxes": 1150.6,
        "period": "2024-12-31",
        "pretaxIncome": 1508.1,
        "provisionforIncomeTaxes": 357.5,
        "revenue": 7546,
        "sgaExpense": 1891.9,
        "totalOperatingExpense": 1891.9,
        "year": 2024
      },
      {
        "costOfGoodsSold": 3992.2,
        "dilutedAverageSharesOutstanding": 1146,
        "dilutedEPS": 1.0079,
        "ebit": 1528.7,
        "grossIncome": 3354.5,
        "interestExpense": 10.8,
        "interestIncomeExpense": -6.7,
        "netIncome": 1155,
        "netIncomeAfterTaxes": 1155,
        "period": "2023-12-31",
        "pretaxIncome": 1522,
        "provisionforIncomeTaxes": 367,
        "revenue": 7346.7,
        "sgaExpense": 1825.8,
        "totalOperatingExpense": 1825.8,
        "year": 2023
      },
      {
        "costOfGoodsSold": 3764.8,
        "dilutedAverageSharesOutstanding": 1151.2462,
        "dilutedEPS": 0.94,
        "ebit": 1453.6,
        "grossIncome": 3215.8,
        "interestExpense": 14.3,
        "interestIncomeExpense": -13.6,
        "netIncome": 1086.9,
        "netIncomeAfterTaxes": 1086.9,
        "period": "2022-12-31",
        "pretaxIncome": 1440,
        "provisionforIncomeTaxes": 353.1,
        "revenue": 6980.6,
        "sgaExpense": 1762.2,
        "totalOperatingExpense": 1762.2,
        "year": 2022
      },
      {
        "costOfGoodsSold": 3233.7,
        "dilutedAverageSharesOutstanding": 1154.2,
        "dilutedEPS": 0.8,
        "ebit": 1217.4,
        "grossIncome": 2777.2,
        "interestExpense": 9.7,
        "interestIncomeExpense": -9.6,
        "netIncome": 925,
        "netIncomeAfterTaxes": 925,
        "period": "2021-12-31",
        "pretaxIncome": 1207.8,
        "provisionforIncomeTaxes": 282.8,
        "revenue": 6010.9,
        "sgaExpense": 1559.8,
        "totalOperatingExpense": 1559.8,
        "year": 2021
      },
      {
        "costOfGoodsSold": 3079.5,
        "dilutedAverageSharesOutstanding": 1151.4,
        "dilutedEPS": 0.74,
        "ebit": 1140.4,
        "grossIncome": 2567.8,
        "interestExpense": 9.7,
        "interestIncomeExpense": -9.1,
        "netIncome": 859.1,
        "netIncomeAfterTaxes": 859.1,
        "nonRecurringItems": 1.4,
        "period": "2020-12-31",
        "pretaxIncome": 1132.7,
        "provisionforIncomeTaxes": 273.6,
        "revenue": 5647.3,
        "sgaExpense": 1427.4,
        "totalOperatingExpense": 1427.4,
        "year": 2020
      },
      {
        "costOfGoodsSold": 2818.3,
        "dilutedAverageSharesOutstanding": 1148.8833,
        "dilutedEPS": 0.68,
        "ebit": 1056,
        "grossIncome": 2515.4,
        "interestExpense": 13.9,
        "interestIncomeExpense": -13.5,
        "netIncome": 790.9,
        "netIncomeAfterTaxes": 790.9,
        "nonRecurringItems": 1.2,
        "period": "2019-12-31",
        "pretaxIncome": 1043.7,
        "provisionforIncomeTaxes": 252.8,
        "revenue": 5333.7,
        "sgaExpense": 1459.4,
        "totalOperatingExpense": 1459.4,
        "year": 2019
      },
      {
        "costOfGoodsSold": 2566.2,
        "dilutedAverageSharesOutstanding": 1148.651,
        "dilutedEPS": 0.65,
        "ebit": 998.7,
        "grossIncome": 2398.9,
        "interestExpense": 12.6,
        "interestIncomeExpense": -12.2,
        "netIncome": 751.9,
        "netIncomeAfterTaxes": 741.6,
        "nonRecurringItems": 0.5,
        "period": "2018-12-31",
        "pretaxIncome": 987,
        "provisionforIncomeTaxes": 245.4,
        "revenue": 4965.1,
        "sgaExpense": 1400.2,
        "totalOperatingExpense": 1400.2,
        "year": 2018
      },
      {
        "costOfGoodsSold": 2226.9,
        "dilutedAverageSharesOutstanding": 1153.371,
        "dilutedEPS": 0.5,
        "ebit": 880.8,
        "grossIncome": 2163.6,
        "interestExpense": 9.1,
        "interestIncomeExpense": -8.7,
        "netIncome": 578.6,
        "netIncomeAfterTaxes": 554.3,
        "nonRecurringItems": 1,
        "period": "2017-12-31",
        "pretaxIncome": 873.1,
        "provisionforIncomeTaxes": 318.8,
        "revenue": 4390.5,
        "sgaExpense": 1282.8,
        "totalOperatingExpense": 1282.8,
        "year": 2017
      },
      {
        "costOfGoodsSold": 1997.3,
        "dilutedAverageSharesOutstanding": 1156.6301,
        "dilutedEPS": 0.43,
        "ebit": 795.3,
        "grossIncome": 1964.8,
        "interestExpense": 6.504,
        "interestIncomeExpense": -6.1,
        "netIncome": 499.5,
        "netIncomeAfterTaxes": 499.5,
        "nonRecurringItems": 0.5,
        "period": "2016-12-31",
        "pretaxIncome": 789.7,
        "provisionforIncomeTaxes": 290.3,
        "revenue": 3962,
        "sgaExpense": 1169.5,
        "totalOperatingExpense": 1169.4,
        "year": 2016
      },
      {
        "costOfGoodsSold": 1920.3,
        "dilutedAverageSharesOutstanding": 1168.1818,
        "dilutedEPS": 0.44,
        "ebit": 827.4,
        "grossIncome": 1948.9,
        "interestExpense": 3.108,
        "interestIncomeExpense": -2.7,
        "netIncome": 516.4,
        "netIncomeAfterTaxes": 516.4,
        "nonRecurringItems": 1.4,
        "period": "2015-12-31",
        "pretaxIncome": 826,
        "provisionforIncomeTaxes": 309.7,
        "revenue": 3869.2,
        "sgaExpense": 1121.6,
        "totalOperatingExpense": 1121.5,
        "year": 2015
      }
    ],
    "symbol": "FAST"
  }
}