{
  "symbol": "APO",
  "statement": "ic",
  "frequency": "annual",
  "timestamp": "2025-09-19T13:56:07.484129",
  "data": {
    "financials": [
      {
        "benefitsClaimsLossAdjustment": 14139,
        "deferredPolicyAcquisitionExpense": 941,
        "dilutedAverageSharesOutstanding": 604,
        "dilutedEPS": 7.16,
        "ebit": 7419,
        "grossPremiumsEarned": 2503,
        "interestExpense": 339,
        "interestIncomeExpense": -139,
        "minorityInterest": -1796,
        "netIncome": 4329,
        "netIncomeAfterTaxes": 6373,
        "otherOperatingExpensesTotal": -2540,
        "period": "2024-12-31",
        "pretaxIncome": 7435,
        "provisionforIncomeTaxes": 1062,
        "revenue": 23737,
        "sgaExpense": 3778,
        "totalOperatingExpense": 16318,
        "totalOtherIncomeExpenseNet": 155,
        "year": 2024
      },
      {
        "benefitsClaimsLossAdjustment": 22500,
        "deferredPolicyAcquisitionExpense": 688,
        "dilutedAverageSharesOutstanding": 588.846,
        "dilutedEPS": 8.21,
        "ebit": 6029,
        "grossPremiumsEarned": 14268,
        "interestExpense": 258,
        "interestIncomeExpense": -579,
        "minorityInterest": -1462,
        "netIncome": 4835,
        "netIncomeAfterTaxes": 6509,
        "otherOperatingExpensesTotal": -2060,
        "period": "2023-12-31",
        "pretaxIncome": 5586,
        "provisionforIncomeTaxes": -923,
        "revenue": 30751,
        "sgaExpense": 3594,
        "totalOperatingExpense": 24722,
        "totalOtherIncomeExpenseNet": 136,
        "year": 2023
      },
      {
        "benefitsClaimsLossAdjustment": 14375,
        "deferredPolicyAcquisitionExpense": 444,
        "dilutedAverageSharesOutstanding": 584.692,
        "dilutedEPS": -3.43,
        "ebit": -5992,
        "grossPremiumsEarned": 12355,
        "interestExpense": 221,
        "interestIncomeExpense": 1708,
        "minorityInterest": 1546,
        "netIncome": -2007,
        "netIncomeAfterTaxes": -3507,
        "otherOperatingExpensesTotal": -1719,
        "period": "2022-12-31",
        "pretaxIncome": -4246,
        "provisionforIncomeTaxes": -739,
        "revenue": 9733,
        "sgaExpense": 2625,
        "totalOperatingExpense": 15725,
        "totalOtherIncomeExpenseNet": 38,
        "year": 2022
      },
      {
        "depreciationAmortization": 18.6,
        "dilutedAverageSharesOutstanding": 236.568,
        "dilutedEPS": 7.62,
        "ebit": 2031.096,
        "grossPremiumsEarned": 29.064,
        "interestExpense": 907.769,
        "interestIncomeExpense": 2978.719,
        "minorityInterest": -2429.404,
        "netIncome": 1801.835,
        "netIncomeAfterTaxes": 4267.895,
        "otherOperatingExpensesTotal": 4.762,
        "otherRevenue": 5273.417,
        "period": "2021-12-31",
        "pretaxIncome": 4862.274,
        "provisionforIncomeTaxes": 594.379,
        "revenue": 6006.236,
        "sgaExpense": 3951.778,
        "totalOperatingExpense": 3975.14,
        "totalOtherIncomeExpenseNet": -147.541,
        "year": 2021
      },
      {
        "depreciationAmortization": 11.4,
        "dilutedAverageSharesOutstanding": 227.531,
        "dilutedEPS": 0.53,
        "ebit": 938.493,
        "grossPremiumsEarned": 25.383,
        "interestExpense": 380.962,
        "interestIncomeExpense": -405.557,
        "minorityInterest": -310.188,
        "netIncome": 119.958,
        "netIncomeAfterTaxes": 466.802,
        "otherOperatingExpensesTotal": 1.81,
        "otherRevenue": 2246.934,
        "period": "2020-12-31",
        "pretaxIncome": 553.768,
        "provisionforIncomeTaxes": 86.966,
        "revenue": 2383.218,
        "sgaExpense": 1431.515,
        "totalOperatingExpense": 1444.725,
        "totalOtherIncomeExpenseNet": 20.832,
        "year": 2020
      },
      {
        "depreciationAmortization": 9.6,
        "dilutedAverageSharesOutstanding": 208.749,
        "dilutedEPS": 3.86,
        "ebit": 1327.042,
        "grossPremiumsEarned": 8.725,
        "interestExpense": 126.78,
        "interestIncomeExpense": 127.114,
        "minorityInterest": -693.65,
        "netIncome": 806.537,
        "netIncomeAfterTaxes": 1536.843,
        "otherOperatingExpensesTotal": 1.482,
        "otherRevenue": 2756.597,
        "period": "2019-12-31",
        "pretaxIncome": 1407.849,
        "provisionforIncomeTaxes": -128.994,
        "revenue": 2919.953,
        "sgaExpense": 1581.829,
        "totalOperatingExpense": 1592.911,
        "totalOtherIncomeExpenseNet": -46.307,
        "year": 2019
      },
      {
        "depreciationAmortization": 8.5,
        "dilutedAverageSharesOutstanding": 199.947,
        "dilutedEPS": -0.21,
        "ebit": 249.5,
        "grossPremiumsEarned": 30.718,
        "interestExpense": 59.374,
        "interestIncomeExpense": -180.057,
        "minorityInterest": -29.627,
        "netIncome": -42.038,
        "netIncomeAfterTaxes": 19.251,
        "otherRevenue": 1057.225,
        "period": "2018-12-31",
        "pretaxIncome": 105.272,
        "provisionforIncomeTaxes": 86.021,
        "revenue": 1093.065,
        "sgaExpense": 835.065,
        "totalOperatingExpense": 843.565,
        "totalOtherIncomeExpenseNet": 35.829,
        "year": 2018
      },
      {
        "depreciationAmortization": 12.1,
        "dilutedAverageSharesOutstanding": 192.582,
        "dilutedEPS": 3.19,
        "ebit": 1464.627,
        "grossPremiumsEarned": 31.431,
        "interestExpense": 52.873,
        "interestIncomeExpense": 59.317,
        "minorityInterest": -814.535,
        "netIncome": 615.566,
        "netIncomeAfterTaxes": 1697.939,
        "otherRevenue": 2578.742,
        "period": "2017-12-31",
        "pretaxIncome": 1769.584,
        "provisionforIncomeTaxes": 71.645,
        "revenue": 2771.803,
        "sgaExpense": 1295.076,
        "totalOperatingExpense": 1307.176,
        "totalOtherIncomeExpenseNet": 245.64,
        "year": 2017
      },
      {
        "depreciationAmortization": 9.6,
        "dilutedAverageSharesOutstanding": 183.998,
        "dilutedEPS": 2.19,
        "ebit": 951.126,
        "grossPremiumsEarned": 67.341,
        "interestExpense": 43.482,
        "interestIncomeExpense": 105.326,
        "minorityInterest": -567.457,
        "netIncome": 402.85,
        "netIncomeAfterTaxes": 970.307,
        "otherRevenue": 1903.043,
        "period": "2016-12-31",
        "pretaxIncome": 1061.014,
        "provisionforIncomeTaxes": 90.707,
        "revenue": 2073.562,
        "sgaExpense": 1112.836,
        "totalOperatingExpense": 1122.436,
        "totalOtherIncomeExpenseNet": 4.562,
        "year": 2016
      },
      {
        "depreciationAmortization": 44.474,
        "dilutedAverageSharesOutstanding": 173.272,
        "dilutedEPS": 0.61,
        "ebit": 240.766,
        "gainLossOnDispositionOfAssets": 0,
        "grossPremiumsEarned": 97.29,
        "interestExpense": 30.071,
        "interestIncomeExpense": 130.508,
        "minorityInterest": -215.998,
        "netIncome": 106,
        "netIncomeAfterTaxes": 350.495,
        "nonRecurringItems": 0,
        "otherRevenue": 944.38,
        "period": "2015-12-31",
        "pretaxIncome": 377.228,
        "provisionforIncomeTaxes": 26.733,
        "revenue": 1041.67,
        "sgaExpense": 756.43,
        "totalOperatingExpense": 800.904,
        "totalOtherIncomeExpenseNet": 5.954,
        "year": 2015
      }
    ],
    "symbol": "APO"
  }
}