{
  "symbol": "APO",
  "statement": "ic",
  "frequency": "quarterly",
  "timestamp": "2025-09-19T13:56:07.746807",
  "data": {
    "financials": [
      {
        "benefitsClaimsLossAdjustment": 4505,
        "deferredPolicyAcquisitionExpense": 292,
        "dilutedAverageSharesOutstanding": 590.4,
        "dilutedEPS": 0.99,
        "ebit": 1053,
        "grossPremiumsEarned": 444,
        "interestExpense": 79,
        "interestIncomeExpense": -221,
        "minorityInterest": -212,
        "netIncome": 584,
        "netIncomeAfterTaxes": 842,
        "otherOperatingExpensesTotal": -804,
        "period": "2025-06-30",
        "pretaxIncome": 845,
        "provisionforIncomeTaxes": 3,
        "revenue": 6018,
        "sgaExpense": 972,
        "totalOperatingExpense": 4965,
        "totalOtherIncomeExpenseNet": 13
      },
      {
        "benefitsClaimsLossAdjustment": 2577,
        "deferredPolicyAcquisitionExpense": 267,
        "dilutedAverageSharesOutstanding": 593,
        "dilutedEPS": 0.68,
        "ebit": 1676,
        "grossPremiumsEarned": 434,
        "interestExpense": 81,
        "interestIncomeExpense": -277,
        "minorityInterest": -496,
        "netIncome": 401,
        "netIncomeAfterTaxes": 938,
        "otherOperatingExpensesTotal": -698,
        "period": "2025-03-31",
        "pretaxIncome": 1181,
        "provisionforIncomeTaxes": 243,
        "revenue": 4875,
        "sgaExpense": 1053,
        "totalOperatingExpense": 3199,
        "totalOtherIncomeExpenseNet": -218
      },
      {
        "benefitsClaimsLossAdjustment": 2800,
        "deferredPolicyAcquisitionExpense": 263,
        "dilutedAverageSharesOutstanding": 646.3,
        "dilutedEPS": 2.18,
        "ebit": 1232,
        "grossPremiumsEarned": 467,
        "interestExpense": 92,
        "interestIncomeExpense": 405,
        "minorityInterest": -176,
        "netIncome": 1415,
        "netIncomeAfterTaxes": 1662,
        "otherOperatingExpensesTotal": -661,
        "period": "2024-12-31",
        "pretaxIncome": 1724,
        "provisionforIncomeTaxes": 62,
        "revenue": 4651,
        "sgaExpense": 1017,
        "totalOperatingExpense": 3419,
        "totalOtherIncomeExpenseNet": 87
      },
      {
        "benefitsClaimsLossAdjustment": 4062,
        "deferredPolicyAcquisitionExpense": 244,
        "dilutedAverageSharesOutstanding": 588.5,
        "dilutedEPS": 1.29,
        "ebit": 2576,
        "grossPremiumsEarned": 694,
        "interestExpense": 82,
        "interestIncomeExpense": -560,
        "minorityInterest": -958,
        "netIncome": 758,
        "netIncomeAfterTaxes": 1769,
        "otherOperatingExpensesTotal": -643,
        "period": "2024-09-30",
        "pretaxIncome": 2086,
        "provisionforIncomeTaxes": 317,
        "revenue": 7170,
        "sgaExpense": 931,
        "totalOperatingExpense": 4594,
        "totalOtherIncomeExpenseNet": 70
      },
      {
        "benefitsClaimsLossAdjustment": 3397,
        "deferredPolicyAcquisitionExpense": 227,
        "dilutedAverageSharesOutstanding": 590.2,
        "dilutedEPS": 1.35,
        "ebit": 1531,
        "grossPremiumsEarned": 975,
        "interestExpense": 89,
        "interestIncomeExpense": -117,
        "minorityInterest": -324,
        "netIncome": 797,
        "netIncomeAfterTaxes": 1177,
        "otherOperatingExpensesTotal": -639,
        "period": "2024-06-30",
        "pretaxIncome": 1438,
        "provisionforIncomeTaxes": 261,
        "revenue": 5439,
        "sgaExpense": 923,
        "totalOperatingExpense": 3908,
        "totalOtherIncomeExpenseNet": 24
      },
      {
        "benefitsClaimsLossAdjustment": 3880,
        "deferredPolicyAcquisitionExpense": 207,
        "dilutedAverageSharesOutstanding": 605.379,
        "dilutedEPS": 2.24,
        "ebit": 2079,
        "grossPremiumsEarned": 367,
        "interestExpense": 76,
        "interestIncomeExpense": 134,
        "minorityInterest": -338,
        "netIncome": 1360,
        "netIncomeAfterTaxes": 1765,
        "otherOperatingExpensesTotal": -597,
        "period": "2024-03-31",
        "pretaxIncome": 2187,
        "provisionforIncomeTaxes": 422,
        "revenue": 6476,
        "sgaExpense": 907,
        "totalOperatingExpense": 4397,
        "totalOtherIncomeExpenseNet": -26
      },
      {
        "benefitsClaimsLossAdjustment": 7164,
        "deferredPolicyAcquisitionExpense": 186,
        "dilutedAverageSharesOutstanding": 610.546,
        "dilutedEPS": 4.33,
        "ebit": 2526,
        "grossPremiumsEarned": 3841,
        "interestExpense": 80,
        "interestIncomeExpense": -599,
        "minorityInterest": -825,
        "netIncome": 2646,
        "netIncomeAfterTaxes": 3581,
        "otherOperatingExpensesTotal": -487,
        "period": "2023-12-31",
        "pretaxIncome": 1961,
        "provisionforIncomeTaxes": -1620,
        "revenue": 10597,
        "sgaExpense": 1208,
        "totalOperatingExpense": 8071,
        "totalOtherIncomeExpenseNet": 34
      },
      {
        "benefitsClaimsLossAdjustment": 1168,
        "deferredPolicyAcquisitionExpense": 211,
        "dilutedAverageSharesOutstanding": 578.797,
        "dilutedEPS": 1.1,
        "ebit": 495,
        "grossPremiumsEarned": 824,
        "interestExpense": 64,
        "interestIncomeExpense": 366,
        "minorityInterest": 42,
        "netIncome": 636,
        "netIncomeAfterTaxes": 640,
        "otherOperatingExpensesTotal": -559,
        "period": "2023-09-30",
        "pretaxIncome": 883,
        "provisionforIncomeTaxes": 243,
        "revenue": 2092,
        "sgaExpense": 777,
        "totalOperatingExpense": 1597,
        "totalOtherIncomeExpenseNet": 22
      },
      {
        "benefitsClaimsLossAdjustment": 11976,
        "deferredPolicyAcquisitionExpense": 153,
        "dilutedAverageSharesOutstanding": 578.976,
        "dilutedEPS": 1,
        "ebit": 866,
        "grossPremiumsEarned": 9281,
        "interestExpense": 54,
        "interestIncomeExpense": 37,
        "minorityInterest": -151,
        "netIncome": 577,
        "netIncomeAfterTaxes": 750,
        "otherOperatingExpensesTotal": -511,
        "period": "2023-06-30",
        "pretaxIncome": 951,
        "provisionforIncomeTaxes": 201,
        "revenue": 13226,
        "sgaExpense": 742,
        "totalOperatingExpense": 12360,
        "totalOtherIncomeExpenseNet": 48
      },
      {
        "benefitsClaimsLossAdjustment": 2192,
        "deferredPolicyAcquisitionExpense": 138,
        "dilutedAverageSharesOutstanding": 584.243,
        "dilutedEPS": 1.67,
        "ebit": 2142,
        "grossPremiumsEarned": 322,
        "interestExpense": 60,
        "interestIncomeExpense": -383,
        "minorityInterest": -528,
        "netIncome": 978,
        "netIncomeAfterTaxes": 1538,
        "otherOperatingExpensesTotal": -503,
        "period": "2023-03-31",
        "pretaxIncome": 1791,
        "provisionforIncomeTaxes": 253,
        "revenue": 4836,
        "sgaExpense": 867,
        "totalOperatingExpense": 2694,
        "totalOtherIncomeExpenseNet": 32
      },
      {
        "benefitsClaimsLossAdjustment": 2741,
        "deferredPolicyAcquisitionExpense": 126,
        "dilutedAverageSharesOutstanding": 583.204,
        "dilutedEPS": 1.08,
        "ebit": 1288,
        "grossPremiumsEarned": 1082,
        "interestExpense": 51,
        "interestIncomeExpense": -70,
        "minorityInterest": -367,
        "netIncome": 629,
        "netIncomeAfterTaxes": 1007,
        "otherOperatingExpensesTotal": -526,
        "period": "2022-12-31",
        "pretaxIncome": 1230,
        "provisionforIncomeTaxes": 223,
        "revenue": 4353,
        "sgaExpense": 724,
        "totalOperatingExpense": 3065,
        "totalOtherIncomeExpenseNet": 12
      },
      {
        "benefitsClaimsLossAdjustment": 3783,
        "deferredPolicyAcquisitionExpense": 112,
        "dilutedAverageSharesOutstanding": 584.318,
        "dilutedEPS": -0.98,
        "ebit": -1430,
        "grossPremiumsEarned": 3211,
        "interestExpense": 64,
        "interestIncomeExpense": 457,
        "minorityInterest": 286,
        "netIncome": -574,
        "netIncomeAfterTaxes": -849,
        "otherOperatingExpensesTotal": -670,
        "period": "2022-09-30",
        "pretaxIncome": -945,
        "provisionforIncomeTaxes": -96,
        "revenue": 2348,
        "sgaExpense": 553,
        "totalOperatingExpense": 3778,
        "totalOtherIncomeExpenseNet": 28
      },
      {
        "benefitsClaimsLossAdjustment": 5457,
        "deferredPolicyAcquisitionExpense": 108,
        "dilutedAverageSharesOutstanding": 584.774,
        "dilutedEPS": -2.82,
        "ebit": -3575,
        "grossPremiumsEarned": 5783,
        "interestExpense": 65,
        "interestIncomeExpense": 567,
        "minorityInterest": 969,
        "netIncome": -1649,
        "netIncomeAfterTaxes": -2606,
        "otherOperatingExpensesTotal": -313,
        "period": "2022-06-30",
        "pretaxIncome": -2987,
        "provisionforIncomeTaxes": -381,
        "revenue": 2143,
        "sgaExpense": 466,
        "totalOperatingExpense": 5718,
        "totalOtherIncomeExpenseNet": 21
      },
      {
        "benefitsClaimsLossAdjustment": 2394,
        "deferredPolicyAcquisitionExpense": 98,
        "dilutedAverageSharesOutstanding": 586.496,
        "dilutedEPS": -0.7,
        "ebit": -2275,
        "grossPremiumsEarned": 2279,
        "interestExpense": 41,
        "interestIncomeExpense": 754,
        "minorityInterest": 658,
        "netIncome": -413,
        "netIncomeAfterTaxes": -1059,
        "otherOperatingExpensesTotal": -210,
        "period": "2022-03-31",
        "pretaxIncome": -1544,
        "provisionforIncomeTaxes": -485,
        "revenue": 889,
        "sgaExpense": 882,
        "totalOperatingExpense": 3164,
        "totalOtherIncomeExpenseNet": -23
      },
      {
        "depreciationAmortization": 5.5,
        "dilutedAverageSharesOutstanding": 245.653,
        "dilutedEPS": 0.95,
        "ebit": -397.481,
        "grossPremiumsEarned": 5.456,
        "interestExpense": 233.493,
        "interestIncomeExpense": 1225.059,
        "minorityInterest": -368.963,
        "netIncome": 234.388,
        "netIncomeAfterTaxes": 612.515,
        "otherOperatingExpensesTotal": 2.812,
        "otherRevenue": 1077.376,
        "period": "2021-12-31",
        "pretaxIncome": 708.163,
        "provisionforIncomeTaxes": 95.648,
        "revenue": 1264.654,
        "sgaExpense": 1653.823,
        "totalOperatingExpense": 1662.135,
        "totalOtherIncomeExpenseNet": -119.415
      },
      {
        "depreciationAmortization": 4.8,
        "dilutedAverageSharesOutstanding": 239.452,
        "dilutedEPS": 1.04,
        "ebit": 460.804,
        "grossPremiumsEarned": 5.436,
        "interestExpense": 155.855,
        "interestIncomeExpense": 286.954,
        "minorityInterest": -373.095,
        "netIncome": 249.158,
        "netIncomeAfterTaxes": 631.417,
        "otherOperatingExpensesTotal": 0.822,
        "otherRevenue": 995.579,
        "period": "2021-09-30",
        "pretaxIncome": 732.851,
        "provisionforIncomeTaxes": 101.434,
        "revenue": 1074.891,
        "sgaExpense": 608.465,
        "totalOperatingExpense": 614.087,
        "totalOtherIncomeExpenseNet": -14.907
      },
      {
        "depreciationAmortization": 4.3,
        "dilutedAverageSharesOutstanding": 231.059,
        "dilutedEPS": 2.81,
        "ebit": 669.025,
        "grossPremiumsEarned": 14.318,
        "interestExpense": 166.485,
        "interestIncomeExpense": 1025.955,
        "minorityInterest": -847.733,
        "netIncome": 648.563,
        "netIncomeAfterTaxes": 1505.46,
        "otherOperatingExpensesTotal": 0.591,
        "otherRevenue": 1291.582,
        "period": "2021-06-30",
        "pretaxIncome": 1699.511,
        "provisionforIncomeTaxes": 194.051,
        "revenue": 1380.998,
        "sgaExpense": 707.082,
        "totalOperatingExpense": 711.973,
        "totalOtherIncomeExpenseNet": 4.531
      },
      {
        "depreciationAmortization": 3.9,
        "dilutedAverageSharesOutstanding": 230.004,
        "dilutedEPS": 2.91,
        "ebit": 1298.748,
        "grossPremiumsEarned": 3.854,
        "interestExpense": 351.936,
        "interestIncomeExpense": 440.751,
        "minorityInterest": -839.613,
        "netIncome": 669.726,
        "netIncomeAfterTaxes": 1518.503,
        "otherOperatingExpensesTotal": 0.537,
        "otherRevenue": 1908.88,
        "period": "2021-03-31",
        "pretaxIncome": 1721.749,
        "provisionforIncomeTaxes": 203.246,
        "revenue": 2285.693,
        "sgaExpense": 982.508,
        "totalOperatingExpense": 986.945,
        "totalOtherIncomeExpenseNet": -17.75
      },
      {
        "depreciationAmortization": 6.5,
        "dilutedAverageSharesOutstanding": 227.935,
        "dilutedEPS": 1.86,
        "ebit": 480.397,
        "grossPremiumsEarned": 4.367,
        "interestExpense": 131.866,
        "interestIncomeExpense": 724.352,
        "minorityInterest": -641.357,
        "netIncome": 424.94,
        "netIncomeAfterTaxes": 1075.461,
        "otherOperatingExpensesTotal": 0.43,
        "otherRevenue": 1184.921,
        "period": "2020-12-31",
        "pretaxIncome": 1228.6,
        "provisionforIncomeTaxes": 153.139,
        "revenue": 1118.146,
        "sgaExpense": 630.819,
        "totalOperatingExpense": 637.749,
        "totalOtherIncomeExpenseNet": 23.851
      },
      {
        "depreciationAmortization": 1.8,
        "dilutedAverageSharesOutstanding": 227.772,
        "dilutedEPS": 1.16,
        "ebit": 546.512,
        "grossPremiumsEarned": 1.292,
        "interestExpense": 160.929,
        "interestIncomeExpense": 208.783,
        "minorityInterest": -403.7,
        "netIncome": 263.236,
        "netIncomeAfterTaxes": 676.099,
        "otherOperatingExpensesTotal": 0.612,
        "otherRevenue": 966.26,
        "period": "2020-09-30",
        "pretaxIncome": 765.456,
        "provisionforIncomeTaxes": 89.357,
        "revenue": 1042.678,
        "sgaExpense": 493.754,
        "totalOperatingExpense": 496.166,
        "totalOtherIncomeExpenseNet": 10.161
      },
      {
        "depreciationAmortization": 1.6,
        "dilutedAverageSharesOutstanding": 227.654,
        "dilutedEPS": 1.92,
        "ebit": 484.737,
        "grossPremiumsEarned": 0.205,
        "interestExpense": 184.336,
        "interestIncomeExpense": 651.344,
        "minorityInterest": -552.756,
        "netIncome": 437.164,
        "netIncomeAfterTaxes": 999.085,
        "otherOperatingExpensesTotal": 0.359,
        "otherRevenue": 1396.509,
        "period": "2020-06-30",
        "pretaxIncome": 1139.408,
        "provisionforIncomeTaxes": 140.323,
        "revenue": 1155.223,
        "sgaExpense": 668.527,
        "totalOperatingExpense": 670.486,
        "totalOtherIncomeExpenseNet": 3.327
      },
      {
        "depreciationAmortization": 2.7,
        "dilutedAverageSharesOutstanding": 226.758,
        "dilutedEPS": -4.43,
        "ebit": -573.152,
        "grossPremiumsEarned": 19.519,
        "interestExpense": 31.242,
        "interestIncomeExpense": -1990.037,
        "minorityInterest": 1287.625,
        "netIncome": -1005.382,
        "netIncomeAfterTaxes": -2283.843,
        "otherOperatingExpensesTotal": 0.409,
        "otherRevenue": -1300.756,
        "period": "2020-03-31",
        "pretaxIncome": -2579.696,
        "provisionforIncomeTaxes": -295.853,
        "revenue": -932.828,
        "sgaExpense": -362.785,
        "totalOperatingExpense": -359.676,
        "totalOtherIncomeExpenseNet": -16.507
      },
      {
        "depreciationAmortization": 2.5,
        "dilutedAverageSharesOutstanding": 223.758,
        "dilutedEPS": 0.7,
        "ebit": 347.878,
        "grossPremiumsEarned": 3.051,
        "interestExpense": 38.101,
        "interestIncomeExpense": 86.35,
        "minorityInterest": -191.978,
        "netIncome": 156.879,
        "netIncomeAfterTaxes": 358.021,
        "otherOperatingExpensesTotal": 0.891,
        "otherRevenue": 844.214,
        "period": "2019-12-31",
        "pretaxIncome": 424.372,
        "provisionforIncomeTaxes": 66.351,
        "revenue": 919.118,
        "sgaExpense": 567.849,
        "totalOperatingExpense": 571.24,
        "totalOtherIncomeExpenseNet": -9.856
      },
      {
        "depreciationAmortization": 2.5,
        "dilutedAverageSharesOutstanding": 207.641,
        "dilutedEPS": 1.71,
        "ebit": 359.182,
        "grossPremiumsEarned": 4.238,
        "interestExpense": 27.833,
        "interestIncomeExpense": -26.84,
        "minorityInterest": -157.824,
        "netIncome": 354.106,
        "netIncomeAfterTaxes": 521.094,
        "otherOperatingExpensesTotal": 0.256,
        "otherRevenue": 665.09,
        "period": "2019-09-30",
        "pretaxIncome": 289.198,
        "provisionforIncomeTaxes": -231.896,
        "revenue": 702.721,
        "sgaExpense": 340.783,
        "totalOperatingExpense": 343.539,
        "totalOtherIncomeExpenseNet": -43.144
      },
      {
        "depreciationAmortization": 2.3,
        "dilutedAverageSharesOutstanding": 199.579,
        "dilutedEPS": 0.78,
        "ebit": 317.356,
        "grossPremiumsEarned": 0.776,
        "interestExpense": 23.302,
        "interestIncomeExpense": 35.099,
        "minorityInterest": -177.338,
        "netIncome": 155.659,
        "netIncomeAfterTaxes": 342.161,
        "otherOperatingExpensesTotal": 0.775,
        "otherRevenue": 596.201,
        "period": "2019-06-30",
        "pretaxIncome": 359.058,
        "provisionforIncomeTaxes": 16.897,
        "revenue": 636.579,
        "sgaExpense": 316.148,
        "totalOperatingExpense": 319.223,
        "totalOtherIncomeExpenseNet": 6.603
      },
      {
        "depreciationAmortization": 2.3,
        "dilutedAverageSharesOutstanding": 200.832,
        "dilutedEPS": 0.7,
        "ebit": 318.868,
        "grossPremiumsEarned": 0.66,
        "interestExpense": 19.108,
        "interestIncomeExpense": 16.263,
        "minorityInterest": -166.51,
        "netIncome": 139.893,
        "netIncomeAfterTaxes": 315.567,
        "otherOperatingExpensesTotal": -0.44,
        "otherRevenue": 651.092,
        "period": "2019-03-31",
        "pretaxIncome": 335.221,
        "provisionforIncomeTaxes": 19.654,
        "revenue": 677.777,
        "sgaExpense": 357.049,
        "totalOperatingExpense": 358.909,
        "totalOtherIncomeExpenseNet": 0.09
      },
      {
        "depreciationAmortization": 2.1,
        "dilutedAverageSharesOutstanding": 200.273,
        "dilutedEPS": -0.98,
        "ebit": -173.622,
        "grossPremiumsEarned": 7.125,
        "interestExpense": 15.206,
        "interestIncomeExpense": -198.797,
        "minorityInterest": 190.658,
        "netIncome": -196.408,
        "netIncomeAfterTaxes": -377.903,
        "otherRevenue": -101.798,
        "period": "2018-12-31",
        "pretaxIncome": -338.478,
        "provisionforIncomeTaxes": 39.425,
        "revenue": -114.885,
        "sgaExpense": 56.637,
        "totalOperatingExpense": 58.737,
        "totalOtherIncomeExpenseNet": 33.941
      },
      {
        "depreciationAmortization": 2.2,
        "dilutedAverageSharesOutstanding": 200.348,
        "dilutedEPS": 0.79,
        "ebit": 220.213,
        "grossPremiumsEarned": 4.818,
        "interestExpense": 15.209,
        "interestIncomeExpense": 158.486,
        "minorityInterest": -191.171,
        "netIncome": 158.724,
        "netIncomeAfterTaxes": 362.692,
        "otherRevenue": 496.76,
        "period": "2018-09-30",
        "pretaxIncome": 381.784,
        "provisionforIncomeTaxes": 19.092,
        "revenue": 517.731,
        "sgaExpense": 295.318,
        "totalOperatingExpense": 297.518,
        "totalOtherIncomeExpenseNet": 3.085
      },
      {
        "depreciationAmortization": 2.1,
        "dilutedAverageSharesOutstanding": 203.952,
        "dilutedEPS": 0.29,
        "ebit": 237.084,
        "grossPremiumsEarned": 14.99,
        "interestExpense": 15.162,
        "interestIncomeExpense": -68.907,
        "minorityInterest": -80.2,
        "netIncome": 58.291,
        "netIncomeAfterTaxes": 143.81,
        "otherRevenue": 486.151,
        "period": "2018-06-30",
        "pretaxIncome": 162.734,
        "provisionforIncomeTaxes": 18.924,
        "revenue": 523.316,
        "sgaExpense": 284.132,
        "totalOperatingExpense": 286.232,
        "totalOtherIncomeExpenseNet": -5.443
      },
      {
        "depreciationAmortization": 2.1,
        "dilutedAverageSharesOutstanding": 198.433,
        "dilutedEPS": -0.32,
        "ebit": -34.175,
        "grossPremiumsEarned": 3.785,
        "interestExpense": 13.797,
        "interestIncomeExpense": -70.839,
        "minorityInterest": 51.086,
        "netIncome": -62.645,
        "netIncomeAfterTaxes": -109.348,
        "otherRevenue": 176.112,
        "period": "2018-03-31",
        "pretaxIncome": -100.768,
        "provisionforIncomeTaxes": 8.58,
        "revenue": 166.903,
        "sgaExpense": 198.978,
        "totalOperatingExpense": 201.078,
        "totalOtherIncomeExpenseNet": 4.246
      },
      {
        "depreciationAmortization": 2.1,
        "dilutedAverageSharesOutstanding": 200.284,
        "dilutedEPS": 0.94,
        "ebit": 549.595,
        "grossPremiumsEarned": 7.868,
        "interestExpense": 13.376,
        "interestIncomeExpense": -18.136,
        "minorityInterest": -272.028,
        "netIncome": 190.022,
        "netIncomeAfterTaxes": 715.604,
        "otherRevenue": 861.65,
        "period": "2017-12-31",
        "pretaxIncome": 732.323,
        "provisionforIncomeTaxes": 16.719,
        "revenue": 928.271,
        "sgaExpense": 376.576,
        "totalOperatingExpense": 378.676,
        "totalOtherIncomeExpenseNet": 200.864
      },
      {
        "depreciationAmortization": 5.6,
        "dilutedAverageSharesOutstanding": 192.882,
        "dilutedEPS": 1.01,
        "ebit": 367.54,
        "grossPremiumsEarned": 9.67,
        "interestExpense": 13.303,
        "interestIncomeExpense": 57.978,
        "minorityInterest": -231.411,
        "netIncome": 195.351,
        "netIncomeAfterTaxes": 434.363,
        "otherRevenue": 654.562,
        "period": "2017-09-30",
        "pretaxIncome": 450.905,
        "provisionforIncomeTaxes": 16.542,
        "revenue": 711.72,
        "sgaExpense": 338.58,
        "totalOperatingExpense": 344.18,
        "totalOtherIncomeExpenseNet": 25.387
      },
      {
        "depreciationAmortization": 2.2,
        "dilutedAverageSharesOutstanding": 195.422,
        "dilutedEPS": 0.45,
        "ebit": 198.377,
        "grossPremiumsEarned": 7.545,
        "interestExpense": 13.195,
        "interestIncomeExpense": -6.954,
        "minorityInterest": -101.262,
        "netIncome": 86.757,
        "netIncomeAfterTaxes": 192.942,
        "otherRevenue": 425.327,
        "period": "2017-06-30",
        "pretaxIncome": 192.165,
        "provisionforIncomeTaxes": -0.777,
        "revenue": 449.708,
        "sgaExpense": 249.131,
        "totalOperatingExpense": 251.331,
        "totalOtherIncomeExpenseNet": 0.742
      },
      {
        "depreciationAmortization": 2.2,
        "dilutedAverageSharesOutstanding": 189.578,
        "dilutedEPS": 0.76,
        "ebit": 349.115,
        "grossPremiumsEarned": 6.348,
        "interestExpense": 12.999,
        "interestIncomeExpense": 26.429,
        "minorityInterest": -209.834,
        "netIncome": 143.436,
        "netIncomeAfterTaxes": 355.03,
        "otherRevenue": 637.203,
        "period": "2017-03-31",
        "pretaxIncome": 394.191,
        "provisionforIncomeTaxes": 39.161,
        "revenue": 682.104,
        "sgaExpense": 330.789,
        "totalOperatingExpense": 332.989,
        "totalOtherIncomeExpenseNet": 18.647
      },
      {
        "benefitsClaimsLossAdjustment": -14.139,
        "dilutedAverageSharesOutstanding": 185.183,
        "dilutedEPS": 0.95,
        "ebit": 403.171,
        "grossPremiumsEarned": 67.341,
        "interestExpense": 12.977,
        "interestIncomeExpense": 15.298,
        "minorityInterest": -227.38,
        "netIncome": 175.897,
        "netIncomeAfterTaxes": 394.347,
        "otherRevenue": 1025.173,
        "period": "2016-12-31",
        "pretaxIncome": 422.546,
        "provisionforIncomeTaxes": 28.199,
        "revenue": 788.558,
        "sgaExpense": 399.526,
        "totalOperatingExpense": 385.387,
        "totalOtherIncomeExpenseNet": 4.077
      },
      {
        "depreciationAmortization": 4.646,
        "dilutedAverageSharesOutstanding": 184.439,
        "dilutedEPS": 0.5,
        "ebit": 234.306,
        "grossPremiumsEarned": 0,
        "interestExpense": 12.832,
        "interestIncomeExpense": 30.119,
        "minorityInterest": -140.099,
        "netIncome": 91.366,
        "netIncomeAfterTaxes": 234.718,
        "otherRevenue": 304.114,
        "period": "2016-09-30",
        "pretaxIncome": 264.385,
        "provisionforIncomeTaxes": 29.667,
        "revenue": 503.731,
        "sgaExpense": 264.779,
        "totalOperatingExpense": 269.425,
        "totalOtherIncomeExpenseNet": -0.04
      },
      {
        "depreciationAmortization": 4.862,
        "dilutedAverageSharesOutstanding": 186.625,
        "dilutedEPS": 0.91,
        "ebit": 326.849,
        "grossPremiumsEarned": 0,
        "interestExpense": 9.8,
        "interestIncomeExpense": 126.164,
        "minorityInterest": -241.711,
        "netIncome": 167.345,
        "netIncomeAfterTaxes": 415.803,
        "otherRevenue": 331.962,
        "period": "2016-06-30",
        "pretaxIncome": 453.791,
        "provisionforIncomeTaxes": 37.988,
        "revenue": 660.447,
        "sgaExpense": 328.736,
        "totalOperatingExpense": 333.598,
        "totalOtherIncomeExpenseNet": 0.778
      },
      {
        "depreciationAmortization": 4.631,
        "dilutedAverageSharesOutstanding": 183.438,
        "dilutedEPS": -0.17,
        "ebit": -13.2,
        "grossPremiumsEarned": 0,
        "interestExpense": 7.873,
        "interestIncomeExpense": -66.255,
        "minorityInterest": 41.733,
        "netIncome": -31.758,
        "netIncomeAfterTaxes": -74.561,
        "otherRevenue": 241.794,
        "period": "2016-03-31",
        "pretaxIncome": -79.708,
        "provisionforIncomeTaxes": -5.147,
        "revenue": 120.826,
        "sgaExpense": 129.395,
        "totalOperatingExpense": 134.026,
        "totalOtherIncomeExpenseNet": -0.253
      },
      {
        "depreciationAmortization": 11.127,
        "dilutedAverageSharesOutstanding": 180.449,
        "dilutedEPS": 0.02,
        "ebit": 13.739,
        "grossPremiumsEarned": 0,
        "interestExpense": 7.617,
        "interestIncomeExpense": 15.23,
        "minorityInterest": -18.273,
        "netIncome": 2.941,
        "netIncomeAfterTaxes": 24.364,
        "otherRevenue": 216.075,
        "period": "2015-12-31",
        "pretaxIncome": 29.9,
        "provisionforIncomeTaxes": 5.536,
        "revenue": 193.651,
        "sgaExpense": 168.785,
        "totalOperatingExpense": 179.912,
        "totalOtherIncomeExpenseNet": 0.931
      },
      {
        "depreciationAmortization": 11.176,
        "dilutedAverageSharesOutstanding": 176.17,
        "dilutedEPS": 0.2,
        "ebit": 25.886,
        "grossPremiumsEarned": 0,
        "interestExpense": 7.529,
        "interestIncomeExpense": 77.171,
        "minorityInterest": -55.508,
        "netIncome": 35.938,
        "netIncomeAfterTaxes": 96.559,
        "otherRevenue": 247.839,
        "period": "2015-09-30",
        "pretaxIncome": 103.15,
        "provisionforIncomeTaxes": 6.591,
        "revenue": 193.268,
        "sgaExpense": 156.206,
        "totalOperatingExpense": 167.382,
        "totalOtherIncomeExpenseNet": 0.093
      }
    ],
    "symbol": "APO"
  }
}