{
  "symbol": "EPAM",
  "statement": "ic",
  "frequency": "annual",
  "timestamp": "2025-09-19T13:59:50.717282",
  "data": {
    "financials": [
      {
        "costOfGoodsSold": 3277.497,
        "depreciationAmortization": 89.559,
        "dilutedAverageSharesOutstanding": 57.983,
        "dilutedEPS": 7.8391,
        "ebit": 544.584,
        "grossIncome": 1450.443,
        "interestIncomeExpense": 39.828,
        "netIncome": 454.533,
        "netIncomeAfterTaxes": 454.533,
        "nonRecurringItems": 0,
        "period": "2024-12-31",
        "pretaxIncome": 584.412,
        "provisionforIncomeTaxes": 129.879,
        "revenue": 4727.94,
        "sgaExpense": 816.3,
        "totalOperatingExpense": 905.859,
        "year": 2024
      },
      {
        "costOfGoodsSold": 3256.514,
        "depreciationAmortization": 91.8,
        "dilutedAverageSharesOutstanding": 59.085,
        "dilutedEPS": 7.059,
        "ebit": 527.161,
        "grossIncome": 1434.026,
        "interestIncomeExpense": 35.346,
        "netIncome": 417.083,
        "netIncomeAfterTaxes": 417.083,
        "nonRecurringItems": -25.922,
        "period": "2023-12-31",
        "pretaxIncome": 536.585,
        "provisionforIncomeTaxes": 119.502,
        "revenue": 4690.54,
        "sgaExpense": 815.065,
        "totalOperatingExpense": 906.865,
        "year": 2023
      },
      {
        "costOfGoodsSold": 3286.7,
        "depreciationAmortization": 92.3,
        "dilutedAverageSharesOutstanding": 59.2,
        "dilutedEPS": 7.09,
        "ebit": 592.6,
        "grossIncome": 1538,
        "interestIncomeExpense": -65.7,
        "netIncome": 419.4,
        "netIncomeAfterTaxes": 419.4,
        "nonRecurringItems": -19.6,
        "period": "2022-12-31",
        "pretaxIncome": 507.3,
        "provisionforIncomeTaxes": 87.8,
        "revenue": 4824.7,
        "sgaExpense": 853.2,
        "totalOperatingExpense": 945.4,
        "year": 2022
      },
      {
        "costOfGoodsSold": 2483.7,
        "depreciationAmortization": 83.4,
        "dilutedAverageSharesOutstanding": 59.1,
        "dilutedEPS": 8.15,
        "ebit": 542.3,
        "grossIncome": 1274.4,
        "interestIncomeExpense": -8.9,
        "netIncome": 481.7,
        "netIncomeAfterTaxes": 481.7,
        "period": "2021-12-31",
        "pretaxIncome": 533.4,
        "provisionforIncomeTaxes": 51.7,
        "revenue": 3758.1,
        "sgaExpense": 648.7,
        "totalOperatingExpense": 732.1,
        "year": 2021
      },
      {
        "costOfGoodsSold": 1732.5,
        "depreciationAmortization": 62.9,
        "dilutedAverageSharesOutstanding": 58.4,
        "dilutedEPS": 5.6,
        "ebit": 379.3,
        "grossIncome": 927,
        "interestIncomeExpense": -0.8,
        "netIncome": 327.2,
        "netIncomeAfterTaxes": 327.2,
        "period": "2020-12-31",
        "pretaxIncome": 378.5,
        "provisionforIncomeTaxes": 51.3,
        "revenue": 2659.5,
        "sgaExpense": 484.8,
        "totalOperatingExpense": 547.7,
        "year": 2020
      },
      {
        "costOfGoodsSold": 1488.2,
        "depreciationAmortization": 45.3,
        "dilutedAverageSharesOutstanding": 57.7,
        "dilutedEPS": 4.53,
        "ebit": 302.9,
        "grossIncome": 805.6,
        "interestIncomeExpense": -3.3,
        "netIncome": 261.1,
        "netIncomeAfterTaxes": 261.1,
        "period": "2019-12-31",
        "pretaxIncome": 299.5,
        "provisionforIncomeTaxes": 38.5,
        "revenue": 2293.8,
        "sgaExpense": 457.4,
        "totalOperatingExpense": 502.7,
        "year": 2019
      },
      {
        "costOfGoodsSold": 1186.9,
        "depreciationAmortization": 36.6,
        "dilutedAverageSharesOutstanding": 56.7,
        "dilutedEPS": 4.23,
        "ebit": 245.8,
        "grossIncome": 656,
        "interestIncomeExpense": 4,
        "netIncome": 240.3,
        "netIncomeAfterTaxes": 210.3,
        "period": "2018-12-31",
        "pretaxIncome": 249.8,
        "provisionforIncomeTaxes": 39.5,
        "revenue": 1842.9,
        "sgaExpense": 373.6,
        "totalOperatingExpense": 410.2,
        "year": 2018
      },
      {
        "costOfGoodsSold": 921.4,
        "depreciationAmortization": 28.6,
        "dilutedAverageSharesOutstanding": 55,
        "dilutedEPS": 1.32,
        "ebit": 172.9,
        "grossIncome": 529.1,
        "interestIncomeExpense": 1.4,
        "netIncome": 72.8,
        "netIncomeAfterTaxes": 147.4,
        "otherOperatingExpensesTotal": 2.7,
        "period": "2017-12-31",
        "pretaxIncome": 174.3,
        "provisionforIncomeTaxes": 26.9,
        "revenue": 1450.4,
        "sgaExpense": 324.9,
        "totalOperatingExpense": 356.1,
        "year": 2017
      },
      {
        "costOfGoodsSold": 737.2,
        "depreciationAmortization": 23.4,
        "dilutedAverageSharesOutstanding": 53.2,
        "dilutedEPS": 1.87,
        "ebit": 133.7,
        "grossIncome": 422.9,
        "interestIncomeExpense": -7.2,
        "netIncome": 99.3,
        "netIncomeAfterTaxes": 99.3,
        "nonRecurringItems": 0,
        "otherOperatingExpensesTotal": 1.2,
        "period": "2016-12-31",
        "pretaxIncome": 126.5,
        "provisionforIncomeTaxes": 27.2,
        "revenue": 1160.1,
        "sgaExpense": 264.7,
        "totalOperatingExpense": 289.2,
        "totalOtherIncomeExpenseNet": 0,
        "year": 2016
      },
      {
        "costOfGoodsSold": 566.9,
        "depreciationAmortization": 17.4,
        "dilutedAverageSharesOutstanding": 52,
        "dilutedEPS": 1.62,
        "ebit": 106,
        "grossIncome": 347.2,
        "interestIncomeExpense": 0.1,
        "netIncome": 84.5,
        "netIncomeAfterTaxes": 84.5,
        "nonRecurringItems": 0,
        "otherOperatingExpensesTotal": 1.1,
        "period": "2015-12-31",
        "pretaxIncome": 106.1,
        "provisionforIncomeTaxes": 21.6,
        "revenue": 914.1,
        "sgaExpense": 222.8,
        "totalOperatingExpense": 241.3,
        "totalOtherIncomeExpenseNet": 0,
        "year": 2015
      }
    ],
    "symbol": "EPAM"
  }
}