{
  "symbol": "HON",
  "statement": "ic",
  "frequency": "quarterly",
  "timestamp": "2025-09-19T14:01:36.263914",
  "data": {
    "financials": [
      {
        "costOfGoodsSold": 6329,
        "dilutedAverageSharesOutstanding": 640.9,
        "dilutedEPS": 2.45,
        "ebit": 2202,
        "grossIncome": 4023,
        "interestExpense": 330,
        "interestIncomeExpense": -217,
        "minorityInterest": 1,
        "netIncome": 1570,
        "netIncomeAfterTaxes": 1569,
        "nonRecurringItems": -114,
        "otherOperatingExpensesTotal": -88,
        "period": "2025-06-30",
        "pretaxIncome": 1871,
        "provisionforIncomeTaxes": 302,
        "researchDevelopment": 481,
        "revenue": 10352,
        "sgaExpense": 1428,
        "totalOperatingExpense": 1821
      },
      {
        "costOfGoodsSold": 6037,
        "dilutedAverageSharesOutstanding": 651.7,
        "dilutedEPS": 2.22,
        "ebit": 2136,
        "grossIncome": 3785,
        "interestExpense": 286,
        "interestIncomeExpense": -183,
        "minorityInterest": -18,
        "netIncome": 1449,
        "netIncomeAfterTaxes": 1467,
        "nonRecurringItems": -69,
        "otherOperatingExpensesTotal": -151,
        "period": "2025-03-31",
        "pretaxIncome": 1884,
        "provisionforIncomeTaxes": 417,
        "researchDevelopment": 439,
        "revenue": 9822,
        "sgaExpense": 1361,
        "totalOperatingExpense": 1649
      },
      {
        "costOfGoodsSold": 6418,
        "dilutedAverageSharesOutstanding": 655.6,
        "dilutedEPS": 1.96,
        "ebit": 1840,
        "grossIncome": 3670,
        "interestExpense": 291,
        "interestIncomeExpense": -201,
        "minorityInterest": -5,
        "netIncome": 1285,
        "netIncomeAfterTaxes": 1290,
        "nonRecurringItems": -95,
        "otherOperatingExpensesTotal": -1,
        "period": "2024-12-31",
        "pretaxIncome": 1544,
        "provisionforIncomeTaxes": 254,
        "researchDevelopment": 426,
        "revenue": 10088,
        "sgaExpense": 1405,
        "totalOperatingExpense": 1830
      },
      {
        "costOfGoodsSold": 5979,
        "dilutedAverageSharesOutstanding": 654.1,
        "dilutedEPS": 2.16,
        "ebit": 2125,
        "grossIncome": 3749,
        "interestExpense": 297,
        "interestIncomeExpense": -166,
        "minorityInterest": -2,
        "netIncome": 1413,
        "netIncomeAfterTaxes": 1415,
        "nonRecurringItems": -135,
        "otherOperatingExpensesTotal": -142,
        "period": "2024-09-30",
        "pretaxIncome": 1824,
        "provisionforIncomeTaxes": 409,
        "researchDevelopment": 368,
        "revenue": 9728,
        "sgaExpense": 1398,
        "totalOperatingExpense": 1624
      },
      {
        "costOfGoodsSold": 5856,
        "dilutedAverageSharesOutstanding": 654.2,
        "dilutedEPS": 2.36,
        "ebit": 2127,
        "grossIncome": 3721,
        "interestExpense": 250,
        "interestIncomeExpense": -131,
        "minorityInterest": -16,
        "netIncome": 1544,
        "netIncomeAfterTaxes": 1560,
        "nonRecurringItems": -22,
        "otherOperatingExpensesTotal": -149,
        "period": "2024-06-30",
        "pretaxIncome": 1974,
        "provisionforIncomeTaxes": 414,
        "researchDevelopment": 382,
        "revenue": 9577,
        "sgaExpense": 1361,
        "totalOperatingExpense": 1594
      },
      {
        "costOfGoodsSold": 5583,
        "dilutedAverageSharesOutstanding": 656.6,
        "dilutedEPS": 2.23,
        "ebit": 2013,
        "grossIncome": 3522,
        "interestExpense": 220,
        "interestIncomeExpense": -125,
        "minorityInterest": -12,
        "netIncome": 1463,
        "netIncomeAfterTaxes": 1475,
        "nonRecurringItems": -17,
        "otherOperatingExpensesTotal": -153,
        "period": "2024-03-31",
        "pretaxIncome": 1871,
        "provisionforIncomeTaxes": 396,
        "researchDevelopment": 360,
        "revenue": 9105,
        "sgaExpense": 1302,
        "totalOperatingExpense": 1509
      },
      {
        "costOfGoodsSold": 6201,
        "dilutedAverageSharesOutstanding": 661.6,
        "dilutedEPS": 1.91,
        "ebit": 1572,
        "grossIncome": 3239,
        "interestExpense": 202,
        "interestIncomeExpense": -72,
        "minorityInterest": 15,
        "netIncome": 1263,
        "netIncomeAfterTaxes": 1248,
        "nonRecurringItems": 6,
        "otherOperatingExpensesTotal": 11,
        "period": "2023-12-31",
        "pretaxIncome": 1506,
        "provisionforIncomeTaxes": 258,
        "researchDevelopment": 360,
        "revenue": 9440,
        "sgaExpense": 1296,
        "totalOperatingExpense": 1667
      },
      {
        "costOfGoodsSold": 5670,
        "dilutedAverageSharesOutstanding": 667,
        "dilutedEPS": 2.27,
        "ebit": 2072,
        "grossIncome": 3542,
        "interestExpense": 206,
        "interestIncomeExpense": -105,
        "minorityInterest": -1,
        "netIncome": 1514,
        "netIncomeAfterTaxes": 1515,
        "nonRecurringItems": 0,
        "otherOperatingExpensesTotal": -146,
        "period": "2023-09-30",
        "pretaxIncome": 1967,
        "provisionforIncomeTaxes": 452,
        "researchDevelopment": 364,
        "revenue": 9212,
        "sgaExpense": 1252,
        "totalOperatingExpense": 1470
      },
      {
        "costOfGoodsSold": 5626,
        "dilutedAverageSharesOutstanding": 670.2,
        "dilutedEPS": 2.22,
        "ebit": 2032,
        "grossIncome": 3520,
        "interestExpense": 187,
        "interestIncomeExpense": -115,
        "minorityInterest": -14,
        "netIncome": 1487,
        "netIncomeAfterTaxes": 1501,
        "nonRecurringItems": -13,
        "otherOperatingExpensesTotal": -149,
        "period": "2023-06-30",
        "pretaxIncome": 1904,
        "provisionforIncomeTaxes": 403,
        "researchDevelopment": 375,
        "revenue": 9146,
        "sgaExpense": 1262,
        "totalOperatingExpense": 1488
      },
      {
        "costOfGoodsSold": 5498,
        "dilutedAverageSharesOutstanding": 673,
        "dilutedEPS": 2.07,
        "ebit": 1839,
        "grossIncome": 3366,
        "interestExpense": 170,
        "interestIncomeExpense": -61,
        "minorityInterest": -14,
        "netIncome": 1394,
        "netIncomeAfterTaxes": 1408,
        "nonRecurringItems": 4,
        "otherOperatingExpensesTotal": -147,
        "period": "2023-03-31",
        "pretaxIncome": 1782,
        "provisionforIncomeTaxes": 374,
        "researchDevelopment": 357,
        "revenue": 8864,
        "sgaExpense": 1317,
        "totalOperatingExpense": 1527
      },
      {
        "costOfGoodsSold": 6124,
        "dilutedAverageSharesOutstanding": 676.5,
        "dilutedEPS": 1.51,
        "ebit": 1664,
        "grossIncome": 3062,
        "interestExpense": 144,
        "interestIncomeExpense": -81,
        "minorityInterest": -2,
        "netIncome": 1019,
        "netIncomeAfterTaxes": 1021,
        "nonRecurringItems": -394,
        "otherOperatingExpensesTotal": 221,
        "period": "2022-12-31",
        "pretaxIncome": 1189,
        "provisionforIncomeTaxes": 168,
        "revenue": 9186,
        "sgaExpense": 1177,
        "totalOperatingExpense": 1398
      },
      {
        "costOfGoodsSold": 5981,
        "dilutedAverageSharesOutstanding": 679.6,
        "dilutedEPS": 2.28,
        "ebit": 2040,
        "grossIncome": 2970,
        "interestExpense": 98,
        "interestIncomeExpense": -54,
        "minorityInterest": 3,
        "netIncome": 1552,
        "netIncomeAfterTaxes": 1549,
        "nonRecurringItems": -5,
        "otherOperatingExpensesTotal": -274,
        "period": "2022-09-30",
        "pretaxIncome": 1981,
        "provisionforIncomeTaxes": 432,
        "revenue": 8951,
        "sgaExpense": 1204,
        "totalOperatingExpense": 930
      },
      {
        "costOfGoodsSold": 6046,
        "dilutedAverageSharesOutstanding": 685,
        "dilutedEPS": 1.84,
        "ebit": 1915,
        "grossIncome": 2907,
        "interestExpense": 87,
        "interestIncomeExpense": -79,
        "minorityInterest": -2,
        "netIncome": 1261,
        "netIncomeAfterTaxes": 1263,
        "nonRecurringItems": -132,
        "otherOperatingExpensesTotal": -289,
        "period": "2022-06-30",
        "pretaxIncome": 1704,
        "provisionforIncomeTaxes": 441,
        "revenue": 8953,
        "sgaExpense": 1281,
        "totalOperatingExpense": 992
      },
      {
        "costOfGoodsSold": 5674,
        "dilutedAverageSharesOutstanding": 691.3,
        "dilutedEPS": 1.64,
        "ebit": 1742,
        "grossIncome": 2702,
        "interestExpense": 85,
        "interestIncomeExpense": -49,
        "minorityInterest": 0,
        "netIncome": 1134,
        "netIncomeAfterTaxes": 1134,
        "nonRecurringItems": -188,
        "otherOperatingExpensesTotal": -283,
        "period": "2022-03-31",
        "pretaxIncome": 1505,
        "provisionforIncomeTaxes": 371,
        "revenue": 8376,
        "sgaExpense": 1243,
        "totalOperatingExpense": 960
      },
      {
        "costOfGoodsSold": 5936,
        "dilutedAverageSharesOutstanding": 695.6,
        "dilutedEPS": 2.05,
        "ebit": 1822,
        "grossIncome": 2721,
        "interestExpense": 80,
        "interestIncomeExpense": -37,
        "minorityInterest": -14,
        "netIncome": 1428,
        "netIncomeAfterTaxes": 1442,
        "nonRecurringItems": 8,
        "otherOperatingExpensesTotal": -304,
        "period": "2021-12-31",
        "pretaxIncome": 1793,
        "provisionforIncomeTaxes": 351,
        "revenue": 8657,
        "sgaExpense": 1203,
        "totalOperatingExpense": 899
      },
      {
        "costOfGoodsSold": 5746,
        "dilutedAverageSharesOutstanding": 698.9,
        "dilutedEPS": 1.8,
        "ebit": 1900,
        "grossIncome": 2727,
        "interestExpense": 90,
        "interestIncomeExpense": -45,
        "minorityInterest": -16,
        "netIncome": 1257,
        "netIncomeAfterTaxes": 1273,
        "nonRecurringItems": -155,
        "otherOperatingExpensesTotal": -325,
        "period": "2021-09-30",
        "pretaxIncome": 1700,
        "provisionforIncomeTaxes": 427,
        "revenue": 8473,
        "sgaExpense": 1152,
        "totalOperatingExpense": 827
      },
      {
        "costOfGoodsSold": 6003,
        "dilutedAverageSharesOutstanding": 702.5,
        "dilutedEPS": 2.04,
        "ebit": 1937,
        "grossIncome": 2805,
        "interestExpense": 83,
        "interestIncomeExpense": -55,
        "minorityInterest": -17,
        "netIncome": 1430,
        "netIncomeAfterTaxes": 1447,
        "nonRecurringItems": -1,
        "otherOperatingExpensesTotal": -339,
        "period": "2021-06-30",
        "pretaxIncome": 1881,
        "provisionforIncomeTaxes": 434,
        "revenue": 8808,
        "sgaExpense": 1207,
        "totalOperatingExpense": 868
      },
      {
        "costOfGoodsSold": 5709,
        "dilutedAverageSharesOutstanding": 704.5,
        "dilutedEPS": 2.03,
        "ebit": 1833,
        "grossIncome": 2745,
        "interestExpense": 90,
        "interestIncomeExpense": -62,
        "minorityInterest": -21,
        "netIncome": 1427,
        "netIncomeAfterTaxes": 1448,
        "nonRecurringItems": 90,
        "otherOperatingExpensesTotal": -324,
        "period": "2021-03-31",
        "pretaxIncome": 1861,
        "provisionforIncomeTaxes": 413,
        "revenue": 8454,
        "sgaExpense": 1236,
        "totalOperatingExpense": 912
      },
      {
        "costOfGoodsSold": 5976,
        "dilutedAverageSharesOutstanding": 710,
        "dilutedEPS": 1.91,
        "ebit": 1872,
        "grossIncome": 2924,
        "interestExpense": 95,
        "interestIncomeExpense": 0,
        "minorityInterest": -20,
        "netIncome": 1359,
        "netIncomeAfterTaxes": 1379,
        "nonRecurringItems": -162,
        "otherOperatingExpensesTotal": -196,
        "period": "2020-12-31",
        "pretaxIncome": 1710,
        "provisionforIncomeTaxes": 331,
        "revenue": 8900,
        "sgaExpense": 1248,
        "totalOperatingExpense": 1052
      },
      {
        "costOfGoodsSold": 5383,
        "dilutedAverageSharesOutstanding": 709.6,
        "dilutedEPS": 1.07,
        "ebit": 1561,
        "grossIncome": 2414,
        "interestExpense": 101,
        "interestIncomeExpense": -63,
        "minorityInterest": -23,
        "netIncome": 758,
        "netIncomeAfterTaxes": 781,
        "nonRecurringItems": -350,
        "otherOperatingExpensesTotal": -250,
        "period": "2020-09-30",
        "pretaxIncome": 1148,
        "provisionforIncomeTaxes": 367,
        "revenue": 7797,
        "sgaExpense": 1103,
        "totalOperatingExpense": 853
      },
      {
        "costOfGoodsSold": 5276,
        "dilutedAverageSharesOutstanding": 708.1,
        "dilutedEPS": 1.53,
        "ebit": 1269,
        "grossIncome": 2201,
        "interestExpense": 90,
        "interestIncomeExpense": -50,
        "minorityInterest": -18,
        "netIncome": 1081,
        "netIncomeAfterTaxes": 1099,
        "otherOperatingExpensesTotal": -251,
        "period": "2020-06-30",
        "pretaxIncome": 1219,
        "provisionforIncomeTaxes": 120,
        "revenue": 7477,
        "sgaExpense": 1183,
        "totalOperatingExpense": 932
      },
      {
        "costOfGoodsSold": 5534,
        "dilutedAverageSharesOutstanding": 717,
        "dilutedEPS": 2.21,
        "ebit": 1940,
        "grossIncome": 2929,
        "interestExpense": 73,
        "interestIncomeExpense": -5,
        "minorityInterest": -25,
        "netIncome": 1581,
        "netIncomeAfterTaxes": 1606,
        "otherOperatingExpensesTotal": -249,
        "period": "2020-03-31",
        "pretaxIncome": 1935,
        "provisionforIncomeTaxes": 329,
        "revenue": 8463,
        "sgaExpense": 1238,
        "totalOperatingExpense": 989
      },
      {
        "costOfGoodsSold": 6328,
        "dilutedAverageSharesOutstanding": 722.8,
        "dilutedEPS": 2.16,
        "ebit": 1758,
        "grossIncome": 3168,
        "interestExpense": 91,
        "interestIncomeExpense": 12,
        "minorityInterest": -28,
        "netIncome": 1562,
        "netIncomeAfterTaxes": 1423,
        "nonRecurringItems": -2,
        "otherOperatingExpensesTotal": -63,
        "period": "2019-12-31",
        "pretaxIncome": 1768,
        "provisionforIncomeTaxes": 345,
        "revenue": 9496,
        "sgaExpense": 1473,
        "totalOperatingExpense": 1410
      },
      {
        "costOfGoodsSold": 6038,
        "dilutedAverageSharesOutstanding": 726.7,
        "dilutedEPS": 2.23,
        "ebit": 1943,
        "grossIncome": 3048,
        "interestExpense": 96,
        "interestIncomeExpense": 24,
        "minorityInterest": -24,
        "netIncome": 1624,
        "netIncomeAfterTaxes": 1534,
        "nonRecurringItems": 0,
        "otherOperatingExpensesTotal": -191,
        "period": "2019-09-30",
        "pretaxIncome": 1967,
        "provisionforIncomeTaxes": 433,
        "revenue": 9086,
        "sgaExpense": 1296,
        "totalOperatingExpense": 1105
      },
      {
        "costOfGoodsSold": 6094,
        "dilutedAverageSharesOutstanding": 733,
        "dilutedEPS": 2.1,
        "ebit": 1949,
        "grossIncome": 3149,
        "interestExpense": 85,
        "interestIncomeExpense": 32,
        "minorityInterest": -15,
        "netIncome": 1541,
        "netIncomeAfterTaxes": 1556,
        "nonRecurringItems": 1,
        "otherOperatingExpensesTotal": -187,
        "period": "2019-06-30",
        "pretaxIncome": 1982,
        "provisionforIncomeTaxes": 426,
        "revenue": 9243,
        "sgaExpense": 1387,
        "totalOperatingExpense": 1200
      },
      {
        "costOfGoodsSold": 5879,
        "dilutedAverageSharesOutstanding": 738.8,
        "dilutedEPS": 1.92,
        "ebit": 1840,
        "grossIncome": 3005,
        "interestExpense": 85,
        "interestIncomeExpense": 2,
        "minorityInterest": -20,
        "netIncome": 1416,
        "netIncomeAfterTaxes": 1436,
        "nonRecurringItems": 0,
        "otherOperatingExpensesTotal": -198,
        "period": "2019-03-31",
        "pretaxIncome": 1842,
        "provisionforIncomeTaxes": 406,
        "revenue": 8884,
        "sgaExpense": 1363,
        "totalOperatingExpense": 1165
      },
      {
        "costOfGoodsSold": 6685,
        "dilutedAverageSharesOutstanding": 744,
        "dilutedEPS": 2.31,
        "ebit": 1637,
        "grossIncome": 3044,
        "interestExpense": 90,
        "interestIncomeExpense": 170,
        "minorityInterest": -19,
        "netIncome": 1721,
        "netIncomeAfterTaxes": 1300,
        "nonRecurringItems": -87,
        "otherOperatingExpensesTotal": -117,
        "period": "2018-12-31",
        "pretaxIncome": 1720,
        "provisionforIncomeTaxes": 420,
        "revenue": 9729,
        "sgaExpense": 1524,
        "totalOperatingExpense": 1407
      },
      {
        "costOfGoodsSold": 7556,
        "dilutedAverageSharesOutstanding": 752,
        "dilutedEPS": 3.11,
        "ebit": 1959,
        "grossIncome": 3206,
        "interestExpense": 99,
        "interestIncomeExpense": 15,
        "minorityInterest": -18,
        "netIncome": 2338,
        "netIncomeAfterTaxes": 2356,
        "nonRecurringItems": -116,
        "otherOperatingExpensesTotal": -277,
        "period": "2018-09-30",
        "pretaxIncome": 1858,
        "provisionforIncomeTaxes": -498,
        "revenue": 10762,
        "sgaExpense": 1524,
        "totalOperatingExpense": 1247
      },
      {
        "costOfGoodsSold": 7613,
        "dilutedAverageSharesOutstanding": 755,
        "dilutedEPS": 1.68,
        "ebit": 1740,
        "grossIncome": 3306,
        "interestExpense": 95,
        "interestIncomeExpense": 322,
        "minorityInterest": -13,
        "netIncome": 1267,
        "netIncomeAfterTaxes": 1280,
        "nonRecurringItems": -63,
        "otherOperatingExpensesTotal": 38,
        "period": "2018-06-30",
        "pretaxIncome": 1999,
        "provisionforIncomeTaxes": 719,
        "revenue": 10919,
        "sgaExpense": 1528,
        "totalOperatingExpense": 1566
      },
      {
        "costOfGoodsSold": 7193,
        "dilutedAverageSharesOutstanding": 761,
        "dilutedEPS": 1.89,
        "ebit": 2114,
        "grossIncome": 3199,
        "interestExpense": 83,
        "interestIncomeExpense": -150,
        "minorityInterest": -13,
        "netIncome": 1438,
        "netIncomeAfterTaxes": 1451,
        "nonRecurringItems": -55,
        "otherOperatingExpensesTotal": -390,
        "period": "2018-03-31",
        "pretaxIncome": 1909,
        "provisionforIncomeTaxes": 458,
        "revenue": 10392,
        "sgaExpense": 1475,
        "totalOperatingExpense": 1085
      },
      {
        "costOfGoodsSold": 8065,
        "dilutedAverageSharesOutstanding": 759.1,
        "dilutedEPS": -3.32,
        "ebit": 1749,
        "grossIncome": 2778,
        "interestExpense": 81,
        "interestIncomeExpense": -68,
        "minorityInterest": -12,
        "netIncome": -2521,
        "netIncomeAfterTaxes": 511,
        "nonRecurringItems": -16,
        "otherOperatingExpensesTotal": -881,
        "period": "2017-12-31",
        "pretaxIncome": 1665,
        "provisionforIncomeTaxes": 1154,
        "revenue": 10843,
        "sgaExpense": 1910,
        "totalOperatingExpense": 1029
      },
      {
        "costOfGoodsSold": 6873,
        "dilutedAverageSharesOutstanding": 771.4,
        "dilutedEPS": 1.75,
        "ebit": 1788,
        "grossIncome": 3248,
        "interestExpense": 81,
        "interestIncomeExpense": -5,
        "minorityInterest": -17,
        "netIncome": 1348,
        "netIncomeAfterTaxes": 1365,
        "otherOperatingExpensesTotal": 13,
        "period": "2017-09-30",
        "pretaxIncome": 1783,
        "provisionforIncomeTaxes": 418,
        "revenue": 10121,
        "sgaExpense": 1447,
        "totalOperatingExpense": 1460
      },
      {
        "costOfGoodsSold": 6850,
        "dilutedAverageSharesOutstanding": 774,
        "dilutedEPS": 1.8,
        "ebit": 1773,
        "grossIncome": 3228,
        "interestExpense": 79,
        "interestIncomeExpense": 5,
        "minorityInterest": -8,
        "netIncome": 1392,
        "netIncomeAfterTaxes": 1400,
        "otherOperatingExpensesTotal": 74,
        "period": "2017-06-30",
        "pretaxIncome": 1778,
        "provisionforIncomeTaxes": 378,
        "revenue": 10078,
        "sgaExpense": 1381,
        "totalOperatingExpense": 1455
      },
      {
        "costOfGoodsSold": 6356,
        "dilutedAverageSharesOutstanding": 773.9,
        "dilutedEPS": 1.71,
        "ebit": 1765,
        "grossIncome": 3136,
        "interestExpense": 75,
        "interestIncomeExpense": -41,
        "minorityInterest": -6,
        "netIncome": 1326,
        "netIncomeAfterTaxes": 1332,
        "otherOperatingExpensesTotal": 22,
        "period": "2017-03-31",
        "pretaxIncome": 1724,
        "provisionforIncomeTaxes": 392,
        "revenue": 9492,
        "sgaExpense": 1349,
        "totalOperatingExpense": 1371
      },
      {
        "costOfGoodsSold": 7406,
        "dilutedAverageSharesOutstanding": 772.3,
        "dilutedEPS": 1.34,
        "ebit": 1405,
        "grossIncome": 2579,
        "interestExpense": 86,
        "interestIncomeExpense": 32,
        "minorityInterest": -11,
        "netIncome": 1037,
        "netIncomeAfterTaxes": 1048,
        "otherOperatingExpensesTotal": -424,
        "period": "2016-12-31",
        "pretaxIncome": 1437,
        "provisionforIncomeTaxes": 389,
        "revenue": 9985,
        "sgaExpense": 1598,
        "totalOperatingExpense": 1174
      },
      {
        "costOfGoodsSold": 6903,
        "dilutedAverageSharesOutstanding": 774.4,
        "dilutedEPS": 1.6,
        "ebit": 1690,
        "grossIncome": 2901,
        "interestExpense": 87,
        "interestIncomeExpense": -63,
        "minorityInterest": -8,
        "netIncome": 1240,
        "netIncomeAfterTaxes": 1248,
        "nonRecurringItems": 5,
        "otherOperatingExpensesTotal": -156,
        "period": "2016-09-30",
        "pretaxIncome": 1632,
        "provisionforIncomeTaxes": 384,
        "revenue": 9804,
        "sgaExpense": 1367,
        "totalOperatingExpense": 1211
      },
      {
        "costOfGoodsSold": 6821,
        "dilutedAverageSharesOutstanding": 774.9,
        "dilutedEPS": 1.7,
        "ebit": 1718,
        "grossIncome": 3170,
        "interestExpense": 85,
        "interestIncomeExpense": 37,
        "minorityInterest": -8,
        "netIncome": 1319,
        "netIncomeAfterTaxes": 1327,
        "otherOperatingExpensesTotal": 123,
        "period": "2016-06-30",
        "pretaxIncome": 1755,
        "provisionforIncomeTaxes": 428,
        "revenue": 9991,
        "sgaExpense": 1329,
        "totalOperatingExpense": 1452
      },
      {
        "costOfGoodsSold": 6547,
        "dilutedAverageSharesOutstanding": 779.6,
        "dilutedEPS": 1.56,
        "ebit": 1681,
        "grossIncome": 2975,
        "interestExpense": 85,
        "interestIncomeExpense": -53,
        "minorityInterest": -10,
        "netIncome": 1216,
        "netIncomeAfterTaxes": 1226,
        "otherOperatingExpensesTotal": 14,
        "period": "2016-03-31",
        "pretaxIncome": 1628,
        "provisionforIncomeTaxes": 402,
        "revenue": 9522,
        "sgaExpense": 1280,
        "totalOperatingExpense": 1294
      },
      {
        "costOfGoodsSold": 6917,
        "dilutedAverageSharesOutstanding": 780.9,
        "dilutedEPS": 1.53,
        "ebit": 1737,
        "grossIncome": 3065,
        "interestExpense": 89,
        "interestIncomeExpense": -89,
        "minorityInterest": -9,
        "netIncome": 1194,
        "netIncomeAfterTaxes": 1203,
        "nonRecurringItems": 5,
        "otherOperatingExpensesTotal": -4,
        "period": "2015-12-31",
        "pretaxIncome": 1653,
        "provisionforIncomeTaxes": 450,
        "revenue": 9982,
        "sgaExpense": 1332,
        "totalOperatingExpense": 1328
      },
      {
        "costOfGoodsSold": 6654,
        "dilutedAverageSharesOutstanding": 789.5,
        "dilutedEPS": 1.6,
        "ebit": 1779,
        "grossIncome": 2957,
        "interestExpense": 77,
        "interestIncomeExpense": -77,
        "minorityInterest": -12,
        "netIncome": 1264,
        "netIncomeAfterTaxes": 1276,
        "nonRecurringItems": 5,
        "otherOperatingExpensesTotal": -24,
        "period": "2015-09-30",
        "pretaxIncome": 1707,
        "provisionforIncomeTaxes": 431,
        "revenue": 9611,
        "sgaExpense": 1202,
        "totalOperatingExpense": 1178
      }
    ],
    "symbol": "HON"
  }
}