{
  "symbol": "PPL",
  "statement": "ic",
  "frequency": "quarterly",
  "timestamp": "2025-09-19T14:05:40.998613",
  "data": {
    "financials": [
      {
        "costOfGoodsSold": 388,
        "depreciationAmortization": 324,
        "dilutedAverageSharesOutstanding": 742.541,
        "dilutedEPS": 0.2465,
        "ebit": 406,
        "grossIncome": 1637,
        "interestExpense": 199,
        "interestIncomeExpense": -189,
        "netIncome": 183,
        "netIncomeAfterTaxes": 183,
        "operationsMaintenance": 614,
        "otherOperatingExpensesTotal": 101,
        "otherRevenue": 2025,
        "period": "2025-06-30",
        "pretaxIncome": 230,
        "provisionforIncomeTaxes": 47,
        "purchasedFuelPowerGas": 192,
        "revenue": 2025,
        "totalOperatingExpense": 1231,
        "totalOtherIncomeExpenseNet": 13
      },
      {
        "costOfGoodsSold": 559,
        "depreciationAmortization": 322,
        "dilutedAverageSharesOutstanding": 741.4,
        "dilutedEPS": 0.5584,
        "ebit": 678,
        "grossIncome": 1945,
        "interestExpense": 190,
        "interestIncomeExpense": -183,
        "netIncome": 414,
        "netIncomeAfterTaxes": 414,
        "operationsMaintenance": 598,
        "otherOperatingExpensesTotal": 113,
        "otherRevenue": 2504,
        "period": "2025-03-31",
        "pretaxIncome": 516,
        "provisionforIncomeTaxes": 102,
        "purchasedFuelPowerGas": 234,
        "revenue": 2504,
        "totalOperatingExpense": 1267,
        "totalOtherIncomeExpenseNet": 21
      },
      {
        "costOfGoodsSold": 546,
        "depreciationAmortization": 322,
        "dilutedAverageSharesOutstanding": 741.062,
        "dilutedEPS": 0.2389,
        "ebit": 377,
        "grossIncome": 1665,
        "interestExpense": 189,
        "interestIncomeExpense": -181,
        "netIncome": 177,
        "netIncomeAfterTaxes": 177,
        "operationsMaintenance": 677,
        "otherOperatingExpensesTotal": 103,
        "otherRevenue": 2211,
        "period": "2024-12-31",
        "pretaxIncome": 216,
        "provisionforIncomeTaxes": 39,
        "purchasedFuelPowerGas": 186,
        "revenue": 2211,
        "totalOperatingExpense": 1288,
        "totalOtherIncomeExpenseNet": 20
      },
      {
        "costOfGoodsSold": 338,
        "depreciationAmortization": 322,
        "dilutedAverageSharesOutstanding": 739.965,
        "dilutedEPS": 0.2879,
        "ebit": 428,
        "grossIncome": 1728,
        "interestExpense": 188,
        "interestIncomeExpense": -178,
        "netIncome": 213,
        "netIncomeAfterTaxes": 214,
        "operationsMaintenance": 681,
        "otherOperatingExpensesTotal": 90,
        "otherRevenue": 2066,
        "period": "2024-09-30",
        "pretaxIncome": 272,
        "provisionforIncomeTaxes": 58,
        "purchasedFuelPowerGas": 207,
        "revenue": 2066,
        "totalOperatingExpense": 1300,
        "totalOtherIncomeExpenseNet": 22
      },
      {
        "costOfGoodsSold": 275,
        "depreciationAmortization": 319,
        "dilutedAverageSharesOutstanding": 739.563,
        "dilutedEPS": 0.2556,
        "ebit": 390,
        "grossIncome": 1606,
        "interestExpense": 182,
        "interestIncomeExpense": -176,
        "netIncome": 189,
        "netIncomeAfterTaxes": 190,
        "operationsMaintenance": 623,
        "otherOperatingExpensesTotal": 93,
        "otherRevenue": 1881,
        "period": "2024-06-30",
        "pretaxIncome": 240,
        "provisionforIncomeTaxes": 50,
        "purchasedFuelPowerGas": 181,
        "revenue": 1881,
        "totalOperatingExpense": 1216,
        "totalOtherIncomeExpenseNet": 26
      },
      {
        "costOfGoodsSold": 520,
        "depreciationAmortization": 316,
        "dilutedAverageSharesOutstanding": 738.82,
        "dilutedEPS": 0.4155,
        "ebit": 545,
        "grossIncome": 1784,
        "interestExpense": 179,
        "interestIncomeExpense": -172,
        "netIncome": 307,
        "netIncomeAfterTaxes": 307,
        "operationsMaintenance": 626,
        "otherOperatingExpensesTotal": 88,
        "otherRevenue": 2304,
        "period": "2024-03-31",
        "pretaxIncome": 388,
        "provisionforIncomeTaxes": 81,
        "purchasedFuelPowerGas": 209,
        "revenue": 2304,
        "totalOperatingExpense": 1239,
        "totalOtherIncomeExpenseNet": 15
      },
      {
        "costOfGoodsSold": 411,
        "depreciationAmortization": 314,
        "dilutedAverageSharesOutstanding": 738.601,
        "dilutedEPS": 0.153,
        "ebit": 390,
        "grossIncome": 1620,
        "interestExpense": 172,
        "interestIncomeExpense": -162,
        "netIncome": 113,
        "netIncomeAfterTaxes": 113,
        "operationsMaintenance": 657,
        "otherOperatingExpensesTotal": 93,
        "otherRevenue": 2031,
        "period": "2023-12-31",
        "pretaxIncome": 127,
        "provisionforIncomeTaxes": 14,
        "purchasedFuelPowerGas": 166,
        "revenue": 2031,
        "totalOperatingExpense": 1230,
        "totalOtherIncomeExpenseNet": -101
      },
      {
        "costOfGoodsSold": 356,
        "depreciationAmortization": 314,
        "dilutedAverageSharesOutstanding": 738.184,
        "dilutedEPS": 0.3116,
        "ebit": 437,
        "grossIncome": 1687,
        "interestExpense": 165,
        "interestIncomeExpense": -161,
        "netIncome": 230,
        "netIncomeAfterTaxes": 230,
        "operationsMaintenance": 637,
        "otherOperatingExpensesTotal": 100,
        "otherRevenue": 2043,
        "period": "2023-09-30",
        "pretaxIncome": 288,
        "provisionforIncomeTaxes": 58,
        "purchasedFuelPowerGas": 199,
        "revenue": 2043,
        "totalOperatingExpense": 1250,
        "totalOtherIncomeExpenseNet": 12
      },
      {
        "costOfGoodsSold": 340,
        "depreciationAmortization": 313,
        "dilutedAverageSharesOutstanding": 738.177,
        "dilutedEPS": 0.1517,
        "ebit": 305,
        "grossIncome": 1483,
        "interestExpense": 165,
        "interestIncomeExpense": -157,
        "netIncome": 112,
        "netIncomeAfterTaxes": 112,
        "operationsMaintenance": 609,
        "otherOperatingExpensesTotal": 89,
        "otherRevenue": 1823,
        "period": "2023-06-30",
        "pretaxIncome": 145,
        "provisionforIncomeTaxes": 33,
        "purchasedFuelPowerGas": 167,
        "revenue": 1823,
        "totalOperatingExpense": 1178,
        "totalOtherIncomeExpenseNet": -3
      },
      {
        "costOfGoodsSold": 734,
        "depreciationAmortization": 313,
        "dilutedAverageSharesOutstanding": 737.698,
        "dilutedEPS": 0.3863,
        "ebit": 498,
        "grossIncome": 1681,
        "interestExpense": 164,
        "interestIncomeExpense": -154,
        "netIncome": 285,
        "netIncomeAfterTaxes": 285,
        "operationsMaintenance": 559,
        "otherOperatingExpensesTotal": 110,
        "otherRevenue": 2415,
        "period": "2023-03-31",
        "pretaxIncome": 364,
        "provisionforIncomeTaxes": 79,
        "purchasedFuelPowerGas": 201,
        "revenue": 2415,
        "totalOperatingExpense": 1183,
        "totalOtherIncomeExpenseNet": 20
      },
      {
        "costOfGoodsSold": 593,
        "depreciationAmortization": 309,
        "dilutedAverageSharesOutstanding": 737.571,
        "dilutedEPS": 0.25,
        "ebit": 336,
        "grossIncome": 1697,
        "interestExpense": 152,
        "interestIncomeExpense": -146,
        "netIncome": 190,
        "netIncomeAfterTaxes": 148,
        "operationsMaintenance": 727,
        "otherOperatingExpensesTotal": 102,
        "otherRevenue": 2290,
        "period": "2022-12-31",
        "pretaxIncome": 202,
        "provisionforIncomeTaxes": 54,
        "purchasedFuelPowerGas": 223,
        "revenue": 2290,
        "totalOperatingExpense": 1361,
        "totalOtherIncomeExpenseNet": 12
      },
      {
        "costOfGoodsSold": 436,
        "depreciationAmortization": 312,
        "dilutedAverageSharesOutstanding": 737.074,
        "dilutedEPS": 0.2361,
        "ebit": 341,
        "grossIncome": 1698,
        "interestExpense": 136,
        "interestIncomeExpense": -136,
        "netIncome": 174,
        "netIncomeAfterTaxes": 174,
        "operationsMaintenance": 678,
        "otherOperatingExpensesTotal": 100,
        "otherRevenue": 2134,
        "period": "2022-09-30",
        "pretaxIncome": 215,
        "provisionforIncomeTaxes": 41,
        "purchasedFuelPowerGas": 267,
        "revenue": 2134,
        "totalOperatingExpense": 1357,
        "totalOtherIncomeExpenseNet": 10
      },
      {
        "costOfGoodsSold": 305,
        "depreciationAmortization": 289,
        "dilutedAverageSharesOutstanding": 736.769,
        "dilutedEPS": 0.1615,
        "ebit": 243,
        "grossIncome": 1391,
        "interestExpense": 118,
        "interestIncomeExpense": -119,
        "netIncome": 119,
        "netIncomeAfterTaxes": 119,
        "operationsMaintenance": 560,
        "otherOperatingExpensesTotal": 70,
        "otherRevenue": 1696,
        "period": "2022-06-30",
        "pretaxIncome": 151,
        "provisionforIncomeTaxes": 32,
        "purchasedFuelPowerGas": 229,
        "revenue": 1696,
        "totalOperatingExpense": 1148,
        "totalOtherIncomeExpenseNet": 27
      },
      {
        "costOfGoodsSold": 352,
        "depreciationAmortization": 271,
        "dilutedAverageSharesOutstanding": 736.184,
        "dilutedEPS": 0.3708,
        "ebit": 454,
        "grossIncome": 1430,
        "interestExpense": 107,
        "interestIncomeExpense": -107,
        "netIncome": 273,
        "netIncomeAfterTaxes": 273,
        "operationsMaintenance": 433,
        "otherOperatingExpensesTotal": 60,
        "otherRevenue": 1782,
        "period": "2022-03-31",
        "pretaxIncome": 347,
        "provisionforIncomeTaxes": 74,
        "purchasedFuelPowerGas": 212,
        "revenue": 1782,
        "totalOperatingExpense": 976,
        "totalOtherIncomeExpenseNet": 0
      },
      {
        "costOfGoodsSold": 228,
        "depreciationAmortization": 272,
        "dilutedAverageSharesOutstanding": 745.265,
        "dilutedEPS": 0.1905,
        "ebit": 308,
        "grossIncome": 1257,
        "interestExpense": 108,
        "interestIncomeExpense": -106,
        "netIncome": 134,
        "netIncomeAfterTaxes": 142,
        "nonRecurringItems": 0,
        "operationsMaintenance": 444,
        "otherOperatingExpensesTotal": 54,
        "otherRevenue": 1485,
        "period": "2021-12-31",
        "pretaxIncome": 190,
        "provisionforIncomeTaxes": 48,
        "purchasedFuelPowerGas": 179,
        "revenue": 1485,
        "totalOperatingExpense": 949,
        "totalOtherIncomeExpenseNet": -12
      },
      {
        "costOfGoodsSold": 167,
        "depreciationAmortization": 274,
        "dilutedAverageSharesOutstanding": 769.849,
        "dilutedEPS": 0.2715,
        "ebit": 431,
        "grossIncome": 1345,
        "interestExpense": 183,
        "interestIncomeExpense": -177,
        "netIncome": 207,
        "netIncomeAfterTaxes": 209,
        "operationsMaintenance": 393,
        "otherOperatingExpensesTotal": 52,
        "otherRevenue": 1512,
        "period": "2021-09-30",
        "pretaxIncome": 260,
        "provisionforIncomeTaxes": 51,
        "purchasedFuelPowerGas": 195,
        "revenue": 1512,
        "totalOperatingExpense": 914,
        "totalOtherIncomeExpenseNet": 6
      },
      {
        "costOfGoodsSold": 137,
        "depreciationAmortization": 269,
        "dilutedAverageSharesOutstanding": 769.466,
        "dilutedEPS": 0.02,
        "ebit": 307,
        "grossIncome": 1151,
        "interestExpense": 474,
        "interestIncomeExpense": -470,
        "netIncome": 19,
        "netIncomeAfterTaxes": -536,
        "nonRecurringItems": -37,
        "operationsMaintenance": 367,
        "otherOperatingExpensesTotal": 49,
        "otherRevenue": 1288,
        "period": "2021-06-30",
        "pretaxIncome": -191,
        "provisionforIncomeTaxes": 345,
        "purchasedFuelPowerGas": 159,
        "revenue": 1288,
        "totalOperatingExpense": 844,
        "totalOtherIncomeExpenseNet": 9
      },
      {
        "costOfGoodsSold": 220,
        "depreciationAmortization": 267,
        "dilutedAverageSharesOutstanding": 769.2,
        "dilutedEPS": -2.39,
        "ebit": 415,
        "grossIncome": 1278,
        "interestExpense": 153,
        "interestIncomeExpense": -153,
        "netIncome": -1840,
        "netIncomeAfterTaxes": 203,
        "operationsMaintenance": 367,
        "otherOperatingExpensesTotal": 52,
        "otherRevenue": 1498,
        "period": "2021-03-31",
        "pretaxIncome": 262,
        "provisionforIncomeTaxes": 59,
        "purchasedFuelPowerGas": 177,
        "revenue": 1498,
        "totalOperatingExpense": 863,
        "totalOtherIncomeExpenseNet": 0
      },
      {
        "costOfGoodsSold": 164,
        "depreciationAmortization": 328,
        "dilutedAverageSharesOutstanding": 769.7,
        "dilutedEPS": 0.38,
        "ebit": 704,
        "grossIncome": 1765,
        "interestExpense": 155,
        "interestIncomeExpense": -244,
        "netIncome": 289,
        "netIncomeAfterTaxes": 290,
        "operationsMaintenance": 498,
        "otherOperatingExpensesTotal": 81,
        "otherRevenue": 1929,
        "period": "2020-12-31",
        "pretaxIncome": 369,
        "provisionforIncomeTaxes": 79,
        "purchasedFuelPowerGas": 154,
        "revenue": 1929,
        "totalOperatingExpense": 1061,
        "totalOtherIncomeExpenseNet": -91
      },
      {
        "costOfGoodsSold": 136,
        "depreciationAmortization": 323,
        "dilutedAverageSharesOutstanding": 769.7,
        "dilutedEPS": 0.37,
        "ebit": 687,
        "grossIncome": 1749,
        "interestExpense": 161,
        "interestIncomeExpense": -267,
        "netIncome": 281,
        "netIncomeAfterTaxes": 281,
        "operationsMaintenance": 483,
        "otherOperatingExpensesTotal": 79,
        "otherRevenue": 1885,
        "period": "2020-09-30",
        "pretaxIncome": 490,
        "provisionforIncomeTaxes": 209,
        "purchasedFuelPowerGas": 177,
        "revenue": 1885,
        "totalOperatingExpense": 1062,
        "totalOtherIncomeExpenseNet": 70
      },
      {
        "costOfGoodsSold": 133,
        "depreciationAmortization": 319,
        "dilutedAverageSharesOutstanding": 769.4,
        "dilutedEPS": 0.45,
        "ebit": 595,
        "grossIncome": 1606,
        "interestExpense": 164,
        "interestIncomeExpense": -251,
        "netIncome": 344,
        "netIncomeAfterTaxes": 344,
        "operationsMaintenance": 487,
        "otherOperatingExpensesTotal": 67,
        "otherRevenue": 1739,
        "period": "2020-06-30",
        "pretaxIncome": 418,
        "provisionforIncomeTaxes": 74,
        "purchasedFuelPowerGas": 138,
        "revenue": 1739,
        "totalOperatingExpense": 1011,
        "totalOtherIncomeExpenseNet": 74
      },
      {
        "costOfGoodsSold": 201,
        "depreciationAmortization": 250,
        "dilutedAverageSharesOutstanding": 768.7,
        "dilutedEPS": 0.72,
        "ebit": 424,
        "grossIncome": 1239,
        "interestExpense": 154,
        "interestIncomeExpense": -153,
        "netIncome": 554,
        "netIncomeAfterTaxes": 204,
        "operationsMaintenance": 355,
        "otherOperatingExpensesTotal": 47,
        "otherRevenue": 1440,
        "period": "2020-03-31",
        "pretaxIncome": 265,
        "provisionforIncomeTaxes": 61,
        "purchasedFuelPowerGas": 163,
        "revenue": 1440,
        "totalOperatingExpense": 815,
        "totalOtherIncomeExpenseNet": -6
      },
      {
        "costOfGoodsSold": 185,
        "depreciationAmortization": 309,
        "dilutedAverageSharesOutstanding": 755,
        "dilutedEPS": 0.48,
        "ebit": 693,
        "grossIncome": 1769,
        "interestExpense": -122,
        "interestIncomeExpense": -318,
        "netIncome": 365,
        "netIncomeAfterTaxes": 364,
        "operationsMaintenance": 533,
        "otherOperatingExpensesTotal": 81,
        "otherRevenue": 1954,
        "period": "2019-12-31",
        "pretaxIncome": 445,
        "provisionforIncomeTaxes": 81,
        "purchasedFuelPowerGas": 153,
        "revenue": 1954,
        "totalOperatingExpense": 1076,
        "totalOtherIncomeExpenseNet": 70
      },
      {
        "costOfGoodsSold": 150,
        "depreciationAmortization": 306,
        "dilutedAverageSharesOutstanding": 731.2,
        "dilutedEPS": 0.65,
        "ebit": 726,
        "grossIncome": 1783,
        "interestExpense": 258,
        "interestIncomeExpense": -215,
        "netIncome": 475,
        "netIncomeAfterTaxes": 475,
        "operationsMaintenance": 480,
        "otherOperatingExpensesTotal": 77,
        "otherRevenue": 1933,
        "period": "2019-09-30",
        "pretaxIncome": 593,
        "provisionforIncomeTaxes": 118,
        "purchasedFuelPowerGas": 194,
        "revenue": 1933,
        "totalOperatingExpense": 1057,
        "totalOtherIncomeExpenseNet": 82
      },
      {
        "costOfGoodsSold": 138,
        "depreciationAmortization": 300,
        "dilutedAverageSharesOutstanding": 730.9,
        "dilutedEPS": 0.6,
        "ebit": 640,
        "grossIncome": 1665,
        "interestExpense": 245,
        "interestIncomeExpense": -201,
        "netIncome": 440,
        "netIncomeAfterTaxes": 441,
        "operationsMaintenance": 482,
        "otherOperatingExpensesTotal": 75,
        "otherRevenue": 1803,
        "period": "2019-06-30",
        "pretaxIncome": 525,
        "provisionforIncomeTaxes": 84,
        "purchasedFuelPowerGas": 168,
        "revenue": 1803,
        "totalOperatingExpense": 1025,
        "totalOtherIncomeExpenseNet": 86
      },
      {
        "costOfGoodsSold": 250,
        "depreciationAmortization": 284,
        "dilutedAverageSharesOutstanding": 730,
        "dilutedEPS": 0.64,
        "ebit": 781,
        "grossIncome": 1829,
        "interestExpense": 240,
        "interestIncomeExpense": -274,
        "netIncome": 466,
        "netIncomeAfterTaxes": 466,
        "operationsMaintenance": 490,
        "otherOperatingExpensesTotal": 80,
        "otherRevenue": 2079,
        "period": "2019-03-31",
        "pretaxIncome": 592,
        "provisionforIncomeTaxes": 126,
        "purchasedFuelPowerGas": 194,
        "revenue": 2079,
        "totalOperatingExpense": 1048,
        "totalOtherIncomeExpenseNet": 85
      },
      {
        "costOfGoodsSold": 207,
        "depreciationAmortization": 277,
        "dilutedAverageSharesOutstanding": 727.6,
        "dilutedEPS": 0.57,
        "ebit": 657,
        "grossIncome": 1732,
        "interestExpense": 245,
        "interestIncomeExpense": -245,
        "netIncome": 415,
        "netIncomeAfterTaxes": 415,
        "operationsMaintenance": 530,
        "otherOperatingExpensesTotal": 78,
        "otherRevenue": 1939,
        "period": "2018-12-31",
        "pretaxIncome": 511,
        "provisionforIncomeTaxes": 96,
        "purchasedFuelPowerGas": 190,
        "revenue": 1939,
        "totalOperatingExpense": 1075,
        "totalOtherIncomeExpenseNet": 99
      },
      {
        "costOfGoodsSold": 149,
        "depreciationAmortization": 275,
        "dilutedAverageSharesOutstanding": 710.5,
        "dilutedEPS": 0.62,
        "ebit": 686,
        "grossIncome": 1723,
        "interestExpense": 244,
        "interestIncomeExpense": -244,
        "netIncome": 444,
        "netIncomeAfterTaxes": 445,
        "operationsMaintenance": 479,
        "otherOperatingExpensesTotal": 77,
        "otherRevenue": 1872,
        "period": "2018-09-30",
        "pretaxIncome": 548,
        "provisionforIncomeTaxes": 103,
        "purchasedFuelPowerGas": 206,
        "revenue": 1872,
        "totalOperatingExpense": 1037,
        "totalOtherIncomeExpenseNet": 106
      },
      {
        "costOfGoodsSold": 148,
        "depreciationAmortization": 273,
        "dilutedAverageSharesOutstanding": 701,
        "dilutedEPS": 0.73,
        "ebit": 658,
        "grossIncome": 1700,
        "interestExpense": 235,
        "interestIncomeExpense": -235,
        "netIncome": 515,
        "netIncomeAfterTaxes": 515,
        "operationsMaintenance": 506,
        "otherOperatingExpensesTotal": 74,
        "otherRevenue": 1848,
        "period": "2018-06-30",
        "pretaxIncome": 657,
        "provisionforIncomeTaxes": 142,
        "purchasedFuelPowerGas": 189,
        "revenue": 1848,
        "totalOperatingExpense": 1042,
        "totalOtherIncomeExpenseNet": 234
      },
      {
        "costOfGoodsSold": 241,
        "depreciationAmortization": 269,
        "dilutedAverageSharesOutstanding": 695.3,
        "dilutedEPS": 0.65,
        "ebit": 851,
        "grossIncome": 1885,
        "interestExpense": 239,
        "interestIncomeExpense": -239,
        "netIncome": 451,
        "netIncomeAfterTaxes": 452,
        "operationsMaintenance": 468,
        "otherOperatingExpensesTotal": 83,
        "otherRevenue": 2126,
        "period": "2018-03-31",
        "pretaxIncome": 569,
        "provisionforIncomeTaxes": 117,
        "purchasedFuelPowerGas": 214,
        "revenue": 2126,
        "totalOperatingExpense": 1034,
        "totalOtherIncomeExpenseNet": -43
      },
      {
        "costOfGoodsSold": 191,
        "depreciationAmortization": 263,
        "dilutedAverageSharesOutstanding": 691.1,
        "dilutedEPS": 0.11,
        "ebit": 916,
        "grossIncome": 1735,
        "interestExpense": 232,
        "interestIncomeExpense": -232,
        "netIncome": 78,
        "netIncomeAfterTaxes": 399,
        "operationsMaintenance": 295,
        "otherOperatingExpensesTotal": 78,
        "otherRevenue": 1926,
        "period": "2017-12-31",
        "pretaxIncome": 541,
        "provisionforIncomeTaxes": 142,
        "purchasedFuelPowerGas": 183,
        "revenue": 1926,
        "totalOperatingExpense": 819,
        "totalOtherIncomeExpenseNet": -143
      },
      {
        "costOfGoodsSold": 143,
        "depreciationAmortization": 257,
        "dilutedAverageSharesOutstanding": 688.7,
        "dilutedEPS": 0.51,
        "ebit": 736,
        "grossIncome": 1702,
        "interestExpense": 230,
        "interestIncomeExpense": -230,
        "netIncome": 354,
        "netIncomeAfterTaxes": 355,
        "operationsMaintenance": 438,
        "otherOperatingExpensesTotal": 69,
        "otherRevenue": 1845,
        "period": "2017-09-30",
        "pretaxIncome": 471,
        "provisionforIncomeTaxes": 116,
        "purchasedFuelPowerGas": 202,
        "revenue": 1845,
        "totalOperatingExpense": 966,
        "totalOtherIncomeExpenseNet": -35
      },
      {
        "costOfGoodsSold": 136,
        "depreciationAmortization": 246,
        "dilutedAverageSharesOutstanding": 686.4,
        "dilutedEPS": 0.43,
        "ebit": 702,
        "grossIncome": 1589,
        "interestExpense": 222,
        "interestIncomeExpense": -222,
        "netIncome": 292,
        "netIncomeAfterTaxes": 292,
        "operationsMaintenance": 388,
        "otherOperatingExpensesTotal": 70,
        "otherRevenue": 1725,
        "period": "2017-06-30",
        "pretaxIncome": 368,
        "provisionforIncomeTaxes": 76,
        "purchasedFuelPowerGas": 183,
        "revenue": 1725,
        "totalOperatingExpense": 887,
        "totalOtherIncomeExpenseNet": -112
      },
      {
        "costOfGoodsSold": 215,
        "depreciationAmortization": 242,
        "dilutedAverageSharesOutstanding": 683.1,
        "dilutedEPS": 0.59,
        "ebit": 796,
        "grossIncome": 1736,
        "interestExpense": 217,
        "interestIncomeExpense": -217,
        "netIncome": 402,
        "netIncomeAfterTaxes": 403,
        "operationsMaintenance": 432,
        "otherOperatingExpensesTotal": 75,
        "otherRevenue": 1951,
        "period": "2017-03-31",
        "pretaxIncome": 532,
        "provisionforIncomeTaxes": 129,
        "purchasedFuelPowerGas": 191,
        "revenue": 1951,
        "totalOperatingExpense": 940,
        "totalOtherIncomeExpenseNet": -47
      },
      {
        "costOfGoodsSold": 175,
        "depreciationAmortization": 234,
        "dilutedAverageSharesOutstanding": 681.9,
        "dilutedEPS": 0.68,
        "ebit": 714,
        "grossIncome": 1657,
        "interestExpense": 217,
        "interestIncomeExpense": -217,
        "netIncome": 463,
        "netIncomeAfterTaxes": 465,
        "operationsMaintenance": 453,
        "otherOperatingExpensesTotal": 72,
        "otherRevenue": 1832,
        "period": "2016-12-31",
        "pretaxIncome": 603,
        "provisionforIncomeTaxes": 138,
        "purchasedFuelPowerGas": 184,
        "revenue": 1832,
        "totalOperatingExpense": 943,
        "totalOtherIncomeExpenseNet": 106
      },
      {
        "costOfGoodsSold": 151,
        "depreciationAmortization": 232,
        "dilutedAverageSharesOutstanding": 680.3,
        "dilutedEPS": 0.69,
        "ebit": 786,
        "grossIncome": 1738,
        "interestExpense": 223,
        "interestIncomeExpense": -223,
        "netIncome": 472,
        "netIncomeAfterTaxes": 473,
        "operationsMaintenance": 417,
        "otherOperatingExpensesTotal": 76,
        "otherRevenue": 1889,
        "period": "2016-09-30",
        "pretaxIncome": 612,
        "provisionforIncomeTaxes": 139,
        "purchasedFuelPowerGas": 227,
        "revenue": 1889,
        "totalOperatingExpense": 952,
        "totalOtherIncomeExpenseNet": 49
      },
      {
        "costOfGoodsSold": 147,
        "depreciationAmortization": 231,
        "dilutedAverageSharesOutstanding": 680.7,
        "dilutedEPS": 0.71,
        "ebit": 725,
        "grossIncome": 1638,
        "interestExpense": 224,
        "interestIncomeExpense": -224,
        "netIncome": 482,
        "netIncomeAfterTaxes": 483,
        "operationsMaintenance": 425,
        "otherOperatingExpensesTotal": 74,
        "otherRevenue": 1785,
        "period": "2016-06-30",
        "pretaxIncome": 675,
        "provisionforIncomeTaxes": 192,
        "purchasedFuelPowerGas": 183,
        "revenue": 1785,
        "totalOperatingExpense": 913,
        "totalOtherIncomeExpenseNet": 174
      },
      {
        "costOfGoodsSold": 233,
        "depreciationAmortization": 229,
        "dilutedAverageSharesOutstanding": 678.8,
        "dilutedEPS": 0.71,
        "ebit": 823,
        "grossIncome": 1778,
        "interestExpense": 224,
        "interestIncomeExpense": -224,
        "netIncome": 479,
        "netIncomeAfterTaxes": 481,
        "operationsMaintenance": 450,
        "otherOperatingExpensesTotal": 79,
        "otherRevenue": 2011,
        "period": "2016-03-31",
        "pretaxIncome": 660,
        "provisionforIncomeTaxes": 179,
        "purchasedFuelPowerGas": 197,
        "revenue": 2011,
        "totalOperatingExpense": 955,
        "totalOtherIncomeExpenseNet": 61
      },
      {
        "costOfGoodsSold": 179,
        "depreciationAmortization": 225,
        "dilutedAverageSharesOutstanding": 676.6,
        "dilutedEPS": 0.6,
        "ebit": 617,
        "grossIncome": 1601,
        "interestExpense": 226,
        "interestIncomeExpense": -226,
        "netIncome": 400,
        "netIncomeAfterTaxes": 405,
        "operationsMaintenance": 533,
        "otherOperatingExpensesTotal": 58,
        "otherRevenue": 1780,
        "period": "2015-12-31",
        "pretaxIncome": 438,
        "provisionforIncomeTaxes": 33,
        "purchasedFuelPowerGas": 168,
        "revenue": 1780,
        "totalOperatingExpense": 984,
        "totalOtherIncomeExpenseNet": 47
      },
      {
        "costOfGoodsSold": 177,
        "depreciationAmortization": 226,
        "dilutedAverageSharesOutstanding": 673.7,
        "dilutedEPS": 0.58,
        "ebit": 686,
        "grossIncome": 1701,
        "interestExpense": 219,
        "interestIncomeExpense": -221,
        "netIncome": 391,
        "netIncomeAfterTaxes": 396,
        "operationsMaintenance": 482,
        "otherOperatingExpensesTotal": 79,
        "otherRevenue": 1878,
        "period": "2015-09-30",
        "pretaxIncome": 540,
        "provisionforIncomeTaxes": 144,
        "purchasedFuelPowerGas": 228,
        "revenue": 1878,
        "totalOperatingExpense": 1015,
        "totalOtherIncomeExpenseNet": 75
      }
    ],
    "symbol": "PPL"
  }
}