{
  "symbol": "ORCL",
  "statement": "ic",
  "frequency": "annual",
  "timestamp": "2025-09-19T14:05:07.534254",
  "data": {
    "financials": [
      {
        "costOfGoodsSold": 16927,
        "depreciationAmortization": 2307,
        "dilutedAverageSharesOutstanding": 2866,
        "dilutedEPS": 4.3416,
        "ebit": 17954,
        "grossIncome": 40472,
        "interestExpense": 3578,
        "interestIncomeExpense": -3609,
        "netIncome": 12443,
        "netIncomeAfterTaxes": 12443,
        "nonRecurringItems": -276,
        "otherOperatingExpensesTotal": 98,
        "period": "2025-05-31",
        "pretaxIncome": 14160,
        "provisionforIncomeTaxes": 1717,
        "researchDevelopment": 9860,
        "revenue": 57399,
        "sgaExpense": 10253,
        "totalOperatingExpense": 22518,
        "totalOtherIncomeExpenseNet": 91,
        "year": 2025
      },
      {
        "costOfGoodsSold": 15143,
        "depreciationAmortization": 3010,
        "dilutedAverageSharesOutstanding": 2823,
        "dilutedEPS": 3.7078,
        "ebit": 15764,
        "grossIncome": 37818,
        "interestExpense": 3514,
        "interestIncomeExpense": -3780,
        "netIncome": 10467,
        "netIncomeAfterTaxes": 10467,
        "nonRecurringItems": -411,
        "otherOperatingExpensesTotal": 307,
        "period": "2024-05-31",
        "pretaxIncome": 11741,
        "provisionforIncomeTaxes": 1274,
        "researchDevelopment": 8915,
        "revenue": 52961,
        "sgaExpense": 9822,
        "totalOperatingExpense": 22054,
        "totalOtherIncomeExpenseNet": 168,
        "year": 2024
      },
      {
        "costOfGoodsSold": 13564,
        "depreciationAmortization": 3582,
        "dilutedAverageSharesOutstanding": 2766,
        "dilutedEPS": 3.07,
        "ebit": 13773,
        "grossIncome": 36390,
        "interestExpense": 3505,
        "interestIncomeExpense": -3961,
        "netIncome": 8503,
        "netIncomeAfterTaxes": 8503,
        "nonRecurringItems": -680,
        "period": "2023-05-31",
        "pretaxIncome": 9126,
        "provisionforIncomeTaxes": 623,
        "researchDevelopment": 8623,
        "revenue": 49954,
        "sgaExpense": 10412,
        "totalOperatingExpense": 22617,
        "totalOtherIncomeExpenseNet": -6,
        "year": 2023
      },
      {
        "costOfGoodsSold": 8877,
        "depreciationAmortization": 1150,
        "dilutedAverageSharesOutstanding": 2786,
        "dilutedEPS": 2.41,
        "ebit": 15830,
        "grossIncome": 33563,
        "interestExpense": 2755,
        "interestIncomeExpense": -3191,
        "netIncome": 6717,
        "netIncomeAfterTaxes": 6717,
        "nonRecurringItems": -4904,
        "period": "2022-05-31",
        "pretaxIncome": 7649,
        "provisionforIncomeTaxes": 932,
        "researchDevelopment": 7219,
        "revenue": 42440,
        "sgaExpense": 9364,
        "totalOperatingExpense": 17733,
        "totalOtherIncomeExpenseNet": -86,
        "year": 2022
      },
      {
        "costOfGoodsSold": 7855,
        "depreciationAmortization": 1379,
        "dilutedAverageSharesOutstanding": 3022,
        "dilutedEPS": 4.55,
        "ebit": 15782,
        "grossIncome": 32624,
        "interestExpense": 2496,
        "interestIncomeExpense": -2687,
        "netIncome": 13746,
        "netIncomeAfterTaxes": 13746,
        "nonRecurringItems": -569,
        "period": "2021-05-31",
        "pretaxIncome": 12999,
        "provisionforIncomeTaxes": -747,
        "researchDevelopment": 6527,
        "revenue": 40479,
        "sgaExpense": 8936,
        "totalOperatingExpense": 16842,
        "totalOtherIncomeExpenseNet": 473,
        "year": 2021
      },
      {
        "costOfGoodsSold": 7938,
        "depreciationAmortization": 1586,
        "dilutedAverageSharesOutstanding": 3294,
        "dilutedEPS": 3.08,
        "ebit": 14202,
        "grossIncome": 31130,
        "interestExpense": 1995,
        "interestIncomeExpense": -1817,
        "netIncome": 10135,
        "netIncomeAfterTaxes": 10135,
        "nonRecurringItems": -306,
        "period": "2020-05-31",
        "pretaxIncome": 12063,
        "provisionforIncomeTaxes": 1928,
        "researchDevelopment": 6067,
        "revenue": 39068,
        "sgaExpense": 9275,
        "totalOperatingExpense": 16928,
        "totalOtherIncomeExpenseNet": -16,
        "year": 2020
      },
      {
        "costOfGoodsSold": 7995,
        "depreciationAmortization": 1689,
        "dilutedAverageSharesOutstanding": 3732,
        "dilutedEPS": 2.96,
        "ebit": 14022,
        "grossIncome": 31511,
        "interestExpense": 2082,
        "interestIncomeExpense": -1253,
        "netIncome": 11083,
        "netIncomeAfterTaxes": 10694,
        "nonRecurringItems": -487,
        "period": "2019-05-31",
        "pretaxIncome": 12268,
        "provisionforIncomeTaxes": 1574,
        "researchDevelopment": 6026,
        "revenue": 39506,
        "sgaExpense": 9774,
        "totalOperatingExpense": 17489,
        "totalOtherIncomeExpenseNet": -14,
        "year": 2019
      },
      {
        "costOfGoodsSold": 8060,
        "depreciationAmortization": 1620,
        "dilutedAverageSharesOutstanding": 4238,
        "dilutedEPS": 0.84,
        "ebit": 13904,
        "grossIncome": 31323,
        "interestExpense": 2025,
        "interestIncomeExpense": -1031,
        "netIncome": 3587,
        "netIncomeAfterTaxes": 10457,
        "nonRecurringItems": -640,
        "period": "2018-05-31",
        "pretaxIncome": 12424,
        "provisionforIncomeTaxes": 1967,
        "researchDevelopment": 6084,
        "revenue": 39383,
        "sgaExpense": 9715,
        "totalOperatingExpense": 17419,
        "totalOtherIncomeExpenseNet": 191,
        "year": 2018
      },
      {
        "costOfGoodsSold": 7452,
        "depreciationAmortization": 1451,
        "dilutedAverageSharesOutstanding": 4217,
        "dilutedEPS": 2.24,
        "ebit": 13479,
        "grossIncome": 30340,
        "interestExpense": 1798,
        "interestIncomeExpense": -1264,
        "netIncome": 9452,
        "netIncomeAfterTaxes": 9452,
        "nonRecurringItems": -566,
        "period": "2017-05-31",
        "pretaxIncome": 11680,
        "provisionforIncomeTaxes": 2228,
        "researchDevelopment": 6153,
        "revenue": 37792,
        "sgaExpense": 9257,
        "totalOperatingExpense": 16861,
        "totalOtherIncomeExpenseNet": 31,
        "year": 2017
      },
      {
        "costOfGoodsSold": 7479,
        "depreciationAmortization": 1638,
        "dilutedAverageSharesOutstanding": 4305,
        "dilutedEPS": 2.07,
        "ebit": 13104,
        "grossIncome": 29568,
        "interestExpense": 1467,
        "interestIncomeExpense": -1155,
        "netIncome": 8901,
        "netIncomeAfterTaxes": 8901,
        "nonRecurringItems": -500,
        "period": "2016-05-31",
        "pretaxIncome": 11442,
        "provisionforIncomeTaxes": 2541,
        "researchDevelopment": 5787,
        "revenue": 37047,
        "sgaExpense": 9039,
        "totalOperatingExpense": 16464,
        "totalOtherIncomeExpenseNet": -7,
        "year": 2016
      }
    ],
    "symbol": "ORCL"
  }
}