{
  "symbol": "FDS",
  "statement": "ic",
  "frequency": "quarterly",
  "timestamp": "2025-09-19T14:00:20.223160",
  "data": {
    "financials": [
      {
        "costOfGoodsSold": 280.729,
        "dilutedAverageSharesOutstanding": 38.344,
        "dilutedEPS": 3.87,
        "ebit": 194.155,
        "grossIncome": 304.791,
        "interestExpense": 15.122,
        "interestIncomeExpense": -13.613,
        "netIncome": 148.542,
        "netIncomeAfterTaxes": 148.542,
        "period": "2025-05-31",
        "pretaxIncome": 179.948,
        "provisionforIncomeTaxes": 31.406,
        "revenue": 585.52,
        "sgaExpense": 110.636,
        "totalOperatingExpense": 110.636,
        "totalOtherIncomeExpenseNet": -0.594
      },
      {
        "costOfGoodsSold": 269.604,
        "dilutedAverageSharesOutstanding": 38.51,
        "dilutedEPS": 3.76,
        "ebit": 185.492,
        "grossIncome": 301.056,
        "interestExpense": 13.916,
        "interestIncomeExpense": -13.643,
        "netIncome": 144.86,
        "netIncomeAfterTaxes": 144.86,
        "period": "2025-02-28",
        "pretaxIncome": 172.32,
        "provisionforIncomeTaxes": 27.46,
        "revenue": 570.66,
        "sgaExpense": 115.564,
        "totalOperatingExpense": 115.564,
        "totalOtherIncomeExpenseNet": 0.471
      },
      {
        "costOfGoodsSold": 258.779,
        "dilutedAverageSharesOutstanding": 38.517,
        "dilutedEPS": 3.89,
        "ebit": 191.335,
        "grossIncome": 309.888,
        "interestExpense": 14.4,
        "interestIncomeExpense": -11.699,
        "netIncome": 150.022,
        "netIncomeAfterTaxes": 150.022,
        "period": "2024-11-30",
        "pretaxIncome": 179.739,
        "provisionforIncomeTaxes": 29.717,
        "revenue": 568.667,
        "sgaExpense": 118.553,
        "totalOperatingExpense": 118.553,
        "totalOtherIncomeExpenseNet": 0.103
      },
      {
        "costOfGoodsSold": 258.196,
        "dilutedAverageSharesOutstanding": 38.54,
        "dilutedEPS": 2.32,
        "ebit": 131.472,
        "grossIncome": 303.991,
        "interestExpense": 15.547,
        "interestIncomeExpense": -11.527,
        "netIncome": 89.496,
        "netIncomeAfterTaxes": 89.496,
        "nonRecurringItems": -3.614,
        "period": "2024-08-31",
        "pretaxIncome": 117.13,
        "provisionforIncomeTaxes": 27.634,
        "revenue": 562.187,
        "sgaExpense": 172.519,
        "totalOperatingExpense": 172.519,
        "totalOtherIncomeExpenseNet": 0.799
      },
      {
        "costOfGoodsSold": 246.986,
        "dilutedAverageSharesOutstanding": 38.64,
        "dilutedEPS": 4.09,
        "ebit": 202.624,
        "grossIncome": 305.722,
        "interestExpense": 16.894,
        "interestIncomeExpense": -12.326,
        "netIncome": 158.135,
        "netIncomeAfterTaxes": 158.135,
        "nonRecurringItems": -0.165,
        "period": "2024-05-31",
        "pretaxIncome": 190.532,
        "provisionforIncomeTaxes": 32.397,
        "revenue": 552.708,
        "sgaExpense": 103.098,
        "totalOperatingExpense": 103.098,
        "totalOtherIncomeExpenseNet": 0.399
      },
      {
        "costOfGoodsSold": 255.142,
        "dilutedAverageSharesOutstanding": 38.65,
        "dilutedEPS": 3.65,
        "ebit": 181.996,
        "grossIncome": 290.803,
        "interestExpense": 16.599,
        "interestIncomeExpense": -13.752,
        "netIncome": 140.94,
        "netIncomeAfterTaxes": 140.94,
        "nonRecurringItems": -0.054,
        "period": "2024-02-29",
        "pretaxIncome": 168.645,
        "provisionforIncomeTaxes": 27.705,
        "revenue": 545.945,
        "sgaExpense": 108.807,
        "totalOperatingExpense": 108.807,
        "totalOtherIncomeExpenseNet": 0.455
      },
      {
        "costOfGoodsSold": 251.621,
        "dilutedAverageSharesOutstanding": 38.643,
        "dilutedEPS": 3.84,
        "ebit": 189.884,
        "grossIncome": 290.595,
        "interestExpense": 16.738,
        "interestIncomeExpense": -13.726,
        "netIncome": 148.555,
        "netIncomeAfterTaxes": 148.555,
        "nonRecurringItems": -0.844,
        "period": "2023-11-30",
        "pretaxIncome": 175.196,
        "provisionforIncomeTaxes": 26.641,
        "revenue": 542.216,
        "sgaExpense": 100.711,
        "totalOperatingExpense": 100.711,
        "totalOtherIncomeExpenseNet": -0.118
      },
      {
        "costOfGoodsSold": 263.688,
        "dilutedAverageSharesOutstanding": 38.784,
        "dilutedEPS": 1.68,
        "ebit": 140.882,
        "grossIncome": 272.109,
        "interestExpense": 16.691,
        "interestIncomeExpense": -12.073,
        "netIncome": 65.119,
        "netIncomeAfterTaxes": 65.119,
        "nonRecurringItems": -24.779,
        "period": "2023-08-31",
        "pretaxIncome": 107.309,
        "provisionforIncomeTaxes": 42.19,
        "revenue": 535.797,
        "sgaExpense": 131.227,
        "totalOperatingExpense": 131.227,
        "totalOtherIncomeExpenseNet": 3.279
      },
      {
        "costOfGoodsSold": 241.689,
        "dilutedAverageSharesOutstanding": 38.912,
        "dilutedEPS": 3.46,
        "ebit": 172.397,
        "grossIncome": 288.122,
        "interestIncomeExpense": -13.271,
        "netIncome": 134.663,
        "netIncomeAfterTaxes": 134.663,
        "nonRecurringItems": -0.438,
        "period": "2023-05-31",
        "pretaxIncome": 161.998,
        "provisionforIncomeTaxes": 27.335,
        "revenue": 529.811,
        "sgaExpense": 115.725,
        "totalOperatingExpense": 115.725,
        "totalOtherIncomeExpenseNet": 3.31
      },
      {
        "costOfGoodsSold": 240.806,
        "dilutedAverageSharesOutstanding": 38.981,
        "dilutedEPS": 3.38,
        "ebit": 169.697,
        "grossIncome": 274.279,
        "interestIncomeExpense": -13.834,
        "netIncome": 131.593,
        "netIncomeAfterTaxes": 131.593,
        "nonRecurringItems": -0.447,
        "period": "2023-02-28",
        "pretaxIncome": 156.762,
        "provisionforIncomeTaxes": 25.169,
        "revenue": 515.085,
        "sgaExpense": 104.582,
        "totalOperatingExpense": 104.582,
        "totalOtherIncomeExpenseNet": 1.346
      },
      {
        "costOfGoodsSold": 227.042,
        "dilutedAverageSharesOutstanding": 38.914,
        "dilutedEPS": 3.52,
        "ebit": 172.177,
        "grossIncome": 277.773,
        "interestIncomeExpense": -14.332,
        "netIncome": 136.798,
        "netIncomeAfterTaxes": 136.798,
        "nonRecurringItems": -0.282,
        "period": "2022-11-30",
        "pretaxIncome": 157.885,
        "provisionforIncomeTaxes": 21.087,
        "revenue": 504.815,
        "sgaExpense": 105.596,
        "totalOperatingExpense": 105.596,
        "totalOtherIncomeExpenseNet": 0.322
      },
      {
        "costOfGoodsSold": 241.944,
        "dilutedAverageSharesOutstanding": 39.123,
        "dilutedEPS": 2.67,
        "ebit": 133.506,
        "grossIncome": 257.353,
        "interestIncomeExpense": -14.304,
        "netIncome": 104.422,
        "netIncomeAfterTaxes": 104.422,
        "nonRecurringItems": -1.287,
        "period": "2022-08-31",
        "pretaxIncome": 116.428,
        "provisionforIncomeTaxes": 12.006,
        "revenue": 499.297,
        "sgaExpense": 123.847,
        "totalOperatingExpense": 123.847,
        "totalOtherIncomeExpenseNet": -1.487
      },
      {
        "costOfGoodsSold": 222.618,
        "dilutedAverageSharesOutstanding": 38.72,
        "dilutedEPS": 1.93,
        "ebit": 146.252,
        "grossIncome": 266.133,
        "interestIncomeExpense": -12.051,
        "netIncome": 74.91,
        "netIncomeAfterTaxes": 74.91,
        "nonRecurringItems": -48.998,
        "period": "2022-05-31",
        "pretaxIncome": 85.28,
        "provisionforIncomeTaxes": 10.37,
        "revenue": 488.751,
        "sgaExpense": 119.881,
        "totalOperatingExpense": 119.881,
        "totalOtherIncomeExpenseNet": 0.077
      },
      {
        "costOfGoodsSold": 199.395,
        "dilutedAverageSharesOutstanding": 38.761,
        "dilutedEPS": 2.84,
        "ebit": 133.048,
        "grossIncome": 231.724,
        "interestIncomeExpense": -1.673,
        "netIncome": 109.938,
        "netIncomeAfterTaxes": 109.938,
        "nonRecurringItems": -9.7,
        "period": "2022-02-28",
        "pretaxIncome": 121.956,
        "provisionforIncomeTaxes": 12.018,
        "revenue": 431.119,
        "sgaExpense": 98.676,
        "totalOperatingExpense": 98.676,
        "totalOtherIncomeExpenseNet": 0.281
      },
      {
        "costOfGoodsSold": 207.149,
        "dilutedAverageSharesOutstanding": 38.641,
        "dilutedEPS": 2.79,
        "ebit": 126.356,
        "grossIncome": 217.576,
        "interestIncomeExpense": -1.494,
        "netIncome": 107.647,
        "netIncomeAfterTaxes": 107.647,
        "nonRecurringItems": -3.695,
        "period": "2021-11-30",
        "pretaxIncome": 119.93,
        "provisionforIncomeTaxes": 12.283,
        "revenue": 424.725,
        "sgaExpense": 91.22,
        "totalOperatingExpense": 91.22,
        "totalOtherIncomeExpenseNet": -1.237
      },
      {
        "costOfGoodsSold": 197.532,
        "dilutedAverageSharesOutstanding": 38.474,
        "dilutedEPS": 2.63,
        "ebit": 119.176,
        "grossIncome": 214.362,
        "interestIncomeExpense": -1.712,
        "netIncome": 101.062,
        "netIncomeAfterTaxes": 101.062,
        "period": "2021-08-31",
        "pretaxIncome": 118.443,
        "provisionforIncomeTaxes": 17.381,
        "revenue": 411.894,
        "sgaExpense": 95.186,
        "totalOperatingExpense": 95.186,
        "totalOtherIncomeExpenseNet": 0.979
      },
      {
        "costOfGoodsSold": 205.257,
        "dilutedAverageSharesOutstanding": 38.488,
        "dilutedEPS": 2.62,
        "ebit": 117.702,
        "grossIncome": 194.301,
        "interestIncomeExpense": -1.839,
        "netIncome": 100.679,
        "netIncomeAfterTaxes": 100.679,
        "period": "2021-05-31",
        "pretaxIncome": 114.276,
        "provisionforIncomeTaxes": 13.597,
        "revenue": 399.558,
        "sgaExpense": 76.599,
        "totalOperatingExpense": 76.599,
        "totalOtherIncomeExpenseNet": -1.587
      },
      {
        "costOfGoodsSold": 195.523,
        "dilutedAverageSharesOutstanding": 38.62,
        "dilutedEPS": 2.5,
        "ebit": 116.133,
        "grossIncome": 196.265,
        "interestIncomeExpense": -1.814,
        "netIncome": 96.643,
        "netIncomeAfterTaxes": 96.643,
        "period": "2021-02-28",
        "pretaxIncome": 114.666,
        "provisionforIncomeTaxes": 18.023,
        "revenue": 391.788,
        "sgaExpense": 80.132,
        "totalOperatingExpense": 80.132,
        "totalOtherIncomeExpenseNet": 0.347
      },
      {
        "costOfGoodsSold": 188.088,
        "dilutedAverageSharesOutstanding": 38.697,
        "dilutedEPS": 2.62,
        "ebit": 121.031,
        "grossIncome": 200.118,
        "interestIncomeExpense": -1.029,
        "netIncome": 101.206,
        "netIncomeAfterTaxes": 101.206,
        "period": "2020-11-30",
        "pretaxIncome": 120.232,
        "provisionforIncomeTaxes": 19.026,
        "revenue": 388.206,
        "sgaExpense": 79.087,
        "totalOperatingExpense": 79.087,
        "totalOtherIncomeExpenseNet": 0.23
      },
      {
        "costOfGoodsSold": 183.568,
        "dilutedAverageSharesOutstanding": 38.94,
        "dilutedEPS": 2.29,
        "ebit": 98.577,
        "grossIncome": 200.022,
        "interestIncomeExpense": -1.826,
        "netIncome": 89.079,
        "netIncomeAfterTaxes": 89.079,
        "period": "2020-08-31",
        "pretaxIncome": 96.144,
        "provisionforIncomeTaxes": 7.065,
        "revenue": 383.59,
        "sgaExpense": 101.445,
        "totalOperatingExpense": 101.445,
        "totalOtherIncomeExpenseNet": -0.607
      },
      {
        "costOfGoodsSold": 170.703,
        "dilutedAverageSharesOutstanding": 38.481,
        "dilutedEPS": 2.63,
        "ebit": 121.64,
        "grossIncome": 203.38,
        "interestIncomeExpense": -2.211,
        "netIncome": 101.216,
        "netIncomeAfterTaxes": 101.216,
        "period": "2020-05-31",
        "pretaxIncome": 119.14,
        "provisionforIncomeTaxes": 17.924,
        "revenue": 374.083,
        "sgaExpense": 81.74,
        "totalOperatingExpense": 81.74,
        "totalOtherIncomeExpenseNet": -0.289
      },
      {
        "costOfGoodsSold": 176.218,
        "dilutedAverageSharesOutstanding": 38.576,
        "dilutedEPS": 2.3,
        "ebit": 106.257,
        "grossIncome": 193.562,
        "interestIncomeExpense": -2.661,
        "netIncome": 88.686,
        "netIncomeAfterTaxes": 88.686,
        "period": "2020-02-29",
        "pretaxIncome": 103.109,
        "provisionforIncomeTaxes": 14.423,
        "revenue": 369.78,
        "sgaExpense": 87.305,
        "totalOperatingExpense": 87.305,
        "totalOtherIncomeExpenseNet": -0.487
      },
      {
        "costOfGoodsSold": 164.957,
        "dilutedAverageSharesOutstanding": 38.587,
        "dilutedEPS": 2.43,
        "ebit": 113.186,
        "grossIncome": 201.701,
        "interestIncomeExpense": -3.131,
        "netIncome": 93.957,
        "netIncomeAfterTaxes": 93.957,
        "period": "2019-11-30",
        "pretaxIncome": 108.741,
        "provisionforIncomeTaxes": 14.784,
        "revenue": 366.658,
        "sgaExpense": 88.515,
        "totalOperatingExpense": 88.515,
        "totalOtherIncomeExpenseNet": -1.314
      },
      {
        "costOfGoodsSold": 167.73,
        "dilutedAverageSharesOutstanding": 39.071,
        "dilutedEPS": 2.34,
        "ebit": 111.568,
        "grossIncome": 196.553,
        "interestIncomeExpense": -3.279,
        "netIncome": 91.527,
        "netIncomeAfterTaxes": 91.527,
        "nonRecurringItems": 0,
        "period": "2019-08-31",
        "pretaxIncome": 108.289,
        "provisionforIncomeTaxes": 16.762,
        "revenue": 364.283,
        "sgaExpense": 84.985,
        "totalOperatingExpense": 84.985
      },
      {
        "costOfGoodsSold": 163.832,
        "dilutedAverageSharesOutstanding": 38.993,
        "dilutedEPS": 2.37,
        "ebit": 117.24,
        "grossIncome": 200.701,
        "interestIncomeExpense": -3.856,
        "netIncome": 92.265,
        "netIncomeAfterTaxes": 92.265,
        "period": "2019-05-31",
        "pretaxIncome": 113.384,
        "provisionforIncomeTaxes": 21.119,
        "revenue": 364.533,
        "sgaExpense": 83.461,
        "totalOperatingExpense": 83.461
      },
      {
        "costOfGoodsSold": 165.108,
        "dilutedAverageSharesOutstanding": 38.619,
        "dilutedEPS": 2.19,
        "ebit": 108.688,
        "grossIncome": 189.787,
        "interestIncomeExpense": -4.339,
        "netIncome": 84.702,
        "netIncomeAfterTaxes": 83.602,
        "period": "2019-02-28",
        "pretaxIncome": 104.349,
        "provisionforIncomeTaxes": 20.747,
        "revenue": 354.895,
        "sgaExpense": 81.099,
        "totalOperatingExpense": 81.099
      },
      {
        "costOfGoodsSold": 166.776,
        "dilutedAverageSharesOutstanding": 38.809,
        "dilutedEPS": 2.17,
        "ebit": 100.539,
        "grossIncome": 184.864,
        "interestIncomeExpense": -4.733,
        "netIncome": 84.296,
        "netIncomeAfterTaxes": 81.996,
        "period": "2018-11-30",
        "pretaxIncome": 95.943,
        "provisionforIncomeTaxes": 13.947,
        "revenue": 351.64,
        "sgaExpense": 84.325,
        "totalOperatingExpense": 84.325,
        "totalOtherIncomeExpenseNet": 0.137
      },
      {
        "costOfGoodsSold": 169.467,
        "dilutedAverageSharesOutstanding": 38.879,
        "dilutedEPS": 1.77,
        "ebit": 88.356,
        "grossIncome": 176.395,
        "interestIncomeExpense": -4.421,
        "netIncome": 68.823,
        "netIncomeAfterTaxes": 68.923,
        "nonRecurringItems": 0,
        "period": "2018-08-31",
        "pretaxIncome": 83.935,
        "provisionforIncomeTaxes": 15.012,
        "revenue": 345.862,
        "sgaExpense": 88.039,
        "totalOperatingExpense": 88.039
      },
      {
        "costOfGoodsSold": 165.073,
        "dilutedAverageSharesOutstanding": 39.104,
        "dilutedEPS": 1.91,
        "ebit": 93.265,
        "grossIncome": 174.838,
        "interestIncomeExpense": -3.754,
        "netIncome": 74.746,
        "netIncomeAfterTaxes": 74.746,
        "nonRecurringItems": 0,
        "period": "2018-05-31",
        "pretaxIncome": 89.511,
        "provisionforIncomeTaxes": 14.765,
        "revenue": 339.911,
        "sgaExpense": 81.573,
        "totalOperatingExpense": 81.573
      },
      {
        "costOfGoodsSold": 163.232,
        "dilutedAverageSharesOutstanding": 39.846,
        "dilutedEPS": 1.33,
        "ebit": 95.485,
        "grossIncome": 171.999,
        "interestIncomeExpense": -3.272,
        "netIncome": 53.137,
        "netIncomeAfterTaxes": 78.537,
        "nonRecurringItems": 0,
        "period": "2018-02-28",
        "pretaxIncome": 92.213,
        "provisionforIncomeTaxes": 13.676,
        "revenue": 335.231,
        "sgaExpense": 76.514,
        "totalOperatingExpense": 76.514
      },
      {
        "costOfGoodsSold": 161.524,
        "dilutedAverageSharesOutstanding": 39.68,
        "dilutedEPS": 1.77,
        "ebit": 89.098,
        "grossIncome": 167.617,
        "interestIncomeExpense": -2.919,
        "netIncome": 70.379,
        "netIncomeAfterTaxes": 70.379,
        "period": "2017-11-30",
        "pretaxIncome": 86.179,
        "provisionforIncomeTaxes": 15.8,
        "revenue": 329.141,
        "sgaExpense": 78.519,
        "totalOperatingExpense": 78.519
      },
      {
        "costOfGoodsSold": 161.269,
        "dilutedAverageSharesOutstanding": 39.36,
        "dilutedEPS": 1.51,
        "ebit": 82.428,
        "grossIncome": 165.373,
        "interestIncomeExpense": -2.655,
        "netIncome": 59.552,
        "netIncomeAfterTaxes": 59.552,
        "nonRecurringItems": 0,
        "period": "2017-08-31",
        "pretaxIncome": 79.773,
        "provisionforIncomeTaxes": 20.221,
        "revenue": 326.642,
        "sgaExpense": 82.945,
        "totalOperatingExpense": 82.945
      },
      {
        "costOfGoodsSold": 146.426,
        "dilutedAverageSharesOutstanding": 39.457,
        "dilutedEPS": 1.66,
        "ebit": 90.842,
        "grossIncome": 165.694,
        "interestIncomeExpense": -2.413,
        "netIncome": 65.414,
        "netIncomeAfterTaxes": 65.414,
        "nonRecurringItems": -3.2,
        "period": "2017-05-31",
        "pretaxIncome": 85.229,
        "provisionforIncomeTaxes": 19.815,
        "revenue": 312.12,
        "sgaExpense": 74.852,
        "totalOperatingExpense": 74.852
      },
      {
        "costOfGoodsSold": 131.635,
        "dilutedAverageSharesOutstanding": 39.7,
        "dilutedEPS": 1.68,
        "ebit": 91.746,
        "grossIncome": 162.719,
        "interestIncomeExpense": -1.048,
        "netIncome": 66.71,
        "netIncomeAfterTaxes": 66.71,
        "nonRecurringItems": -1.208,
        "period": "2017-02-28",
        "pretaxIncome": 89.49,
        "provisionforIncomeTaxes": 22.78,
        "revenue": 294.354,
        "sgaExpense": 70.973,
        "totalOperatingExpense": 70.973
      },
      {
        "costOfGoodsSold": 127.25,
        "dilutedAverageSharesOutstanding": 40.1,
        "dilutedEPS": 1.66,
        "ebit": 91.019,
        "grossIncome": 160.813,
        "interestIncomeExpense": -0.499,
        "netIncome": 66.583,
        "netIncomeAfterTaxes": 66.583,
        "nonRecurringItems": -0.7,
        "period": "2016-11-30",
        "pretaxIncome": 89.82,
        "provisionforIncomeTaxes": 23.237,
        "revenue": 288.063,
        "sgaExpense": 69.794,
        "totalOperatingExpense": 69.794
      },
      {
        "costOfGoodsSold": 124.16,
        "dilutedAverageSharesOutstanding": 40.672,
        "dilutedEPS": 3.55,
        "ebit": 87.734,
        "grossIncome": 163.131,
        "interestIncomeExpense": -0.371,
        "netIncome": 144.307,
        "netIncomeAfterTaxes": 144.307,
        "nonRecurringItems": 112.453,
        "period": "2016-08-31",
        "pretaxIncome": 199.816,
        "provisionforIncomeTaxes": 55.509,
        "revenue": 287.291,
        "sgaExpense": 75.397,
        "totalOperatingExpense": 75.397
      },
      {
        "costOfGoodsSold": 124.602,
        "dilutedAverageSharesOutstanding": 41.189,
        "dilutedEPS": 1.62,
        "ebit": 89.29,
        "grossIncome": 162.899,
        "interestIncomeExpense": -0.433,
        "netIncome": 66.781,
        "netIncomeAfterTaxes": 66.781,
        "period": "2016-05-31",
        "pretaxIncome": 88.857,
        "provisionforIncomeTaxes": 22.076,
        "revenue": 287.501,
        "sgaExpense": 73.609,
        "totalOperatingExpense": 73.609
      },
      {
        "costOfGoodsSold": 123.911,
        "dilutedAverageSharesOutstanding": 41.536,
        "dilutedEPS": 1.63,
        "ebit": 85.344,
        "grossIncome": 157.885,
        "interestIncomeExpense": -0.424,
        "netIncome": 67.763,
        "netIncomeAfterTaxes": 67.763,
        "period": "2016-02-29",
        "pretaxIncome": 84.92,
        "provisionforIncomeTaxes": 17.157,
        "revenue": 281.796,
        "sgaExpense": 72.541,
        "totalOperatingExpense": 72.541
      },
      {
        "costOfGoodsSold": 114.736,
        "dilutedAverageSharesOutstanding": 42.063,
        "dilutedEPS": 1.43,
        "ebit": 87.308,
        "grossIncome": 155.768,
        "interestIncomeExpense": 0.093,
        "netIncome": 59.965,
        "netIncomeAfterTaxes": 59.965,
        "period": "2015-11-30",
        "pretaxIncome": 87.401,
        "provisionforIncomeTaxes": 27.436,
        "revenue": 270.504,
        "sgaExpense": 68.46,
        "totalOperatingExpense": 68.46
      },
      {
        "costOfGoodsSold": 107.594,
        "dilutedAverageSharesOutstanding": 41.989,
        "dilutedEPS": 1.48,
        "ebit": 85.653,
        "grossIncome": 154.184,
        "interestIncomeExpense": 0.391,
        "netIncome": 62.184,
        "netIncomeAfterTaxes": 62.184,
        "period": "2015-08-31",
        "pretaxIncome": 86.044,
        "provisionforIncomeTaxes": 23.86,
        "revenue": 261.778,
        "sgaExpense": 68.531,
        "totalOperatingExpense": 68.531
      }
    ],
    "symbol": "FDS"
  }
}