{
  "symbol": "MSCI",
  "statement": "ic",
  "frequency": "annual",
  "timestamp": "2025-09-19T14:04:25.053543",
  "data": {
    "financials": [
      {
        "costOfGoodsSold": 514.382,
        "depreciationAmortization": 181.015,
        "dilutedAverageSharesOutstanding": 78.96,
        "dilutedEPS": 14.05,
        "ebit": 1528.518,
        "grossIncome": 2341.746,
        "interestExpense": 185.5,
        "interestIncomeExpense": -164.223,
        "netIncome": 1109.128,
        "netIncomeAfterTaxes": 1109.128,
        "period": "2024-12-31",
        "pretaxIncome": 1356.168,
        "provisionforIncomeTaxes": 247.04,
        "researchDevelopment": 158.653,
        "revenue": 2856.128,
        "sgaExpense": 473.56,
        "totalOperatingExpense": 813.228,
        "totalOtherIncomeExpenseNet": -8.127,
        "year": 2024
      },
      {
        "costOfGoodsSold": 446.581,
        "depreciationAmortization": 135.438,
        "dilutedAverageSharesOutstanding": 79.843,
        "dilutedEPS": 14.39,
        "ebit": 1384.609,
        "grossIncome": 2082.339,
        "interestExpense": 186.679,
        "interestIncomeExpense": -9.171,
        "netIncome": 1148.592,
        "netIncomeAfterTaxes": 1148.592,
        "period": "2023-12-31",
        "pretaxIncome": 1369.061,
        "provisionforIncomeTaxes": 220.469,
        "researchDevelopment": 132.121,
        "revenue": 2528.92,
        "sgaExpense": 430.171,
        "totalOperatingExpense": 697.73,
        "totalOtherIncomeExpenseNet": -6.377,
        "year": 2023
      },
      {
        "costOfGoodsSold": 404.341,
        "depreciationAmortization": 117.972,
        "dilutedAverageSharesOutstanding": 81.215,
        "dilutedEPS": 10.72,
        "ebit": 1207.64,
        "grossIncome": 1844.257,
        "interestExpense": 171.571,
        "interestIncomeExpense": -159.802,
        "netIncome": 870.573,
        "netIncomeAfterTaxes": 870.573,
        "period": "2022-12-31",
        "pretaxIncome": 1043.841,
        "provisionforIncomeTaxes": 173.268,
        "researchDevelopment": 107.205,
        "revenue": 2248.598,
        "sgaExpense": 411.44,
        "totalOperatingExpense": 636.617,
        "totalOtherIncomeExpenseNet": -3.997,
        "year": 2022
      },
      {
        "costOfGoodsSold": 358.684,
        "depreciationAmortization": 109.493,
        "dilutedAverageSharesOutstanding": 83.479,
        "dilutedEPS": 8.7,
        "ebit": 1072.725,
        "grossIncome": 1684.86,
        "interestExpense": 159.614,
        "interestIncomeExpense": -158.117,
        "netIncome": 725.983,
        "netIncomeAfterTaxes": 725.983,
        "nonRecurringItems": -37.3,
        "period": "2021-12-31",
        "pretaxIncome": 858.136,
        "provisionforIncomeTaxes": 132.153,
        "researchDevelopment": 111.564,
        "revenue": 2043.544,
        "sgaExpense": 391.078,
        "totalOperatingExpense": 612.135,
        "totalOtherIncomeExpenseNet": -19.172,
        "year": 2021
      },
      {
        "costOfGoodsSold": 291.704,
        "depreciationAmortization": 86.746,
        "dilutedAverageSharesOutstanding": 84.517,
        "dilutedEPS": 7.12,
        "ebit": 884.764,
        "grossIncome": 1403.686,
        "interestExpense": 156.324,
        "interestIncomeExpense": -151.294,
        "netIncome": 601.822,
        "netIncomeAfterTaxes": 595.522,
        "nonRecurringItems": -45,
        "period": "2020-12-31",
        "pretaxIncome": 686.225,
        "provisionforIncomeTaxes": 90.703,
        "researchDevelopment": 101.053,
        "revenue": 1695.39,
        "sgaExpense": 331.123,
        "totalOperatingExpense": 518.922,
        "totalOtherIncomeExpenseNet": -2.245,
        "year": 2020
      },
      {
        "costOfGoodsSold": 294.961,
        "depreciationAmortization": 79.409,
        "dilutedAverageSharesOutstanding": 85.536,
        "dilutedEPS": 6.59,
        "ebit": 755.701,
        "grossIncome": 1262.835,
        "interestExpense": 148.041,
        "interestIncomeExpense": -131.638,
        "netIncome": 563.648,
        "netIncomeAfterTaxes": 563.648,
        "nonRecurringItems": 0,
        "period": "2019-12-31",
        "pretaxIncome": 603.318,
        "provisionforIncomeTaxes": 39.67,
        "researchDevelopment": 98.334,
        "revenue": 1557.796,
        "sgaExpense": 329.391,
        "totalOperatingExpense": 507.134,
        "totalOtherIncomeExpenseNet": -20.745,
        "year": 2019
      },
      {
        "costOfGoodsSold": 287.335,
        "depreciationAmortization": 85.535,
        "dilutedAverageSharesOutstanding": 89.701,
        "dilutedEPS": 5.66,
        "ebit": 686.898,
        "grossIncome": 1146.649,
        "interestExpense": 133.114,
        "interestIncomeExpense": -113.445,
        "netIncome": 507.885,
        "netIncomeAfterTaxes": 496.685,
        "period": "2018-12-31",
        "pretaxIncome": 629.896,
        "provisionforIncomeTaxes": 133.211,
        "researchDevelopment": 81.411,
        "revenue": 1433.984,
        "sgaExpense": 292.805,
        "totalOperatingExpense": 459.751,
        "totalOtherIncomeExpenseNet": 56.443,
        "year": 2018
      },
      {
        "costOfGoodsSold": 273.681,
        "depreciationAmortization": 79.987,
        "dilutedAverageSharesOutstanding": 91.914,
        "dilutedEPS": 3.3,
        "ebit": 579.77,
        "grossIncome": 1000.491,
        "interestExpense": 116.098,
        "interestIncomeExpense": -109.784,
        "netIncome": 303.972,
        "netIncomeAfterTaxes": 338.472,
        "period": "2017-12-31",
        "pretaxIncome": 466.899,
        "provisionforIncomeTaxes": 128.427,
        "researchDevelopment": 75.849,
        "revenue": 1274.172,
        "sgaExpense": 264.885,
        "totalOperatingExpense": 420.721,
        "totalOtherIncomeExpenseNet": -3.087,
        "year": 2017
      },
      {
        "costOfGoodsSold": 252.107,
        "depreciationAmortization": 81.353,
        "dilutedAverageSharesOutstanding": 96.54,
        "dilutedEPS": 2.7,
        "ebit": 488.104,
        "grossIncome": 898.562,
        "interestExpense": 101.651,
        "interestIncomeExpense": -97.179,
        "netIncome": 260.855,
        "netIncomeAfterTaxes": 260.855,
        "period": "2016-12-31",
        "pretaxIncome": 385.938,
        "provisionforIncomeTaxes": 125.083,
        "researchDevelopment": 75.204,
        "revenue": 1150.669,
        "sgaExpense": 253.901,
        "totalOperatingExpense": 410.458,
        "totalOtherIncomeExpenseNet": -4.987,
        "year": 2016
      },
      {
        "costOfGoodsSold": 267.695,
        "depreciationAmortization": 77.799,
        "dilutedAverageSharesOutstanding": 109.926,
        "dilutedEPS": 2.03,
        "ebit": 403.898,
        "grossIncome": 807.318,
        "interestExpense": 62.387,
        "interestIncomeExpense": -60.855,
        "netIncome": 223.648,
        "netIncomeAfterTaxes": 230.038,
        "period": "2015-12-31",
        "pretaxIncome": 349.554,
        "provisionforIncomeTaxes": 119.516,
        "researchDevelopment": 77.32,
        "revenue": 1075.013,
        "sgaExpense": 248.301,
        "totalOperatingExpense": 403.42,
        "totalOtherIncomeExpenseNet": 6.511,
        "year": 2015
      }
    ],
    "symbol": "MSCI"
  }
}