{
  "symbol": "HSY",
  "statement": "ic",
  "frequency": "quarterly",
  "timestamp": "2025-09-19T14:01:27.671488",
  "data": {
    "financials": [
      {
        "costOfGoodsSold": 1818.445,
        "dilutedAverageSharesOutstanding": 257.802,
        "dilutedEPS": 0.2433,
        "ebit": 207.95,
        "grossIncome": 796.273,
        "interestExpense": 57.279,
        "interestIncomeExpense": -46.035,
        "netIncome": 62.719,
        "netIncomeAfterTaxes": 62.719,
        "nonRecurringItems": -15.139,
        "period": "2025-06-29",
        "pretaxIncome": 149.112,
        "provisionforIncomeTaxes": 86.393,
        "revenue": 2614.718,
        "sgaExpense": 588.323,
        "totalOperatingExpense": 588.323,
        "totalOtherIncomeExpenseNet": 2.336
      },
      {
        "costOfGoodsSold": 1861.152,
        "dilutedAverageSharesOutstanding": 257.755,
        "dilutedEPS": 0.8698,
        "ebit": 395.075,
        "grossIncome": 944.267,
        "interestExpense": 50.607,
        "interestIncomeExpense": -44.622,
        "netIncome": 224.203,
        "netIncomeAfterTaxes": 224.203,
        "nonRecurringItems": -25.854,
        "period": "2025-03-30",
        "pretaxIncome": 323.654,
        "provisionforIncomeTaxes": 99.451,
        "revenue": 2805.419,
        "sgaExpense": 549.192,
        "totalOperatingExpense": 549.192,
        "totalOtherIncomeExpenseNet": -0.945
      },
      {
        "costOfGoodsSold": 1329.197,
        "dilutedAverageSharesOutstanding": 203.487,
        "dilutedEPS": 3.91,
        "ebit": 935.61,
        "grossIncome": 1558.343,
        "interestExpense": 41.838,
        "interestIncomeExpense": -40.144,
        "netIncome": 796.591,
        "netIncomeAfterTaxes": 796.591,
        "nonRecurringItems": 3.537,
        "period": "2024-12-31",
        "pretaxIncome": 723.057,
        "provisionforIncomeTaxes": -73.534,
        "revenue": 2887.54,
        "sgaExpense": 622.733,
        "totalOperatingExpense": 622.733,
        "totalOtherIncomeExpenseNet": -175.946
      },
      {
        "costOfGoodsSold": 1753.318,
        "dilutedAverageSharesOutstanding": 202.86,
        "dilutedEPS": 2.2,
        "ebit": 662.293,
        "grossIncome": 1234.176,
        "interestExpense": 46.563,
        "interestIncomeExpense": -44.316,
        "netIncome": 446.301,
        "netIncomeAfterTaxes": 446.301,
        "nonRecurringItems": -98.755,
        "period": "2024-09-30",
        "pretaxIncome": 518.747,
        "provisionforIncomeTaxes": 72.446,
        "revenue": 2987.494,
        "sgaExpense": 571.883,
        "totalOperatingExpense": 571.883,
        "totalOtherIncomeExpenseNet": -0.475
      },
      {
        "costOfGoodsSold": 1232.636,
        "dilutedAverageSharesOutstanding": 203.006,
        "dilutedEPS": 0.89,
        "ebit": 326.821,
        "grossIncome": 841.844,
        "interestExpense": 44.308,
        "interestIncomeExpense": -41.373,
        "netIncome": 180.894,
        "netIncomeAfterTaxes": 180.894,
        "nonRecurringItems": -39,
        "period": "2024-06-30",
        "pretaxIncome": 245.874,
        "provisionforIncomeTaxes": 64.98,
        "revenue": 2074.48,
        "sgaExpense": 515.023,
        "totalOperatingExpense": 515.023,
        "totalOtherIncomeExpenseNet": -0.574
      },
      {
        "costOfGoodsSold": 1574.056,
        "dilutedAverageSharesOutstanding": 204.875,
        "dilutedEPS": 3.89,
        "ebit": 1074.766,
        "grossIncome": 1678.693,
        "interestExpense": 41.608,
        "interestIncomeExpense": -39.822,
        "netIncome": 797.453,
        "netIncomeAfterTaxes": 797.453,
        "nonRecurringItems": -48.057,
        "period": "2024-03-31",
        "pretaxIncome": 986.258,
        "provisionforIncomeTaxes": 188.805,
        "revenue": 3252.749,
        "sgaExpense": 603.927,
        "totalOperatingExpense": 603.927,
        "totalOtherIncomeExpenseNet": -0.629
      },
      {
        "costOfGoodsSold": 1533.969,
        "dilutedAverageSharesOutstanding": 205.357,
        "dilutedEPS": 1.69,
        "ebit": 464.329,
        "grossIncome": 1123.142,
        "interestExpense": 40.056,
        "interestIncomeExpense": -37.684,
        "netIncome": 349.042,
        "netIncomeAfterTaxes": 349.042,
        "nonRecurringItems": 0,
        "period": "2023-12-31",
        "pretaxIncome": 319.675,
        "provisionforIncomeTaxes": -29.367,
        "revenue": 2657.111,
        "sgaExpense": 658.813,
        "totalOperatingExpense": 658.813,
        "totalOtherIncomeExpenseNet": -106.97
      },
      {
        "costOfGoodsSold": 1670.2,
        "dilutedAverageSharesOutstanding": 205.48,
        "dilutedEPS": 2.52,
        "ebit": 735.5,
        "grossIncome": 1359.7,
        "interestExpense": 41.844,
        "interestIncomeExpense": -39.8,
        "netIncome": 518.6,
        "netIncomeAfterTaxes": 518.6,
        "nonRecurringItems": -37.6,
        "period": "2023-10-01",
        "pretaxIncome": 653.4,
        "provisionforIncomeTaxes": 134.8,
        "revenue": 3030,
        "sgaExpense": 624.2,
        "totalOperatingExpense": 624.3,
        "totalOtherIncomeExpenseNet": -4.7
      },
      {
        "costOfGoodsSold": 1358.2,
        "dilutedAverageSharesOutstanding": 205.533,
        "dilutedEPS": 1.98,
        "ebit": 562.2,
        "grossIncome": 1132.1,
        "interestExpense": 40.172,
        "interestIncomeExpense": -36.7,
        "netIncome": 407,
        "netIncomeAfterTaxes": 407,
        "nonRecurringItems": -78.9,
        "period": "2023-07-02",
        "pretaxIncome": 439.5,
        "provisionforIncomeTaxes": 32.5,
        "revenue": 2490.3,
        "sgaExpense": 569.9,
        "totalOperatingExpense": 569.9,
        "totalOtherIncomeExpenseNet": -7.1
      },
      {
        "costOfGoodsSold": 1604.242,
        "dilutedAverageSharesOutstanding": 205.837,
        "dilutedEPS": 2.85,
        "ebit": 802.273,
        "grossIncome": 1383.372,
        "interestExpense": 39.439,
        "interestIncomeExpense": -37.685,
        "netIncome": 587.185,
        "netIncomeAfterTaxes": 587.185,
        "nonRecurringItems": -2.349,
        "period": "2023-04-02",
        "pretaxIncome": 759.256,
        "provisionforIncomeTaxes": 172.071,
        "revenue": 2987.614,
        "sgaExpense": 581.099,
        "totalOperatingExpense": 581.099,
        "totalOtherIncomeExpenseNet": -2.983
      },
      {
        "costOfGoodsSold": 1507.532,
        "dilutedAverageSharesOutstanding": 206.299,
        "dilutedEPS": 1.92,
        "ebit": 528.69,
        "grossIncome": 1144.806,
        "interestExpense": 36.724,
        "interestIncomeExpense": -35.587,
        "minorityInterest": 0,
        "netIncome": 396.296,
        "netIncomeAfterTaxes": 396.296,
        "nonRecurringItems": -119.576,
        "period": "2022-12-31",
        "pretaxIncome": 363.122,
        "provisionforIncomeTaxes": -33.174,
        "revenue": 2652.338,
        "sgaExpense": 616.116,
        "totalOperatingExpense": 616.116,
        "totalOtherIncomeExpenseNet": -10.405
      },
      {
        "costOfGoodsSold": 1619.654,
        "dilutedAverageSharesOutstanding": 206.274,
        "dilutedEPS": 1.94,
        "ebit": 557.013,
        "grossIncome": 1108.499,
        "interestExpense": 36.033,
        "interestIncomeExpense": -35.378,
        "minorityInterest": 0,
        "netIncome": 399.487,
        "netIncomeAfterTaxes": 399.487,
        "nonRecurringItems": -43.707,
        "period": "2022-10-02",
        "pretaxIncome": 473.085,
        "provisionforIncomeTaxes": 73.598,
        "revenue": 2728.153,
        "sgaExpense": 551.486,
        "totalOperatingExpense": 551.486,
        "totalOtherIncomeExpenseNet": -4.843
      },
      {
        "costOfGoodsSold": 1372.606,
        "dilutedAverageSharesOutstanding": 206.449,
        "dilutedEPS": 1.53,
        "ebit": 457.23,
        "grossIncome": 999.976,
        "interestExpense": 33.802,
        "interestIncomeExpense": -33.413,
        "minorityInterest": 0,
        "netIncome": 315.556,
        "netIncomeAfterTaxes": 315.556,
        "nonRecurringItems": -15.547,
        "period": "2022-07-03",
        "pretaxIncome": 403.46,
        "provisionforIncomeTaxes": 87.904,
        "revenue": 2372.582,
        "sgaExpense": 542.746,
        "totalOperatingExpense": 542.746,
        "totalOtherIncomeExpenseNet": -4.81
      },
      {
        "costOfGoodsSold": 1420.714,
        "dilutedAverageSharesOutstanding": 207.27,
        "dilutedEPS": 2.57,
        "ebit": 722.271,
        "grossIncome": 1245.507,
        "interestExpense": 33.536,
        "interestIncomeExpense": -33.179,
        "minorityInterest": 0,
        "netIncome": 533.478,
        "netIncomeAfterTaxes": 533.478,
        "nonRecurringItems": -13.873,
        "period": "2022-04-03",
        "pretaxIncome": 677.404,
        "provisionforIncomeTaxes": 143.926,
        "revenue": 2666.221,
        "sgaExpense": 523.236,
        "totalOperatingExpense": 523.236,
        "totalOtherIncomeExpenseNet": 2.185
      },
      {
        "costOfGoodsSold": 1358.198,
        "dilutedAverageSharesOutstanding": 205.533,
        "dilutedEPS": 1.98,
        "ebit": 562.182,
        "grossIncome": 1132.082,
        "interestExpense": 30.43,
        "interestIncomeExpense": -36.661,
        "netIncome": 406.983,
        "netIncomeAfterTaxes": 406.983,
        "nonRecurringItems": -78.877,
        "period": "2021-12-31",
        "pretaxIncome": 439.52,
        "provisionforIncomeTaxes": 32.537,
        "revenue": 2490.28,
        "sgaExpense": 569.9,
        "totalOperatingExpense": 569.9,
        "totalOtherIncomeExpenseNet": -7.124
      },
      {
        "costOfGoodsSold": 1298.291,
        "dilutedAverageSharesOutstanding": 207.426,
        "dilutedEPS": 2.14,
        "ebit": 578.228,
        "grossIncome": 1061.548,
        "interestExpense": 30.686,
        "interestIncomeExpense": -30.154,
        "minorityInterest": 0,
        "netIncome": 444.927,
        "netIncomeAfterTaxes": 444.927,
        "nonRecurringItems": -24.36,
        "period": "2021-10-03",
        "pretaxIncome": 521.673,
        "provisionforIncomeTaxes": 76.746,
        "revenue": 2359.839,
        "sgaExpense": 483.32,
        "totalOperatingExpense": 483.32,
        "totalOtherIncomeExpenseNet": -2.041
      },
      {
        "costOfGoodsSold": 1062.935,
        "dilutedAverageSharesOutstanding": 207.671,
        "dilutedEPS": 1.45,
        "ebit": 460.144,
        "grossIncome": 926.487,
        "interestExpense": 31.684,
        "interestIncomeExpense": -31.065,
        "minorityInterest": 0,
        "netIncome": 301.23,
        "netIncomeAfterTaxes": 301.23,
        "nonRecurringItems": -8.349,
        "period": "2021-07-04",
        "pretaxIncome": 418.416,
        "provisionforIncomeTaxes": 117.186,
        "revenue": 1989.422,
        "sgaExpense": 466.343,
        "totalOperatingExpense": 466.343,
        "totalOtherIncomeExpenseNet": -2.314
      },
      {
        "costOfGoodsSold": 1243.002,
        "dilutedAverageSharesOutstanding": 208.564,
        "dilutedEPS": 1.9,
        "ebit": 559.971,
        "grossIncome": 1052.946,
        "interestExpense": 37.046,
        "interestIncomeExpense": -36.436,
        "minorityInterest": -1.072,
        "netIncome": 395.799,
        "netIncomeAfterTaxes": 396.871,
        "nonRecurringItems": -9.818,
        "period": "2021-04-04",
        "pretaxIncome": 514.194,
        "provisionforIncomeTaxes": 117.323,
        "revenue": 2295.948,
        "sgaExpense": 492.975,
        "totalOperatingExpense": 492.975,
        "totalOtherIncomeExpenseNet": 0.477
      },
      {
        "costOfGoodsSold": 1223.173,
        "dilutedAverageSharesOutstanding": 209.384,
        "dilutedEPS": 1.39,
        "ebit": 432.249,
        "grossIncome": 962.071,
        "interestExpense": 38.72,
        "interestIncomeExpense": -37.782,
        "minorityInterest": 0.057,
        "netIncome": 291.387,
        "netIncomeAfterTaxes": 291.33,
        "nonRecurringItems": -123.456,
        "period": "2020-12-31",
        "pretaxIncome": 263.4,
        "provisionforIncomeTaxes": -27.93,
        "revenue": 2185.244,
        "sgaExpense": 529.822,
        "totalOperatingExpense": 529.822,
        "totalOtherIncomeExpenseNet": -7.611
      },
      {
        "costOfGoodsSold": 1139.805,
        "dilutedAverageSharesOutstanding": 209.14,
        "dilutedEPS": 2.14,
        "ebit": 611.41,
        "grossIncome": 1080.024,
        "interestExpense": 38.056,
        "interestIncomeExpense": -37.258,
        "minorityInterest": 0.025,
        "netIncome": 447.283,
        "netIncomeAfterTaxes": 447.258,
        "nonRecurringItems": -10.707,
        "period": "2020-09-27",
        "pretaxIncome": 562.508,
        "provisionforIncomeTaxes": 115.25,
        "revenue": 2219.829,
        "sgaExpense": 468.614,
        "totalOperatingExpense": 468.614,
        "totalOtherIncomeExpenseNet": -0.937
      },
      {
        "costOfGoodsSold": 914.777,
        "dilutedAverageSharesOutstanding": 209.07,
        "dilutedEPS": 1.29,
        "ebit": 386.248,
        "grossIncome": 792.552,
        "interestExpense": 38.856,
        "interestIncomeExpense": -38.079,
        "minorityInterest": 0.859,
        "netIncome": 268.901,
        "netIncomeAfterTaxes": 268.042,
        "nonRecurringItems": -10.322,
        "period": "2020-06-28",
        "pretaxIncome": 334.077,
        "provisionforIncomeTaxes": 66.035,
        "revenue": 1707.329,
        "sgaExpense": 406.304,
        "totalOperatingExpense": 406.304,
        "totalOtherIncomeExpenseNet": -3.77
      },
      {
        "costOfGoodsSold": 1170.695,
        "dilutedAverageSharesOutstanding": 210.147,
        "dilutedEPS": 1.29,
        "ebit": 400.319,
        "grossIncome": 866.622,
        "interestExpense": 37.839,
        "interestIncomeExpense": -45.336,
        "minorityInterest": 2.354,
        "netIncome": 271.137,
        "netIncomeAfterTaxes": 268.783,
        "nonRecurringItems": -19.541,
        "period": "2020-03-29",
        "pretaxIncome": 335.012,
        "provisionforIncomeTaxes": 66.229,
        "revenue": 2037.317,
        "sgaExpense": 466.303,
        "totalOperatingExpense": 466.303,
        "totalOtherIncomeExpenseNet": -0.43
      },
      {
        "costOfGoodsSold": 1156.213,
        "dilutedAverageSharesOutstanding": 210.357,
        "dilutedEPS": 0.98,
        "ebit": 390.21,
        "grossIncome": 911.912,
        "interestExpense": 37.432,
        "interestIncomeExpense": -32.933,
        "minorityInterest": 2.769,
        "netIncome": 207.187,
        "netIncomeAfterTaxes": 204.418,
        "nonRecurringItems": -140.407,
        "period": "2019-12-31",
        "pretaxIncome": 214.321,
        "provisionforIncomeTaxes": 9.903,
        "revenue": 2068.125,
        "sgaExpense": 521.702,
        "totalOperatingExpense": 521.702,
        "totalOtherIncomeExpenseNet": -2.549
      },
      {
        "costOfGoodsSold": 1191.104,
        "dilutedAverageSharesOutstanding": 211.312,
        "dilutedEPS": 1.54,
        "ebit": 463.48,
        "grossIncome": 943.318,
        "interestExpense": 35.229,
        "interestIncomeExpense": -36.515,
        "minorityInterest": 0.125,
        "netIncome": 325.307,
        "netIncomeAfterTaxes": 325.182,
        "nonRecurringItems": -10.385,
        "period": "2019-09-29",
        "pretaxIncome": 407.36,
        "provisionforIncomeTaxes": 82.178,
        "revenue": 2134.422,
        "sgaExpense": 479.838,
        "totalOperatingExpense": 479.838,
        "totalOtherIncomeExpenseNet": -9.22
      },
      {
        "costOfGoodsSold": 892.473,
        "dilutedAverageSharesOutstanding": 210.817,
        "dilutedEPS": 1.48,
        "ebit": 423.785,
        "grossIncome": 874.744,
        "interestExpense": 36.689,
        "interestIncomeExpense": -36.372,
        "minorityInterest": -0.431,
        "netIncome": 312.84,
        "netIncomeAfterTaxes": 313.271,
        "nonRecurringItems": -19.752,
        "period": "2019-06-30",
        "pretaxIncome": 363.169,
        "provisionforIncomeTaxes": 49.898,
        "revenue": 1767.217,
        "sgaExpense": 450.959,
        "totalOperatingExpense": 450.959,
        "totalOtherIncomeExpenseNet": -4.492
      },
      {
        "costOfGoodsSold": 1123.984,
        "dilutedAverageSharesOutstanding": 210.327,
        "dilutedEPS": 1.45,
        "ebit": 436.095,
        "grossIncome": 892.504,
        "interestExpense": 38.305,
        "interestIncomeExpense": -34.2,
        "minorityInterest": 0.477,
        "netIncome": 304.358,
        "netIncomeAfterTaxes": 303.881,
        "nonRecurringItems": -1.636,
        "period": "2019-03-31",
        "pretaxIncome": 395.934,
        "provisionforIncomeTaxes": 92.053,
        "revenue": 2016.488,
        "sgaExpense": 456.409,
        "totalOperatingExpense": 456.409,
        "totalOtherIncomeExpenseNet": -4.325
      },
      {
        "costOfGoodsSold": 1046.328,
        "dilutedAverageSharesOutstanding": 211.046,
        "dilutedEPS": 1.59,
        "ebit": 464.766,
        "grossIncome": 941.574,
        "interestExpense": 39.805,
        "interestIncomeExpense": -42.562,
        "minorityInterest": 5.191,
        "netIncome": 336.791,
        "netIncomeAfterTaxes": 323.8,
        "nonRecurringItems": -65.931,
        "period": "2018-12-31",
        "pretaxIncome": 343.97,
        "provisionforIncomeTaxes": 20.17,
        "revenue": 1987.902,
        "sgaExpense": 476.808,
        "totalOperatingExpense": 476.808,
        "totalOtherIncomeExpenseNet": -12.303
      },
      {
        "costOfGoodsSold": 1211.535,
        "dilutedAverageSharesOutstanding": 210.681,
        "dilutedEPS": 1.25,
        "ebit": 415.795,
        "grossIncome": 868.058,
        "interestExpense": 38.735,
        "interestIncomeExpense": -33.976,
        "minorityInterest": -1.7,
        "netIncome": 263.713,
        "netIncomeAfterTaxes": 265.413,
        "nonRecurringItems": -15.775,
        "period": "2018-09-30",
        "pretaxIncome": 356.854,
        "provisionforIncomeTaxes": 91.441,
        "revenue": 2079.593,
        "sgaExpense": 452.263,
        "totalOperatingExpense": 452.263,
        "totalOtherIncomeExpenseNet": -9.19
      },
      {
        "costOfGoodsSold": 950.873,
        "dilutedAverageSharesOutstanding": 210.378,
        "dilutedEPS": 1.08,
        "ebit": 356.852,
        "grossIncome": 800.742,
        "interestExpense": 36.764,
        "interestIncomeExpense": -33.616,
        "minorityInterest": 3.536,
        "netIncome": 226.855,
        "netIncomeAfterTaxes": 223.319,
        "nonRecurringItems": -61.794,
        "period": "2018-07-01",
        "pretaxIncome": 260.006,
        "provisionforIncomeTaxes": 36.687,
        "revenue": 1751.615,
        "sgaExpense": 443.89,
        "totalOperatingExpense": 443.89,
        "totalOtherIncomeExpenseNet": -1.436
      },
      {
        "costOfGoodsSold": 995.685,
        "dilutedAverageSharesOutstanding": 211.955,
        "dilutedEPS": 1.65,
        "ebit": 497.008,
        "grossIncome": 976.274,
        "interestExpense": 31.554,
        "interestIncomeExpense": -29.884,
        "minorityInterest": -0.516,
        "netIncome": 350.203,
        "netIncomeAfterTaxes": 350.719,
        "nonRecurringItems": -16.385,
        "period": "2018-04-01",
        "pretaxIncome": 449.231,
        "provisionforIncomeTaxes": 98.512,
        "revenue": 1971.959,
        "sgaExpense": 479.266,
        "totalOperatingExpense": 479.266,
        "totalOtherIncomeExpenseNet": -1.508
      },
      {
        "costOfGoodsSold": 1103.723,
        "dilutedAverageSharesOutstanding": 212.599,
        "dilutedEPS": 0.85,
        "ebit": 330.356,
        "grossIncome": 835.913,
        "interestExpense": 26.75,
        "interestIncomeExpense": -22.306,
        "minorityInterest": -0.416,
        "netIncome": 181.133,
        "netIncomeAfterTaxes": 149.049,
        "nonRecurringItems": -41.87,
        "period": "2017-12-31",
        "pretaxIncome": 260.389,
        "provisionforIncomeTaxes": 111.34,
        "revenue": 1939.636,
        "sgaExpense": 505.557,
        "totalOperatingExpense": 505.557,
        "totalOtherIncomeExpenseNet": -5.791
      },
      {
        "costOfGoodsSold": 1089.972,
        "dilutedAverageSharesOutstanding": 213.392,
        "dilutedEPS": 1.28,
        "ebit": 469.361,
        "grossIncome": 943.149,
        "interestExpense": 24.922,
        "interestIncomeExpense": -24.229,
        "minorityInterest": -0.71,
        "netIncome": 273.303,
        "netIncomeAfterTaxes": 274.013,
        "nonRecurringItems": -21.993,
        "period": "2017-10-01",
        "pretaxIncome": 400.801,
        "provisionforIncomeTaxes": 126.788,
        "revenue": 2033.121,
        "sgaExpense": 473.788,
        "totalOperatingExpense": 473.788,
        "totalOtherIncomeExpenseNet": -22.338
      },
      {
        "costOfGoodsSold": 891.372,
        "dilutedAverageSharesOutstanding": 214.64,
        "dilutedEPS": 0.95,
        "ebit": 335.534,
        "grossIncome": 771.619,
        "interestExpense": 24.424,
        "interestIncomeExpense": -24.714,
        "minorityInterest": 0.774,
        "netIncome": 203.501,
        "netIncomeAfterTaxes": 202.727,
        "nonRecurringItems": -24.717,
        "period": "2017-07-02",
        "pretaxIncome": 281.117,
        "provisionforIncomeTaxes": 78.39,
        "revenue": 1662.991,
        "sgaExpense": 436.085,
        "totalOperatingExpense": 436.085,
        "totalOtherIncomeExpenseNet": -4.986
      },
      {
        "costOfGoodsSold": 969.836,
        "dilutedAverageSharesOutstanding": 214.522,
        "dilutedEPS": 0.58,
        "ebit": 451.755,
        "grossIncome": 909.842,
        "interestExpense": 23.97,
        "interestIncomeExpense": -22.559,
        "minorityInterest": 26.796,
        "netIncome": 125.044,
        "netIncomeAfterTaxes": 98.248,
        "nonRecurringItems": -255.7,
        "period": "2017-04-02",
        "pretaxIncome": 168.361,
        "provisionforIncomeTaxes": 70.113,
        "revenue": 1879.678,
        "sgaExpense": 458.087,
        "totalOperatingExpense": 458.087,
        "totalOtherIncomeExpenseNet": -5.135
      },
      {
        "costOfGoodsSold": 1216.169,
        "dilutedAverageSharesOutstanding": 213.942,
        "dilutedEPS": 0.55,
        "ebit": 272.497,
        "grossIncome": 754.075,
        "interestExpense": 24.246,
        "interestIncomeExpense": -23.413,
        "netIncome": 116.853,
        "netIncomeAfterTaxes": 116.853,
        "nonRecurringItems": -1.239,
        "period": "2016-12-31",
        "pretaxIncome": 198.619,
        "provisionforIncomeTaxes": 81.766,
        "revenue": 1970.244,
        "sgaExpense": 481.578,
        "totalOperatingExpense": 481.578,
        "totalOtherIncomeExpenseNet": -49.226
      },
      {
        "costOfGoodsSold": 1128.136,
        "dilutedAverageSharesOutstanding": 215.161,
        "dilutedEPS": 1.06,
        "ebit": 401.986,
        "gainLossOnDispositionOfAssets": 0,
        "grossIncome": 875.318,
        "interestExpense": 24.741,
        "interestIncomeExpense": -24.387,
        "netIncome": 227.403,
        "netIncomeAfterTaxes": 227.403,
        "nonRecurringItems": -48.763,
        "period": "2016-10-02",
        "pretaxIncome": 327.837,
        "provisionforIncomeTaxes": 100.434,
        "revenue": 2003.454,
        "sgaExpense": 473.332,
        "totalOperatingExpense": 473.332,
        "totalOtherIncomeExpenseNet": -0.999
      },
      {
        "costOfGoodsSold": 856.308,
        "dilutedAverageSharesOutstanding": 214.504,
        "dilutedEPS": 0.68,
        "ebit": 324.857,
        "gainLossOnDispositionOfAssets": 0,
        "grossIncome": 781.363,
        "interestExpense": 21.611,
        "interestIncomeExpense": -21.338,
        "netIncome": 145.956,
        "netIncomeAfterTaxes": 145.956,
        "nonRecurringItems": -71.563,
        "period": "2016-07-03",
        "pretaxIncome": 233.296,
        "provisionforIncomeTaxes": 87.34,
        "revenue": 1637.671,
        "sgaExpense": 456.506,
        "totalOperatingExpense": 456.506,
        "totalOtherIncomeExpenseNet": 1.34
      },
      {
        "costOfGoodsSold": 1011.923,
        "dilutedAverageSharesOutstanding": 217.487,
        "dilutedEPS": 1.06,
        "ebit": 353.939,
        "gainLossOnDispositionOfAssets": 0,
        "grossIncome": 816.889,
        "interestExpense": 21.35,
        "interestIncomeExpense": -21.005,
        "netIncome": 229.832,
        "netIncomeAfterTaxes": 229.832,
        "nonRecurringItems": 6.627,
        "period": "2016-04-03",
        "pretaxIncome": 339.729,
        "provisionforIncomeTaxes": 109.897,
        "revenue": 1828.812,
        "sgaExpense": 462.95,
        "totalOperatingExpense": 462.95,
        "totalOtherIncomeExpenseNet": 0.168
      },
      {
        "costOfGoodsSold": 1049.19,
        "dilutedAverageSharesOutstanding": 218.638,
        "dilutedEPS": 0.98,
        "ebit": 360.585,
        "grossIncome": 860.032,
        "interestExpense": 21.423,
        "interestIncomeExpense": -17.598,
        "netIncome": 213.384,
        "netIncomeAfterTaxes": 213.384,
        "nonRecurringItems": -20.635,
        "period": "2015-12-31",
        "pretaxIncome": 296.541,
        "provisionforIncomeTaxes": 83.157,
        "revenue": 1909.222,
        "sgaExpense": 499.447,
        "totalOperatingExpense": 499.447,
        "totalOtherIncomeExpenseNet": -25.811
      },
      {
        "costOfGoodsSold": 1067.427,
        "dilutedAverageSharesOutstanding": 220.075,
        "dilutedEPS": 0.7,
        "ebit": 393.046,
        "grossIncome": 893.352,
        "interestExpense": 19.519,
        "interestIncomeExpense": -29.338,
        "netIncome": 154.771,
        "netIncomeAfterTaxes": 154.771,
        "nonRecurringItems": -117.07,
        "period": "2015-10-04",
        "pretaxIncome": 246.638,
        "provisionforIncomeTaxes": 91.867,
        "revenue": 1960.779,
        "sgaExpense": 500.306,
        "totalOperatingExpense": 500.306
      }
    ],
    "symbol": "HSY"
  }
}