{
  "symbol": "BEN",
  "statement": "ic",
  "frequency": "annual",
  "timestamp": "2025-09-19T14:00:46.016656",
  "data": {
    "financials": [
      {
        "costOfGoodsSold": 5333.1,
        "depreciationAmortization": 338.2,
        "dilutedAverageSharesOutstanding": 510.3,
        "dilutedEPS": 0.847,
        "ebit": 1157.9,
        "grossIncome": 3144.9,
        "interestExpense": 97.2,
        "interestIncomeExpense": 388.6,
        "minorityInterest": -143.1,
        "netIncome": 432.2,
        "netIncomeAfterTaxes": 607.9,
        "nonRecurringItems": -750.3,
        "period": "2024-09-30",
        "pretaxIncome": 823.2,
        "provisionforIncomeTaxes": 215.3,
        "revenue": 8478,
        "sgaExpense": 1648.8,
        "totalOperatingExpense": 1987,
        "totalOtherIncomeExpenseNet": 27,
        "year": 2024
      },
      {
        "depreciationAmortization": 341.1,
        "dilutedAverageSharesOutstanding": 490.8,
        "dilutedEPS": 1.72,
        "ebit": 1436.9,
        "interestExpense": 123.7,
        "interestIncomeExpense": 272.8,
        "minorityInterest": -220.6,
        "netIncome": 845.1,
        "netIncomeAfterTaxes": 1103.4,
        "nonRecurringItems": -334.6,
        "period": "2023-09-30",
        "pretaxIncome": 1415.7,
        "provisionforIncomeTaxes": 312.3,
        "revenue": 7849.4,
        "sgaExpense": 6071.4,
        "totalOperatingExpense": 6412.5,
        "totalOtherIncomeExpenseNet": 40.6,
        "year": 2023
      },
      {
        "depreciationAmortization": 282,
        "dilutedAverageSharesOutstanding": 489.3,
        "dilutedEPS": 2.53,
        "ebit": 1773.9,
        "interestExpense": 98.2,
        "interestIncomeExpense": -55.7,
        "minorityInterest": -41.3,
        "netIncome": 1237.8,
        "netIncomeAfterTaxes": 1333.2,
        "period": "2022-09-30",
        "pretaxIncome": 1729.4,
        "provisionforIncomeTaxes": 396.2,
        "revenue": 8275.3,
        "sgaExpense": 6219.4,
        "totalOperatingExpense": 6501.4,
        "totalOtherIncomeExpenseNet": 11.2,
        "year": 2022
      },
      {
        "depreciationAmortization": 232,
        "dilutedAverageSharesOutstanding": 490.6,
        "dilutedEPS": 3.57,
        "ebit": 1875,
        "interestExpense": 85.4,
        "interestIncomeExpense": 563.4,
        "minorityInterest": -263.4,
        "netIncome": 1753.5,
        "netIncomeAfterTaxes": 2094.6,
        "period": "2021-09-30",
        "pretaxIncome": 2444.2,
        "provisionforIncomeTaxes": 349.6,
        "revenue": 8425.5,
        "sgaExpense": 6318.5,
        "totalOperatingExpense": 6550.5,
        "totalOtherIncomeExpenseNet": 5.8,
        "year": 2021
      },
      {
        "depreciationAmortization": 54,
        "dilutedAverageSharesOutstanding": 492.4,
        "dilutedEPS": 1.59,
        "ebit": 1048.9,
        "interestExpense": 33.4,
        "interestIncomeExpense": -37.2,
        "minorityInterest": 11.8,
        "netIncome": 783.6,
        "netIncomeAfterTaxes": 787.1,
        "period": "2020-09-30",
        "pretaxIncome": 1017.9,
        "provisionforIncomeTaxes": 230.8,
        "revenue": 5566.5,
        "sgaExpense": 4463.6,
        "totalOperatingExpense": 4517.6,
        "totalOtherIncomeExpenseNet": 6.2,
        "year": 2020
      },
      {
        "depreciationAmortization": 14.7,
        "dilutedAverageSharesOutstanding": 504.3,
        "dilutedEPS": 2.35,
        "ebit": 1466.9,
        "interestExpense": 22.4,
        "interestIncomeExpense": 177.4,
        "minorityInterest": -9.8,
        "netIncome": 1184.8,
        "netIncomeAfterTaxes": 1205.5,
        "period": "2019-09-30",
        "pretaxIncome": 1647.8,
        "provisionforIncomeTaxes": 442.3,
        "revenue": 5669.4,
        "sgaExpense": 4187.8,
        "totalOperatingExpense": 4202.5,
        "totalOtherIncomeExpenseNet": 3.5,
        "year": 2019
      },
      {
        "depreciationAmortization": 1.8,
        "dilutedAverageSharesOutstanding": 538,
        "dilutedEPS": 1.38,
        "ebit": 2028.2,
        "interestExpense": 46.3,
        "interestIncomeExpense": 191.9,
        "minorityInterest": 21.7,
        "netIncome": 746.8,
        "netIncomeAfterTaxes": 1711.5,
        "period": "2018-09-30",
        "pretaxIncome": 2215.2,
        "provisionforIncomeTaxes": 503.7,
        "revenue": 6204.5,
        "sgaExpense": 4174.5,
        "totalOperatingExpense": 4176.3,
        "totalOtherIncomeExpenseNet": -4.9,
        "year": 2018
      },
      {
        "dilutedAverageSharesOutstanding": 559.1,
        "dilutedEPS": 3.01,
        "ebit": 2264.3,
        "interestExpense": 51.5,
        "interestIncomeExpense": 263.6,
        "minorityInterest": -93,
        "netIncome": 1684.3,
        "netIncomeAfterTaxes": 1789.7,
        "nonRecurringItems": -0.8,
        "period": "2017-09-30",
        "pretaxIncome": 2549.1,
        "provisionforIncomeTaxes": 759.4,
        "revenue": 6392.2,
        "sgaExpense": 4127.9,
        "totalOperatingExpense": 4127.9,
        "totalOtherIncomeExpenseNet": 22,
        "year": 2017
      },
      {
        "dilutedAverageSharesOutstanding": 583.8,
        "dilutedEPS": 2.94,
        "ebit": 2365.7,
        "gainLossOnDispositionOfAssets": 6.2,
        "interestExpense": 49.9,
        "interestIncomeExpense": 126.5,
        "minorityInterest": -31,
        "netIncome": 1715.8,
        "netIncomeAfterTaxes": 1757.7,
        "nonRecurringItems": -11.1,
        "period": "2016-09-30",
        "pretaxIncome": 2499.8,
        "provisionforIncomeTaxes": 742.1,
        "revenue": 6618,
        "sgaExpense": 4252.3,
        "totalOperatingExpense": 4252.3,
        "totalOtherIncomeExpenseNet": 12.5,
        "year": 2016
      },
      {
        "dilutedAverageSharesOutstanding": 614.9,
        "dilutedEPS": 3.29,
        "ebit": 3027.6,
        "gainLossOnDispositionOfAssets": 8.3,
        "interestExpense": 39.6,
        "interestIncomeExpense": -4.9,
        "minorityInterest": -69.4,
        "netIncome": 2023.3,
        "netIncomeAfterTaxes": 2104.7,
        "nonRecurringItems": -10,
        "period": "2015-09-30",
        "pretaxIncome": 3028.4,
        "provisionforIncomeTaxes": 923.7,
        "revenue": 7948.7,
        "sgaExpense": 4921.1,
        "totalOperatingExpense": 4921.1,
        "totalOtherIncomeExpenseNet": 7.4,
        "year": 2015
      }
    ],
    "symbol": "BEN"
  }
}