{
  "symbol": "LULU",
  "statement": "ic",
  "frequency": "quarterly",
  "timestamp": "2025-09-19T14:03:23.535332",
  "data": {
    "financials": [
      {
        "costOfGoodsSold": 1048.017,
        "depreciationAmortization": 1.73,
        "dilutedAverageSharesOutstanding": 119.68,
        "dilutedEPS": 3.1,
        "ebit": 523.814,
        "grossIncome": 1477.202,
        "netIncome": 370.905,
        "netIncomeAfterTaxes": 370.905,
        "period": "2025-08-03",
        "pretaxIncome": 533.551,
        "provisionforIncomeTaxes": 162.646,
        "revenue": 2525.219,
        "sgaExpense": 951.658,
        "totalOperatingExpense": 953.388,
        "totalOtherIncomeExpenseNet": 9.737
      },
      {
        "costOfGoodsSold": 987.534,
        "depreciationAmortization": 1.63,
        "dilutedAverageSharesOutstanding": 120.843,
        "dilutedEPS": 2.6,
        "ebit": 438.625,
        "grossIncome": 1383.126,
        "netIncome": 314.572,
        "netIncomeAfterTaxes": 314.572,
        "period": "2025-05-04",
        "pretaxIncome": 450.411,
        "provisionforIncomeTaxes": 135.839,
        "revenue": 2370.66,
        "sgaExpense": 942.871,
        "totalOperatingExpense": 944.501,
        "totalOtherIncomeExpenseNet": 11.786
      },
      {
        "costOfGoodsSold": 1429.545,
        "depreciationAmortization": 1.617,
        "dilutedAverageSharesOutstanding": 121.736,
        "dilutedEPS": 6.15,
        "ebit": 1043.168,
        "grossIncome": 2181.952,
        "netIncome": 748.403,
        "netIncomeAfterTaxes": 748.403,
        "nonRecurringItems": -1,
        "period": "2025-02-02",
        "pretaxIncome": 1057.528,
        "provisionforIncomeTaxes": 309.125,
        "revenue": 3611.497,
        "sgaExpense": 1137.167,
        "totalOperatingExpense": 1138.784,
        "totalOtherIncomeExpenseNet": 15.36
      },
      {
        "costOfGoodsSold": 995.054,
        "depreciationAmortization": 1.118,
        "dilutedAverageSharesOutstanding": 122.803,
        "dilutedEPS": 2.87,
        "ebit": 493.161,
        "grossIncome": 1401.606,
        "netIncome": 351.87,
        "netIncomeAfterTaxes": 351.87,
        "nonRecurringItems": -2.5,
        "period": "2024-10-27",
        "pretaxIncome": 504.404,
        "provisionforIncomeTaxes": 152.534,
        "revenue": 2396.66,
        "sgaExpense": 907.327,
        "totalOperatingExpense": 908.445,
        "totalOtherIncomeExpenseNet": 13.743
      },
      {
        "costOfGoodsSold": 958.893,
        "depreciationAmortization": 0,
        "dilutedAverageSharesOutstanding": 124.857,
        "dilutedEPS": 3.15,
        "ebit": 540.226,
        "grossIncome": 1412.185,
        "netIncome": 392.922,
        "netIncomeAfterTaxes": 392.922,
        "period": "2024-07-28",
        "pretaxIncome": 558.22,
        "provisionforIncomeTaxes": 165.298,
        "revenue": 2371.078,
        "sgaExpense": 871.959,
        "totalOperatingExpense": 871.959,
        "totalOtherIncomeExpenseNet": 17.994
      },
      {
        "costOfGoodsSold": 933.823,
        "depreciationAmortization": 0,
        "dilutedAverageSharesOutstanding": 126.336,
        "dilutedEPS": 2.54,
        "ebit": 432.642,
        "grossIncome": 1275.068,
        "netIncome": 321.421,
        "netIncomeAfterTaxes": 321.421,
        "period": "2024-04-28",
        "pretaxIncome": 455.925,
        "provisionforIncomeTaxes": 134.504,
        "revenue": 2208.891,
        "sgaExpense": 842.426,
        "totalOperatingExpense": 842.426,
        "totalOtherIncomeExpenseNet": 23.283
      },
      {
        "costOfGoodsSold": 1301.678,
        "depreciationAmortization": 0,
        "dilutedAverageSharesOutstanding": 126.586,
        "dilutedEPS": 5.29,
        "ebit": 913.89,
        "grossIncome": 1903.425,
        "netIncome": 669.468,
        "netIncomeAfterTaxes": 669.468,
        "nonRecurringItems": 0,
        "period": "2024-01-28",
        "pretaxIncome": 931.72,
        "provisionforIncomeTaxes": 262.252,
        "revenue": 3205.103,
        "sgaExpense": 989.535,
        "totalOperatingExpense": 989.535,
        "totalOtherIncomeExpenseNet": 17.83
      },
      {
        "costOfGoodsSold": 947.554,
        "depreciationAmortization": 1.253,
        "dilutedAverageSharesOutstanding": 126.77,
        "dilutedEPS": 1.96,
        "ebit": 412.616,
        "grossIncome": 1256.664,
        "netIncome": 248.714,
        "netIncomeAfterTaxes": 248.714,
        "nonRecurringItems": -74.501,
        "period": "2023-10-29",
        "pretaxIncome": 347.957,
        "provisionforIncomeTaxes": 99.243,
        "revenue": 2204.218,
        "sgaExpense": 842.795,
        "totalOperatingExpense": 844.048,
        "totalOtherIncomeExpenseNet": 9.842
      },
      {
        "costOfGoodsSold": 910.654,
        "depreciationAmortization": 1.879,
        "dilutedAverageSharesOutstanding": 127.263,
        "dilutedEPS": 2.68,
        "ebit": 479.257,
        "grossIncome": 1298.511,
        "netIncome": 341.603,
        "netIncomeAfterTaxes": 341.603,
        "nonRecurringItems": 0,
        "period": "2023-07-30",
        "pretaxIncome": 486.619,
        "provisionforIncomeTaxes": 145.016,
        "revenue": 2209.165,
        "sgaExpense": 817.375,
        "totalOperatingExpense": 819.254,
        "totalOtherIncomeExpenseNet": 7.362
      },
      {
        "costOfGoodsSold": 849.987,
        "depreciationAmortization": 1.878,
        "dilutedAverageSharesOutstanding": 127.621,
        "dilutedEPS": 2.28,
        "ebit": 401.414,
        "grossIncome": 1150.805,
        "netIncome": 290.405,
        "netIncomeAfterTaxes": 290.405,
        "period": "2023-04-30",
        "pretaxIncome": 409.439,
        "provisionforIncomeTaxes": 119.034,
        "revenue": 2000.792,
        "sgaExpense": 747.513,
        "totalOperatingExpense": 749.391,
        "totalOtherIncomeExpenseNet": 8.025
      },
      {
        "costOfGoodsSold": 1244.219,
        "depreciationAmortization": 2.173,
        "dilutedAverageSharesOutstanding": 127.801,
        "dilutedEPS": 0.94,
        "ebit": 722.339,
        "grossIncome": 1527.619,
        "netIncome": 119.811,
        "netIncomeAfterTaxes": 119.811,
        "nonRecurringItems": -407.913,
        "period": "2023-01-29",
        "pretaxIncome": 318.135,
        "provisionforIncomeTaxes": 198.324,
        "revenue": 2771.838,
        "sgaExpense": 803.107,
        "totalOperatingExpense": 805.28,
        "totalOtherIncomeExpenseNet": 3.709
      },
      {
        "costOfGoodsSold": 818.037,
        "depreciationAmortization": 2.189,
        "dilutedAverageSharesOutstanding": 127.82,
        "dilutedEPS": 2,
        "ebit": 352.427,
        "grossIncome": 1038.852,
        "netIncome": 255.47,
        "netIncomeAfterTaxes": 255.47,
        "nonRecurringItems": 0,
        "period": "2022-10-30",
        "pretaxIncome": 352.758,
        "provisionforIncomeTaxes": 97.288,
        "revenue": 1856.889,
        "sgaExpense": 684.236,
        "totalOperatingExpense": 686.425,
        "totalOtherIncomeExpenseNet": 0.331
      },
      {
        "costOfGoodsSold": 812.852,
        "depreciationAmortization": 2.195,
        "dilutedAverageSharesOutstanding": 127.906,
        "dilutedEPS": 2.26,
        "ebit": 391.028,
        "grossIncome": 1055.476,
        "netIncome": 289.521,
        "netIncomeAfterTaxes": 289.521,
        "nonRecurringItems": 10.18,
        "period": "2022-07-31",
        "pretaxIncome": 401.353,
        "provisionforIncomeTaxes": 111.832,
        "revenue": 1868.328,
        "sgaExpense": 662.253,
        "totalOperatingExpense": 664.448,
        "totalOtherIncomeExpenseNet": 0.145
      },
      {
        "costOfGoodsSold": 743.07,
        "depreciationAmortization": 2.195,
        "dilutedAverageSharesOutstanding": 128.541,
        "dilutedEPS": 1.48,
        "ebit": 260.347,
        "grossIncome": 870.393,
        "netIncome": 189.998,
        "netIncomeAfterTaxes": 189.998,
        "nonRecurringItems": 0,
        "period": "2022-05-01",
        "pretaxIncome": 260.325,
        "provisionforIncomeTaxes": 70.327,
        "revenue": 1613.463,
        "sgaExpense": 607.851,
        "totalOperatingExpense": 610.046,
        "totalOtherIncomeExpenseNet": -0.022
      },
      {
        "costOfGoodsSold": 892.941,
        "depreciationAmortization": 2.197,
        "dilutedAverageSharesOutstanding": 129.509,
        "dilutedEPS": 3.36,
        "ebit": 592.016,
        "grossIncome": 1236.172,
        "netIncome": 434.504,
        "netIncomeAfterTaxes": 434.504,
        "nonRecurringItems": -1.46,
        "period": "2022-01-30",
        "pretaxIncome": 590.732,
        "provisionforIncomeTaxes": 156.228,
        "revenue": 2129.113,
        "sgaExpense": 641.959,
        "totalOperatingExpense": 644.156,
        "totalOtherIncomeExpenseNet": 0.176
      },
      {
        "costOfGoodsSold": 621.028,
        "depreciationAmortization": 2.195,
        "dilutedAverageSharesOutstanding": 130.189,
        "dilutedEPS": 1.44,
        "ebit": 282.074,
        "grossIncome": 829.393,
        "netIncome": 187.788,
        "netIncomeAfterTaxes": 187.788,
        "nonRecurringItems": -24.127,
        "period": "2021-10-31",
        "pretaxIncome": 257.962,
        "provisionforIncomeTaxes": 70.174,
        "revenue": 1450.421,
        "sgaExpense": 545.124,
        "totalOperatingExpense": 547.319,
        "totalOtherIncomeExpenseNet": 0.015
      },
      {
        "costOfGoodsSold": 607.932,
        "depreciationAmortization": 2.195,
        "dilutedAverageSharesOutstanding": 130.49,
        "dilutedEPS": 1.59,
        "ebit": 299.174,
        "grossIncome": 842.686,
        "netIncome": 208.074,
        "netIncomeAfterTaxes": 208.074,
        "nonRecurringItems": -8.143,
        "period": "2021-08-01",
        "pretaxIncome": 291.127,
        "provisionforIncomeTaxes": 83.053,
        "revenue": 1450.618,
        "sgaExpense": 541.317,
        "totalOperatingExpense": 543.512,
        "totalOtherIncomeExpenseNet": 0.096
      },
      {
        "costOfGoodsSold": 526.151,
        "depreciationAmortization": 2.195,
        "dilutedAverageSharesOutstanding": 130.984,
        "dilutedEPS": 1.11,
        "ebit": 201.485,
        "grossIncome": 700.314,
        "netIncome": 144.956,
        "netIncomeAfterTaxes": 144.956,
        "nonRecurringItems": -7.664,
        "period": "2021-05-02",
        "pretaxIncome": 194.048,
        "provisionforIncomeTaxes": 49.092,
        "revenue": 1226.465,
        "sgaExpense": 496.634,
        "totalOperatingExpense": 498.829,
        "totalOtherIncomeExpenseNet": 0.227
      },
      {
        "costOfGoodsSold": 716.815,
        "depreciationAmortization": 2.195,
        "dilutedAverageSharesOutstanding": 130.958,
        "dilutedEPS": 2.52,
        "ebit": 465.708,
        "grossIncome": 1012.734,
        "netIncome": 329.837,
        "netIncomeAfterTaxes": 329.837,
        "nonRecurringItems": -7.802,
        "period": "2021-01-31",
        "pretaxIncome": 457.02,
        "provisionforIncomeTaxes": 127.183,
        "revenue": 1729.549,
        "sgaExpense": 544.831,
        "totalOperatingExpense": 547.026,
        "totalOtherIncomeExpenseNet": -0.886
      },
      {
        "costOfGoodsSold": 490.072,
        "depreciationAmortization": 2.241,
        "dilutedAverageSharesOutstanding": 130.924,
        "dilutedEPS": 1.1,
        "ebit": 213.451,
        "grossIncome": 627.354,
        "netIncome": 143.643,
        "netIncomeAfterTaxes": 143.643,
        "nonRecurringItems": -8.531,
        "period": "2020-11-01",
        "pretaxIncome": 204.34,
        "provisionforIncomeTaxes": 60.697,
        "revenue": 1117.426,
        "sgaExpense": 411.662,
        "totalOperatingExpense": 413.903,
        "totalOtherIncomeExpenseNet": -0.58
      },
      {
        "costOfGoodsSold": 413.441,
        "depreciationAmortization": 0.724,
        "dilutedAverageSharesOutstanding": 130.799,
        "dilutedEPS": 0.66,
        "ebit": 135.873,
        "grossIncome": 489.501,
        "netIncome": 86.801,
        "netIncomeAfterTaxes": 86.801,
        "nonRecurringItems": -11.464,
        "period": "2020-08-02",
        "pretaxIncome": 124.065,
        "provisionforIncomeTaxes": 37.264,
        "revenue": 902.942,
        "sgaExpense": 352.904,
        "totalOperatingExpense": 353.628,
        "totalOtherIncomeExpenseNet": -0.344
      },
      {
        "costOfGoodsSold": 317.56,
        "dilutedAverageSharesOutstanding": 130.803,
        "dilutedEPS": 0.22,
        "ebit": 32.529,
        "grossIncome": 334.402,
        "interestIncomeExpense": 0.222,
        "netIncome": 28.632,
        "netIncomeAfterTaxes": 28.632,
        "period": "2020-05-03",
        "pretaxIncome": 33.925,
        "provisionforIncomeTaxes": 5.293,
        "revenue": 651.962,
        "sgaExpense": 301.873,
        "totalOperatingExpense": 301.873,
        "totalOtherIncomeExpenseNet": 1.174
      },
      {
        "costOfGoodsSold": 586.665,
        "dilutedAverageSharesOutstanding": 130.895,
        "dilutedEPS": 2.28,
        "ebit": 421.298,
        "grossIncome": 810.826,
        "interestIncomeExpense": -4.811,
        "netIncome": 298.021,
        "netIncomeAfterTaxes": 298.021,
        "nonRecurringItems": 0,
        "period": "2020-02-02",
        "pretaxIncome": 418.616,
        "provisionforIncomeTaxes": 120.595,
        "revenue": 1397.491,
        "sgaExpense": 389.528,
        "totalOperatingExpense": 389.528,
        "totalOtherIncomeExpenseNet": 2.129
      },
      {
        "costOfGoodsSold": 411.094,
        "dilutedAverageSharesOutstanding": 130.805,
        "dilutedEPS": 0.96,
        "ebit": 172.79,
        "grossIncome": 505.044,
        "interestIncomeExpense": 3.039,
        "netIncome": 125.982,
        "netIncomeAfterTaxes": 125.982,
        "period": "2019-11-03",
        "pretaxIncome": 177.754,
        "provisionforIncomeTaxes": 51.772,
        "revenue": 916.138,
        "sgaExpense": 332.254,
        "totalOperatingExpense": 332.254,
        "totalOtherIncomeExpenseNet": 1.925
      },
      {
        "costOfGoodsSold": 397.556,
        "dilutedAverageSharesOutstanding": 130.783,
        "dilutedEPS": 0.96,
        "ebit": 168.651,
        "grossIncome": 485.796,
        "interestIncomeExpense": -0.669,
        "netIncome": 124.99,
        "netIncomeAfterTaxes": 124.99,
        "period": "2019-08-04",
        "pretaxIncome": 169.832,
        "provisionforIncomeTaxes": 44.842,
        "revenue": 883.352,
        "sgaExpense": 317.145,
        "totalOperatingExpense": 317.145,
        "totalOtherIncomeExpenseNet": 1.85
      },
      {
        "costOfGoodsSold": 360.595,
        "dilutedAverageSharesOutstanding": 131.337,
        "dilutedEPS": 0.74,
        "ebit": 127.878,
        "grossIncome": 421.72,
        "interestIncomeExpense": 0.934,
        "netIncome": 96.603,
        "netIncomeAfterTaxes": 96.603,
        "period": "2019-05-05",
        "pretaxIncome": 131.191,
        "provisionforIncomeTaxes": 34.588,
        "revenue": 782.315,
        "sgaExpense": 293.842,
        "totalOperatingExpense": 293.842,
        "totalOtherIncomeExpenseNet": 2.379
      },
      {
        "costOfGoodsSold": 498.875,
        "dilutedAverageSharesOutstanding": 132.348,
        "dilutedEPS": 1.67,
        "ebit": 334.329,
        "grossIncome": 668.583,
        "interestIncomeExpense": -2.909,
        "netIncome": 218.465,
        "netIncomeAfterTaxes": 220.766,
        "nonRecurringItems": 0,
        "period": "2019-02-03",
        "pretaxIncome": 334.281,
        "provisionforIncomeTaxes": 113.515,
        "revenue": 1167.458,
        "sgaExpense": 334.254,
        "totalOperatingExpense": 334.254,
        "totalOtherIncomeExpenseNet": 2.861
      },
      {
        "costOfGoodsSold": 340.878,
        "dilutedAverageSharesOutstanding": 133.077,
        "dilutedEPS": 0.7,
        "ebit": 134.583,
        "grossIncome": 406.777,
        "interestIncomeExpense": 1.32,
        "netIncome": 94.413,
        "netIncomeAfterTaxes": 99.576,
        "nonRecurringItems": 0,
        "period": "2018-10-28",
        "pretaxIncome": 137.947,
        "provisionforIncomeTaxes": 38.371,
        "revenue": 747.655,
        "sgaExpense": 272.194,
        "totalOperatingExpense": 272.194,
        "totalOtherIncomeExpenseNet": 2.044
      },
      {
        "costOfGoodsSold": 327.306,
        "dilutedAverageSharesOutstanding": 134.53,
        "dilutedEPS": 0.71,
        "ebit": 131.629,
        "grossIncome": 396.194,
        "interestIncomeExpense": 2.579,
        "netIncome": 95.77,
        "netIncomeAfterTaxes": 95.77,
        "nonRecurringItems": 0,
        "period": "2018-07-29",
        "pretaxIncome": 135.799,
        "provisionforIncomeTaxes": 40.029,
        "revenue": 723.5,
        "sgaExpense": 264.565,
        "totalOperatingExpense": 264.565,
        "totalOtherIncomeExpenseNet": 1.591
      },
      {
        "costOfGoodsSold": 304.973,
        "dilutedAverageSharesOutstanding": 135.931,
        "dilutedEPS": 0.55,
        "ebit": 103.902,
        "grossIncome": 344.733,
        "interestIncomeExpense": 0.403,
        "netIncome": 75.153,
        "netIncomeAfterTaxes": 75.153,
        "nonRecurringItems": 0,
        "period": "2018-04-29",
        "pretaxIncome": 107.223,
        "provisionforIncomeTaxes": 32.07,
        "revenue": 649.706,
        "sgaExpense": 240.831,
        "totalOperatingExpense": 240.831,
        "totalOtherIncomeExpenseNet": 2.918
      },
      {
        "costOfGoodsSold": 406.291,
        "dilutedAverageSharesOutstanding": 135.721,
        "dilutedEPS": 0.88,
        "ebit": 258.279,
        "grossIncome": 522.511,
        "netIncome": 119.761,
        "netIncomeAfterTaxes": 179.055,
        "nonRecurringItems": -2.001,
        "period": "2018-01-28",
        "pretaxIncome": 257.504,
        "provisionforIncomeTaxes": 78.449,
        "revenue": 928.802,
        "sgaExpense": 264.232,
        "totalOperatingExpense": 264.232,
        "totalOtherIncomeExpenseNet": 1.226
      },
      {
        "costOfGoodsSold": 297.056,
        "dilutedAverageSharesOutstanding": 135.578,
        "dilutedEPS": 0.43,
        "ebit": 106.595,
        "grossIncome": 321.962,
        "netIncome": 58.944,
        "netIncomeAfterTaxes": 58.944,
        "nonRecurringItems": -21.007,
        "period": "2017-10-29",
        "pretaxIncome": 86.64,
        "provisionforIncomeTaxes": 27.696,
        "revenue": 619.018,
        "sgaExpense": 215.367,
        "totalOperatingExpense": 215.367,
        "totalOtherIncomeExpenseNet": 1.052
      },
      {
        "costOfGoodsSold": 283.632,
        "dilutedAverageSharesOutstanding": 136.303,
        "dilutedEPS": 0.36,
        "ebit": 71.898,
        "grossIncome": 297.422,
        "netIncome": 48.711,
        "netIncomeAfterTaxes": 48.711,
        "nonRecurringItems": -3.186,
        "period": "2017-07-30",
        "pretaxIncome": 69.524,
        "provisionforIncomeTaxes": 20.813,
        "revenue": 581.054,
        "sgaExpense": 225.524,
        "totalOperatingExpense": 225.524,
        "totalOtherIncomeExpenseNet": 0.812
      },
      {
        "costOfGoodsSold": 263.412,
        "dilutedAverageSharesOutstanding": 137.192,
        "dilutedEPS": 0.23,
        "ebit": 57.754,
        "grossIncome": 256.895,
        "netIncome": 31.246,
        "netIncomeAfterTaxes": 31.246,
        "nonRecurringItems": -12.331,
        "period": "2017-04-30",
        "pretaxIncome": 46.33,
        "provisionforIncomeTaxes": 15.084,
        "revenue": 520.307,
        "sgaExpense": 199.141,
        "totalOperatingExpense": 199.141,
        "totalOtherIncomeExpenseNet": 0.907
      },
      {
        "costOfGoodsSold": 362.041,
        "dilutedAverageSharesOutstanding": 137.245,
        "dilutedEPS": 0.99,
        "ebit": 196.629,
        "grossIncome": 427.899,
        "netIncome": 136.135,
        "netIncomeAfterTaxes": 136.135,
        "period": "2017-01-29",
        "pretaxIncome": 197.486,
        "provisionforIncomeTaxes": 61.351,
        "revenue": 789.94,
        "sgaExpense": 231.27,
        "totalOperatingExpense": 231.27,
        "totalOtherIncomeExpenseNet": 0.857
      },
      {
        "costOfGoodsSold": 265.99,
        "dilutedAverageSharesOutstanding": 137.237,
        "dilutedEPS": 0.5,
        "ebit": 92.975,
        "grossIncome": 278.426,
        "netIncome": 68.285,
        "netIncomeAfterTaxes": 68.285,
        "period": "2016-10-30",
        "pretaxIncome": 93.603,
        "provisionforIncomeTaxes": 25.318,
        "revenue": 544.416,
        "sgaExpense": 185.451,
        "totalOperatingExpense": 185.451,
        "totalOtherIncomeExpenseNet": 0.628
      },
      {
        "costOfGoodsSold": 260.359,
        "dilutedAverageSharesOutstanding": 137.229,
        "dilutedEPS": 0.39,
        "ebit": 73.959,
        "grossIncome": 254.161,
        "netIncome": 53.625,
        "netIncomeAfterTaxes": 53.625,
        "period": "2016-07-31",
        "pretaxIncome": 74.537,
        "provisionforIncomeTaxes": 20.912,
        "revenue": 514.52,
        "sgaExpense": 180.202,
        "totalOperatingExpense": 180.202,
        "totalOtherIncomeExpenseNet": 0.578
      },
      {
        "costOfGoodsSold": 256.385,
        "dilutedAverageSharesOutstanding": 137.496,
        "dilutedEPS": 0.33,
        "ebit": 57.589,
        "grossIncome": 239.131,
        "netIncome": 45.336,
        "netIncomeAfterTaxes": 45.336,
        "period": "2016-05-01",
        "pretaxIncome": 57.103,
        "provisionforIncomeTaxes": 11.767,
        "revenue": 495.516,
        "sgaExpense": 181.542,
        "totalOperatingExpense": 181.542,
        "totalOtherIncomeExpenseNet": -0.486
      },
      {
        "costOfGoodsSold": 349.809,
        "dilutedAverageSharesOutstanding": 138.03,
        "dilutedEPS": 0.85,
        "ebit": 166.283,
        "grossIncome": 354.467,
        "minorityInterest": 0,
        "netIncome": 117.416,
        "netIncomeAfterTaxes": 117.416,
        "period": "2016-01-31",
        "pretaxIncome": 167.221,
        "provisionforIncomeTaxes": 49.805,
        "revenue": 704.276,
        "sgaExpense": 188.184,
        "totalOperatingExpense": 188.184,
        "totalOtherIncomeExpenseNet": 0.938
      },
      {
        "costOfGoodsSold": 254.896,
        "dilutedAverageSharesOutstanding": 140.457,
        "dilutedEPS": 0.38,
        "ebit": 68.178,
        "grossIncome": 224.797,
        "netIncome": 53.153,
        "netIncomeAfterTaxes": 53.153,
        "period": "2015-11-01",
        "pretaxIncome": 65.288,
        "provisionforIncomeTaxes": 12.135,
        "revenue": 479.693,
        "sgaExpense": 156.619,
        "totalOperatingExpense": 156.619,
        "totalOtherIncomeExpenseNet": -2.89
      }
    ],
    "symbol": "LULU"
  }
}