{
  "symbol": "PCAR",
  "statement": "ic",
  "frequency": "annual",
  "timestamp": "2025-09-19T14:05:10.507292",
  "data": {
    "financials": [
      {
        "costOfGoodsSold": 26069.6,
        "depreciationAmortization": 718.5,
        "dilutedAverageSharesOutstanding": 526.6,
        "dilutedEPS": 7.9035,
        "ebit": 5603.2,
        "grossIncome": 7594.2,
        "interestExpense": 710.8,
        "interestIncomeExpense": -202.3,
        "netIncome": 4162,
        "netIncomeAfterTaxes": 4162,
        "period": "2024-12-31",
        "pretaxIncome": 5400.9,
        "provisionforIncomeTaxes": 1238.9,
        "researchDevelopment": 452.9,
        "revenue": 33663.8,
        "sgaExpense": 819.6,
        "totalOperatingExpense": 1991,
        "year": 2024
      },
      {
        "costOfGoodsSold": 26894.2,
        "depreciationAmortization": 590.7,
        "dilutedAverageSharesOutstanding": 525,
        "dilutedEPS": 8.7634,
        "ebit": 6447,
        "grossIncome": 8233.2,
        "interestExpense": 500.6,
        "interestIncomeExpense": -128.8,
        "netIncome": 4600.8,
        "netIncomeAfterTaxes": 4600.8,
        "nonRecurringItems": -600,
        "period": "2023-12-31",
        "pretaxIncome": 5718.2,
        "provisionforIncomeTaxes": 1117.4,
        "researchDevelopment": 410.9,
        "revenue": 35127.4,
        "sgaExpense": 784.6,
        "totalOperatingExpense": 1786.2,
        "year": 2023
      },
      {
        "costOfGoodsSold": 23291,
        "depreciationAmortization": 561,
        "dilutedAverageSharesOutstanding": 785,
        "dilutedEPS": 3.84,
        "ebit": 3895,
        "grossIncome": 5529,
        "interestExpense": 216.3,
        "interestIncomeExpense": -46,
        "netIncome": 3012,
        "netIncomeAfterTaxes": 3012,
        "period": "2022-12-31",
        "pretaxIncome": 3849,
        "provisionforIncomeTaxes": 837,
        "researchDevelopment": 341,
        "revenue": 28820,
        "sgaExpense": 732,
        "totalOperatingExpense": 1634,
        "year": 2022
      },
      {
        "costOfGoodsSold": 19092,
        "depreciationAmortization": 969,
        "dilutedAverageSharesOutstanding": 784,
        "dilutedEPS": 2.38,
        "ebit": 2459,
        "grossIncome": 4430,
        "interestExpense": 150.9,
        "interestIncomeExpense": -63,
        "netIncome": 1866,
        "netIncomeAfterTaxes": 1866,
        "period": "2021-12-31",
        "pretaxIncome": 2396,
        "provisionforIncomeTaxes": 531,
        "researchDevelopment": 324,
        "revenue": 23522,
        "sgaExpense": 677,
        "totalOperatingExpense": 1971,
        "year": 2021
      },
      {
        "costOfGoodsSold": 15076,
        "depreciationAmortization": 1008,
        "dilutedAverageSharesOutstanding": 521,
        "dilutedEPS": 2.49,
        "ebit": 1760,
        "grossIncome": 3652,
        "interestExpense": 192.1,
        "interestIncomeExpense": -102,
        "netIncome": 1298,
        "netIncomeAfterTaxes": 1298,
        "period": "2020-12-31",
        "pretaxIncome": 1658,
        "provisionforIncomeTaxes": 360,
        "researchDevelopment": 274,
        "revenue": 18729,
        "sgaExpense": 610,
        "totalOperatingExpense": 1893,
        "year": 2020
      },
      {
        "costOfGoodsSold": 20555,
        "depreciationAmortization": 798,
        "dilutedAverageSharesOutstanding": 521,
        "dilutedEPS": 4.58,
        "ebit": 3206,
        "grossIncome": 5045,
        "interestExpense": 240.6,
        "interestIncomeExpense": -107,
        "netIncome": 2388,
        "netIncomeAfterTaxes": 2388,
        "period": "2019-12-31",
        "pretaxIncome": 3099,
        "provisionforIncomeTaxes": 711,
        "researchDevelopment": 327,
        "revenue": 25600,
        "sgaExpense": 714,
        "totalOperatingExpense": 1839,
        "year": 2019
      },
      {
        "costOfGoodsSold": 18925,
        "depreciationAmortization": 728,
        "dilutedAverageSharesOutstanding": 528,
        "dilutedEPS": 4.16,
        "ebit": 2877,
        "grossIncome": 4570,
        "interestExpense": 201.8,
        "interestIncomeExpense": -67,
        "netIncome": 2195,
        "netIncomeAfterTaxes": 2195,
        "period": "2018-12-31",
        "pretaxIncome": 2810,
        "provisionforIncomeTaxes": 615,
        "researchDevelopment": 306,
        "revenue": 23496,
        "sgaExpense": 660,
        "totalOperatingExpense": 1694,
        "year": 2018
      },
      {
        "costOfGoodsSold": 15593,
        "depreciationAmortization": 728,
        "dilutedAverageSharesOutstanding": 529,
        "dilutedEPS": 3.16,
        "ebit": 2294,
        "grossIncome": 3863,
        "interestExpense": 100.6,
        "interestIncomeExpense": -121,
        "netIncome": 1675,
        "netIncomeAfterTaxes": 1502,
        "period": "2017-12-31",
        "pretaxIncome": 2173,
        "provisionforIncomeTaxes": 672,
        "researchDevelopment": 265,
        "revenue": 19456,
        "sgaExpense": 577,
        "totalOperatingExpense": 1569,
        "year": 2017
      },
      {
        "costOfGoodsSold": 13517,
        "depreciationAmortization": 635,
        "dilutedAverageSharesOutstanding": 528,
        "dilutedEPS": 0.99,
        "ebit": 2076,
        "grossIncome": 3516,
        "interestExpense": 155.5,
        "interestIncomeExpense": -113,
        "netIncome": 522,
        "netIncomeAfterTaxes": 522,
        "nonRecurringItems": -833,
        "period": "2016-12-31",
        "pretaxIncome": 1130,
        "provisionforIncomeTaxes": 609,
        "researchDevelopment": 247,
        "revenue": 17033,
        "sgaExpense": 557,
        "totalOperatingExpense": 1440,
        "year": 2016
      },
      {
        "costOfGoodsSold": 15293,
        "depreciationAmortization": 584,
        "dilutedAverageSharesOutstanding": 533,
        "dilutedEPS": 3.01,
        "ebit": 2443,
        "grossIncome": 3822,
        "interestExpense": 125.6,
        "interestIncomeExpense": -106,
        "netIncome": 1604,
        "netIncomeAfterTaxes": 1604,
        "period": "2015-12-31",
        "pretaxIncome": 2337,
        "provisionforIncomeTaxes": 733,
        "researchDevelopment": 240,
        "revenue": 19115,
        "sgaExpense": 556,
        "totalOperatingExpense": 1380,
        "year": 2015
      }
    ],
    "symbol": "PCAR"
  }
}