{
  "symbol": "STZ",
  "statement": "ic",
  "frequency": "quarterly",
  "timestamp": "2025-09-19T13:58:26.338356",
  "data": {
    "financials": [
      {
        "costOfGoodsSold": 1247.1,
        "dilutedAverageSharesOutstanding": 177.991,
        "dilutedEPS": 2.8996,
        "ebit": 794.7,
        "grossIncome": 1267.9,
        "interestExpense": 98.9,
        "interestIncomeExpense": -102.4,
        "minorityInterest": -7.7,
        "netIncome": 516.1,
        "netIncomeAfterTaxes": 523.8,
        "nonRecurringItems": -80.9,
        "period": "2025-05-31",
        "pretaxIncome": 611.4,
        "provisionforIncomeTaxes": 87.6,
        "revenue": 2515,
        "sgaExpense": 473.2,
        "totalOperatingExpense": 473.2
      },
      {
        "costOfGoodsSold": 1036.2,
        "dilutedAverageSharesOutstanding": 179.94,
        "dilutedEPS": -2.0857,
        "ebit": 672.7,
        "grossIncome": 1128,
        "interestExpense": 100.2,
        "interestIncomeExpense": -192.3,
        "minorityInterest": -4.7,
        "netIncome": -375.3,
        "netIncomeAfterTaxes": -370.6,
        "nonRecurringItems": -823,
        "period": "2025-02-28",
        "pretaxIncome": -342.6,
        "provisionforIncomeTaxes": 28,
        "revenue": 2164.2,
        "sgaExpense": 455.3,
        "totalOperatingExpense": 455.3
      },
      {
        "costOfGoodsSold": 1174.3,
        "dilutedAverageSharesOutstanding": 181.753,
        "dilutedEPS": 3.3887,
        "ebit": 809.7,
        "grossIncome": 1289.5,
        "interestExpense": 104.4,
        "interestIncomeExpense": -119.4,
        "minorityInterest": -13.2,
        "netIncome": 615.9,
        "netIncomeAfterTaxes": 629.1,
        "nonRecurringItems": -16.7,
        "period": "2024-11-30",
        "pretaxIncome": 673.6,
        "provisionforIncomeTaxes": 44.5,
        "revenue": 2463.8,
        "sgaExpense": 479.8,
        "totalOperatingExpense": 479.8
      },
      {
        "costOfGoodsSold": 1405.8,
        "dilutedAverageSharesOutstanding": 181.947,
        "dilutedEPS": -6.5898,
        "ebit": 1072.1,
        "grossIncome": 1513.1,
        "interestExpense": 104,
        "interestIncomeExpense": -103.1,
        "minorityInterest": -16.6,
        "netIncome": -1199,
        "netIncomeAfterTaxes": -1182.4,
        "nonRecurringItems": -2303.6,
        "period": "2024-08-31",
        "pretaxIncome": -1334.6,
        "provisionforIncomeTaxes": -152.2,
        "revenue": 2918.9,
        "sgaExpense": 441,
        "totalOperatingExpense": 441
      },
      {
        "costOfGoodsSold": 1256.9,
        "dilutedAverageSharesOutstanding": 183.461,
        "dilutedEPS": 4.7803,
        "ebit": 947.5,
        "grossIncome": 1404.9,
        "interestExpense": 102.8,
        "interestIncomeExpense": -20.8,
        "minorityInterest": -15.8,
        "netIncome": 877,
        "netIncomeAfterTaxes": 892.8,
        "nonRecurringItems": -5.9,
        "otherOperatingExpensesTotal": -0.4,
        "period": "2024-05-31",
        "pretaxIncome": 920.8,
        "provisionforIncomeTaxes": 28,
        "revenue": 2661.8,
        "sgaExpense": 457.8,
        "totalOperatingExpense": 457.4
      },
      {
        "costOfGoodsSold": 1102.7,
        "dilutedAverageSharesOutstanding": 183.548,
        "dilutedEPS": 2.1379,
        "ebit": 656.4,
        "grossIncome": 1036.5,
        "interestExpense": 102.4,
        "interestIncomeExpense": -136.8,
        "minorityInterest": -12,
        "netIncome": 392.4,
        "netIncomeAfterTaxes": 404.4,
        "nonRecurringItems": -27,
        "otherOperatingExpensesTotal": 11.4,
        "period": "2024-02-29",
        "pretaxIncome": 492.6,
        "provisionforIncomeTaxes": 88.2,
        "revenue": 2139.2,
        "sgaExpense": 368.7,
        "totalOperatingExpense": 380.1
      },
      {
        "costOfGoodsSold": 1199.1,
        "dilutedAverageSharesOutstanding": 184.17,
        "dilutedEPS": 2.7643,
        "ebit": 808.8,
        "grossIncome": 1271.8,
        "interestExpense": 104.2,
        "interestIncomeExpense": -146,
        "minorityInterest": -11.8,
        "netIncome": 509.1,
        "netIncomeAfterTaxes": 520.9,
        "nonRecurringItems": -11.9,
        "period": "2023-11-30",
        "pretaxIncome": 650.9,
        "provisionforIncomeTaxes": 130,
        "revenue": 2470.9,
        "sgaExpense": 463,
        "totalOperatingExpense": 463
      },
      {
        "costOfGoodsSold": 1386.1,
        "dilutedAverageSharesOutstanding": 184.277,
        "dilutedEPS": 3.7444,
        "ebit": 998.1,
        "grossIncome": 1450.7,
        "interestExpense": 110.6,
        "interestIncomeExpense": -130.8,
        "minorityInterest": -10.7,
        "netIncome": 690,
        "netIncomeAfterTaxes": 700.7,
        "nonRecurringItems": -19.4,
        "period": "2023-08-31",
        "pretaxIncome": 847.9,
        "provisionforIncomeTaxes": 147.2,
        "revenue": 2836.8,
        "sgaExpense": 452.6,
        "totalOperatingExpense": 452.6
      },
      {
        "costOfGoodsSold": 1256.4,
        "dilutedAverageSharesOutstanding": 183.863,
        "dilutedEPS": 0.7391,
        "ebit": 793.3,
        "grossIncome": 1258.5,
        "interestExpense": 118.2,
        "interestIncomeExpense": -533.6,
        "minorityInterest": -3.3,
        "netIncome": 135.9,
        "netIncomeAfterTaxes": 139.2,
        "nonRecurringItems": -29.3,
        "period": "2023-05-31",
        "pretaxIncome": 230.4,
        "provisionforIncomeTaxes": 91.2,
        "revenue": 2514.9,
        "sgaExpense": 465.2,
        "totalOperatingExpense": 465.2
      },
      {
        "costOfGoodsSold": 1035.3,
        "dilutedAverageSharesOutstanding": 206.835,
        "dilutedEPS": 1.0782,
        "ebit": 549.7,
        "grossIncome": 962.5,
        "interestExpense": 117.2,
        "interestIncomeExpense": -209.4,
        "minorityInterest": -0.2,
        "netIncome": 223,
        "netIncomeAfterTaxes": 223.2,
        "nonRecurringItems": -83.9,
        "otherOperatingExpensesTotal": -11.7,
        "period": "2023-02-28",
        "pretaxIncome": 256.4,
        "provisionforIncomeTaxes": 33.2,
        "revenue": 1997.8,
        "sgaExpense": 424.5,
        "totalOperatingExpense": 412.8
      },
      {
        "costOfGoodsSold": 1204,
        "dilutedAverageSharesOutstanding": 208.497,
        "dilutedEPS": 2.24,
        "ebit": 742.7,
        "grossIncome": 1232.5,
        "interestExpense": 98.7,
        "interestIncomeExpense": -135.9,
        "minorityInterest": -12,
        "netIncome": 467.7,
        "netIncomeAfterTaxes": 479.7,
        "nonRecurringItems": 4,
        "otherOperatingExpensesTotal": -2.8,
        "period": "2022-11-30",
        "pretaxIncome": 610.8,
        "provisionforIncomeTaxes": 131.1,
        "revenue": 2436.5,
        "sgaExpense": 492.6,
        "totalOperatingExpense": 489.8
      },
      {
        "costOfGoodsSold": 1324.1,
        "dilutedAverageSharesOutstanding": 184.936,
        "dilutedEPS": -6.2249,
        "ebit": 824.4,
        "grossIncome": 1331,
        "interestExpense": 94.3,
        "interestIncomeExpense": -1813.4,
        "minorityInterest": -10.5,
        "netIncome": -1151.2,
        "netIncomeAfterTaxes": -1140.7,
        "nonRecurringItems": -19.3,
        "otherOperatingExpensesTotal": -3.6,
        "period": "2022-08-31",
        "pretaxIncome": -1008.3,
        "provisionforIncomeTaxes": 132.4,
        "revenue": 2655.1,
        "sgaExpense": 510.2,
        "totalOperatingExpense": 506.6
      },
      {
        "costOfGoodsSold": 1102.1,
        "dilutedAverageSharesOutstanding": 212.539,
        "dilutedEPS": 1.83,
        "ebit": 827.5,
        "grossIncome": 1261.1,
        "interestExpense": 88.5,
        "interestIncomeExpense": -276.4,
        "minorityInterest": -9.8,
        "netIncome": 389.5,
        "netIncomeAfterTaxes": 399.3,
        "nonRecurringItems": -26.4,
        "otherOperatingExpensesTotal": -4.5,
        "period": "2022-05-31",
        "pretaxIncome": 524.7,
        "provisionforIncomeTaxes": 125.4,
        "revenue": 2363.2,
        "sgaExpense": 438.1,
        "totalOperatingExpense": 433.6
      },
      {
        "costOfGoodsSold": 969.9,
        "dilutedAverageSharesOutstanding": 189.858,
        "dilutedEPS": 2.0826,
        "ebit": 676,
        "grossIncome": 1132.6,
        "interestExpense": 85.9,
        "interestIncomeExpense": -179.6,
        "minorityInterest": -10.2,
        "netIncome": 395.4,
        "netIncomeAfterTaxes": 405.6,
        "nonRecurringItems": 1.5,
        "otherOperatingExpensesTotal": -16.4,
        "period": "2022-02-28",
        "pretaxIncome": 497.9,
        "provisionforIncomeTaxes": 92.3,
        "revenue": 2102.5,
        "sgaExpense": 473,
        "totalOperatingExpense": 456.6
      },
      {
        "costOfGoodsSold": 1094.9,
        "dilutedAverageSharesOutstanding": 213.161,
        "dilutedEPS": 2.2087,
        "ebit": 840.6,
        "grossIncome": 1225.7,
        "interestExpense": 88,
        "interestIncomeExpense": -259.8,
        "minorityInterest": -10,
        "netIncome": 470.8,
        "netIncomeAfterTaxes": 480.8,
        "nonRecurringItems": -0.7,
        "otherOperatingExpensesTotal": 12.6,
        "period": "2021-11-30",
        "pretaxIncome": 580.1,
        "provisionforIncomeTaxes": 99.3,
        "revenue": 2320.6,
        "sgaExpense": 372.5,
        "totalOperatingExpense": 385.1
      },
      {
        "costOfGoodsSold": 1141.4,
        "dilutedAverageSharesOutstanding": 215.752,
        "dilutedEPS": 0.007,
        "ebit": 738.4,
        "grossIncome": 1229.7,
        "interestExpense": 95.8,
        "interestIncomeExpense": -566.6,
        "minorityInterest": -10.4,
        "netIncome": 1.5,
        "netIncomeAfterTaxes": 11.9,
        "nonRecurringItems": -28.6,
        "otherOperatingExpensesTotal": 7.1,
        "period": "2021-08-31",
        "pretaxIncome": 143.2,
        "provisionforIncomeTaxes": 131.3,
        "revenue": 2371.1,
        "sgaExpense": 484.2,
        "totalOperatingExpense": 491.3
      },
      {
        "costOfGoodsSold": 904.6,
        "dilutedAverageSharesOutstanding": 193.849,
        "dilutedEPS": -4.6846,
        "ebit": 744.5,
        "grossIncome": 1121.9,
        "interestExpense": 86.7,
        "interestIncomeExpense": -985.9,
        "minorityInterest": -10.8,
        "netIncome": -908.1,
        "netIncomeAfterTaxes": -897.3,
        "nonRecurringItems": -669.4,
        "otherOperatingExpensesTotal": -1,
        "period": "2021-05-31",
        "pretaxIncome": -910.8,
        "provisionforIncomeTaxes": -13.5,
        "revenue": 2026.5,
        "sgaExpense": 378.4,
        "totalOperatingExpense": 377.4
      },
      {
        "costOfGoodsSold": 959.3,
        "dilutedAverageSharesOutstanding": 219.2,
        "dilutedEPS": 1.75,
        "ebit": 550.9,
        "grossIncome": 993.7,
        "interestExpense": 89.8,
        "interestIncomeExpense": -70,
        "minorityInterest": -7.7,
        "netIncome": 382.9,
        "netIncomeAfterTaxes": 390.6,
        "nonRecurringItems": 4.4,
        "otherOperatingExpensesTotal": -10.1,
        "period": "2021-02-28",
        "pretaxIncome": 485.3,
        "provisionforIncomeTaxes": 94.7,
        "revenue": 1953,
        "sgaExpense": 452.9,
        "totalOperatingExpense": 442.8
      },
      {
        "costOfGoodsSold": 1169.9,
        "dilutedAverageSharesOutstanding": 218.7,
        "dilutedEPS": 5.86,
        "ebit": 818.8,
        "grossIncome": 1268.2,
        "interestExpense": 95.7,
        "interestIncomeExpense": 686.7,
        "minorityInterest": -11.1,
        "netIncome": 1280.9,
        "netIncomeAfterTaxes": 1292,
        "nonRecurringItems": -36.9,
        "otherOperatingExpensesTotal": 4.3,
        "period": "2020-11-30",
        "pretaxIncome": 1468.6,
        "provisionforIncomeTaxes": 176.6,
        "revenue": 2438.1,
        "sgaExpense": 445.1,
        "totalOperatingExpense": 449.4
      },
      {
        "costOfGoodsSold": 1044.6,
        "dilutedAverageSharesOutstanding": 218.4,
        "dilutedEPS": 2.34,
        "ebit": 823.7,
        "grossIncome": 1215.8,
        "interestExpense": 100.2,
        "interestIncomeExpense": -180.9,
        "minorityInterest": -9.7,
        "netIncome": 512.1,
        "netIncomeAfterTaxes": 521.8,
        "nonRecurringItems": 14.4,
        "otherOperatingExpensesTotal": 2.9,
        "period": "2020-08-31",
        "pretaxIncome": 657.2,
        "provisionforIncomeTaxes": 135.4,
        "revenue": 2260.4,
        "sgaExpense": 389.2,
        "totalOperatingExpense": 392.1
      },
      {
        "costOfGoodsSold": 975.1,
        "dilutedAverageSharesOutstanding": 192.9,
        "dilutedEPS": -0.92,
        "ebit": 671.3,
        "grossIncome": 988.3,
        "interestExpense": 100,
        "interestIncomeExpense": -697.1,
        "minorityInterest": -5.3,
        "netIncome": -177.9,
        "netIncomeAfterTaxes": -172.6,
        "nonRecurringItems": -42.4,
        "otherOperatingExpensesTotal": -7.4,
        "period": "2020-05-31",
        "pretaxIncome": -68.2,
        "provisionforIncomeTaxes": 104.4,
        "revenue": 1963.4,
        "sgaExpense": 324.4,
        "totalOperatingExpense": 317
      },
      {
        "costOfGoodsSold": 953.1,
        "dilutedAverageSharesOutstanding": 191.8,
        "dilutedEPS": 2.08,
        "ebit": 582,
        "grossIncome": 949.8,
        "interestExpense": 99.4,
        "interestIncomeExpense": -56.2,
        "minorityInterest": -10.6,
        "netIncome": 398.4,
        "netIncomeAfterTaxes": 409,
        "nonRecurringItems": -36.9,
        "otherOperatingExpensesTotal": -5.2,
        "period": "2020-02-29",
        "pretaxIncome": 488.9,
        "provisionforIncomeTaxes": 79.9,
        "revenue": 1902.9,
        "sgaExpense": 373,
        "totalOperatingExpense": 367.8
      },
      {
        "costOfGoodsSold": 1011.9,
        "dilutedAverageSharesOutstanding": 194.9,
        "dilutedEPS": 1.85,
        "ebit": 584.8,
        "grossIncome": 987.5,
        "interestExpense": 103.1,
        "interestIncomeExpense": -559.6,
        "minorityInterest": -6.1,
        "netIncome": 360.4,
        "netIncomeAfterTaxes": 366.5,
        "nonRecurringItems": -317.6,
        "otherOperatingExpensesTotal": 0.8,
        "period": "2019-11-30",
        "pretaxIncome": -292.4,
        "provisionforIncomeTaxes": -658.9,
        "revenue": 1999.4,
        "sgaExpense": 401.9,
        "totalOperatingExpense": 402.7
      },
      {
        "costOfGoodsSold": 1158.1,
        "dilutedAverageSharesOutstanding": 191.6,
        "dilutedEPS": -2.74,
        "ebit": 760.2,
        "grossIncome": 1185.9,
        "interestExpense": 111.6,
        "interestIncomeExpense": -1436.3,
        "minorityInterest": -8.2,
        "netIncome": -525.2,
        "netIncomeAfterTaxes": -517,
        "nonRecurringItems": -43.1,
        "otherOperatingExpensesTotal": 12.3,
        "period": "2019-08-31",
        "pretaxIncome": -719.2,
        "provisionforIncomeTaxes": -202.2,
        "revenue": 2344,
        "sgaExpense": 413.4,
        "totalOperatingExpense": 425.7
      },
      {
        "costOfGoodsSold": 1068.5,
        "dilutedAverageSharesOutstanding": 191.4,
        "dilutedEPS": -1.28,
        "ebit": 648.6,
        "grossIncome": 1028.7,
        "interestExpense": 114.6,
        "interestIncomeExpense": -1045.2,
        "minorityInterest": -8.3,
        "netIncome": -245.4,
        "netIncomeAfterTaxes": -237.1,
        "nonRecurringItems": -25.9,
        "otherOperatingExpensesTotal": -13.4,
        "period": "2019-05-31",
        "pretaxIncome": -422.5,
        "provisionforIncomeTaxes": -185.4,
        "revenue": 2097.2,
        "sgaExpense": 393.5,
        "totalOperatingExpense": 380.1
      },
      {
        "costOfGoodsSold": 903.7,
        "dilutedAverageSharesOutstanding": 194.4,
        "dilutedEPS": 6.37,
        "ebit": 608.8,
        "grossIncome": 893.5,
        "interestExpense": 118.5,
        "interestIncomeExpense": 1036.7,
        "minorityInterest": -9.9,
        "netIncome": 1239.5,
        "netIncomeAfterTaxes": 1211.8,
        "nonRecurringItems": -115.3,
        "otherOperatingExpensesTotal": 0.8,
        "period": "2019-02-28",
        "pretaxIncome": 1530.2,
        "provisionforIncomeTaxes": 318.4,
        "revenue": 1797.2,
        "sgaExpense": 283.9,
        "totalOperatingExpense": 284.7
      },
      {
        "costOfGoodsSold": 1002.6,
        "dilutedAverageSharesOutstanding": 194.8,
        "dilutedEPS": 1.56,
        "ebit": 592.4,
        "grossIncome": 970,
        "interestExpense": 72.8,
        "interestIncomeExpense": -232.9,
        "minorityInterest": -9,
        "netIncome": 303.1,
        "netIncomeAfterTaxes": 312.1,
        "nonRecurringItems": -12.1,
        "otherOperatingExpensesTotal": -2.4,
        "period": "2018-11-30",
        "pretaxIncome": 347.4,
        "provisionforIncomeTaxes": 35.3,
        "revenue": 1972.6,
        "sgaExpense": 380,
        "totalOperatingExpense": 377.6
      },
      {
        "costOfGoodsSold": 1130.9,
        "dilutedAverageSharesOutstanding": 195.8,
        "dilutedEPS": 5.87,
        "ebit": 775.5,
        "grossIncome": 1168.2,
        "interestExpense": 88,
        "interestIncomeExpense": 595.2,
        "minorityInterest": -1.8,
        "netIncome": 1149.5,
        "netIncomeAfterTaxes": 1151.3,
        "nonRecurringItems": -5.3,
        "otherOperatingExpensesTotal": -8.5,
        "period": "2018-08-31",
        "pretaxIncome": 1365.4,
        "provisionforIncomeTaxes": 214.1,
        "revenue": 2299.1,
        "sgaExpense": 401.2,
        "totalOperatingExpense": 392.7
      },
      {
        "costOfGoodsSold": 998.5,
        "dilutedAverageSharesOutstanding": 197.1,
        "dilutedEPS": 3.77,
        "ebit": 631.6,
        "grossIncome": 1048.6,
        "interestExpense": 87.8,
        "interestIncomeExpense": 274.7,
        "minorityInterest": -2.5,
        "netIncome": 743.8,
        "netIncomeAfterTaxes": 746.3,
        "nonRecurringItems": -4.3,
        "period": "2018-05-31",
        "pretaxIncome": 902,
        "provisionforIncomeTaxes": 155.7,
        "revenue": 2047.1,
        "sgaExpense": 417,
        "totalOperatingExpense": 417
      },
      {
        "costOfGoodsSold": 916.8,
        "dilutedAverageSharesOutstanding": 199.4,
        "dilutedEPS": 4.56,
        "ebit": 513.6,
        "grossIncome": 845.2,
        "interestExpense": 86.9,
        "interestIncomeExpense": 156.6,
        "minorityInterest": -3.3,
        "netIncome": 910.5,
        "netIncomeAfterTaxes": 550.8,
        "nonRecurringItems": -85.7,
        "otherOperatingExpensesTotal": 1,
        "period": "2018-02-28",
        "pretaxIncome": 584.5,
        "provisionforIncomeTaxes": 33.7,
        "revenue": 1762,
        "sgaExpense": 330.6,
        "totalOperatingExpense": 331.6
      },
      {
        "costOfGoodsSold": 891.6,
        "dilutedAverageSharesOutstanding": 201.2,
        "dilutedEPS": 2.45,
        "ebit": 498.2,
        "grossIncome": 910.3,
        "interestExpense": 81.4,
        "interestIncomeExpense": 167.7,
        "minorityInterest": -3.6,
        "netIncome": 492.8,
        "netIncomeAfterTaxes": 496.4,
        "nonRecurringItems": -18.9,
        "otherOperatingExpensesTotal": -8.1,
        "period": "2017-11-30",
        "pretaxIncome": 647,
        "provisionforIncomeTaxes": 150.6,
        "revenue": 1801.9,
        "sgaExpense": 420.2,
        "totalOperatingExpense": 412.1
      },
      {
        "costOfGoodsSold": 1019.2,
        "dilutedAverageSharesOutstanding": 201.2,
        "dilutedEPS": 2.49,
        "ebit": 718.3,
        "grossIncome": 1068.7,
        "interestExpense": 81.3,
        "interestIncomeExpense": -79.4,
        "minorityInterest": -2.5,
        "netIncome": 501.6,
        "netIncomeAfterTaxes": 504.1,
        "nonRecurringItems": -4.8,
        "otherOperatingExpensesTotal": -3.4,
        "period": "2017-08-31",
        "pretaxIncome": 634.1,
        "provisionforIncomeTaxes": 130,
        "revenue": 2087.9,
        "sgaExpense": 353.8,
        "totalOperatingExpense": 350.4
      },
      {
        "costOfGoodsSold": 940.2,
        "dilutedAverageSharesOutstanding": 201,
        "dilutedEPS": 1.98,
        "ebit": 646.2,
        "grossIncome": 988.3,
        "interestExpense": 82.4,
        "interestIncomeExpense": -77.3,
        "minorityInterest": -2.5,
        "netIncome": 398.5,
        "netIncomeAfterTaxes": 401,
        "nonRecurringItems": -96.5,
        "period": "2017-05-31",
        "pretaxIncome": 472.4,
        "provisionforIncomeTaxes": 71.4,
        "revenue": 1928.5,
        "sgaExpense": 342.1,
        "totalOperatingExpense": 342.1
      },
      {
        "costOfGoodsSold": 840.3,
        "dilutedAverageSharesOutstanding": 199.9,
        "dilutedEPS": 2.23,
        "ebit": 475.5,
        "grossIncome": 777.3,
        "interestExpense": 77,
        "interestIncomeExpense": -83.6,
        "minorityInterest": -9.9,
        "netIncome": 445.5,
        "netIncomeAfterTaxes": 455.4,
        "nonRecurringItems": 221.6,
        "otherOperatingExpensesTotal": 0,
        "period": "2017-02-28",
        "pretaxIncome": 613.5,
        "provisionforIncomeTaxes": 158.1,
        "revenue": 1617.6,
        "sgaExpense": 301.8,
        "totalOperatingExpense": 301.8
      },
      {
        "costOfGoodsSold": 919.1,
        "dilutedAverageSharesOutstanding": 205.5,
        "dilutedEPS": 1.98,
        "ebit": 545.7,
        "grossIncome": 891.4,
        "interestExpense": 77.6,
        "interestIncomeExpense": -56.2,
        "minorityInterest": 0.9,
        "netIncome": 405.9,
        "netIncomeAfterTaxes": 405,
        "nonRecurringItems": -5.6,
        "otherOperatingExpensesTotal": 2.6,
        "period": "2016-11-30",
        "pretaxIncome": 483.9,
        "provisionforIncomeTaxes": 78.9,
        "revenue": 1810.5,
        "sgaExpense": 343.1,
        "totalOperatingExpense": 345.7
      },
      {
        "costOfGoodsSold": 1052.2,
        "dilutedAverageSharesOutstanding": 205.7,
        "dilutedEPS": 1.75,
        "ebit": 617.6,
        "grossIncome": 969,
        "interestExpense": 94.1,
        "interestIncomeExpense": -97.9,
        "minorityInterest": 5.7,
        "netIncome": 358.9,
        "netIncomeAfterTaxes": 353.2,
        "nonRecurringItems": -2.9,
        "period": "2016-08-31",
        "pretaxIncome": 516.8,
        "provisionforIncomeTaxes": 163.6,
        "revenue": 2021.2,
        "sgaExpense": 351.4,
        "totalOperatingExpense": 351.4
      },
      {
        "costOfGoodsSold": 990.5,
        "dilutedAverageSharesOutstanding": 205.4,
        "dilutedEPS": 1.55,
        "ebit": 566.6,
        "grossIncome": 881.3,
        "interestExpense": 84.6,
        "interestIncomeExpense": -94.4,
        "minorityInterest": -0.8,
        "netIncome": 318.3,
        "netIncomeAfterTaxes": 319.1,
        "nonRecurringItems": -3.4,
        "period": "2016-05-31",
        "pretaxIncome": 468.8,
        "provisionforIncomeTaxes": 149.7,
        "revenue": 1871.8,
        "sgaExpense": 314.7,
        "totalOperatingExpense": 314.7
      },
      {
        "costOfGoodsSold": 827.6,
        "dilutedAverageSharesOutstanding": 205.2,
        "dilutedEPS": 1.19,
        "ebit": 436.9,
        "grossIncome": 715.6,
        "interestExpense": 83.5,
        "interestIncomeExpense": -63.1,
        "minorityInterest": -1.9,
        "netIncome": 243.4,
        "netIncomeAfterTaxes": 245.3,
        "nonRecurringItems": -23.6,
        "period": "2016-02-29",
        "pretaxIncome": 350.2,
        "provisionforIncomeTaxes": 104.9,
        "revenue": 1543.2,
        "sgaExpense": 278.7,
        "totalOperatingExpense": 278.7
      },
      {
        "costOfGoodsSold": 881.1,
        "dilutedAverageSharesOutstanding": 227.5,
        "dilutedEPS": 1.19,
        "ebit": 479.7,
        "grossIncome": 759.4,
        "interestExpense": 75.6,
        "interestIncomeExpense": -52.2,
        "minorityInterest": -0.5,
        "netIncome": 270.5,
        "netIncomeAfterTaxes": 271,
        "nonRecurringItems": -28.5,
        "period": "2015-11-30",
        "pretaxIncome": 399,
        "provisionforIncomeTaxes": 128,
        "revenue": 1640.5,
        "sgaExpense": 279.7,
        "totalOperatingExpense": 279.7
      },
      {
        "costOfGoodsSold": 943.1,
        "dilutedAverageSharesOutstanding": 226.5,
        "dilutedEPS": 1.34,
        "ebit": 511.9,
        "grossIncome": 790.3,
        "interestExpense": 77.3,
        "interestIncomeExpense": -88.1,
        "minorityInterest": -1.7,
        "netIncome": 302.4,
        "netIncomeAfterTaxes": 304.1,
        "nonRecurringItems": -22.6,
        "period": "2015-08-31",
        "pretaxIncome": 401.2,
        "provisionforIncomeTaxes": 97.1,
        "revenue": 1733.4,
        "sgaExpense": 278.4,
        "totalOperatingExpense": 278.4
      }
    ],
    "symbol": "STZ"
  }
}