{
  "symbol": "OTIS",
  "statement": "ic",
  "frequency": "annual",
  "timestamp": "2025-09-19T14:05:09.025692",
  "data": {
    "financials": [
      {
        "costOfGoodsSold": 10004,
        "dilutedAverageSharesOutstanding": 404.4,
        "dilutedEPS": 4.0678,
        "ebit": 2264,
        "grossIncome": 4257,
        "interestIncomeExpense": 31,
        "minorityInterest": -89,
        "netIncome": 1645,
        "netIncomeAfterTaxes": 1734,
        "nonRecurringItems": -256,
        "otherOperatingExpensesTotal": 23,
        "period": "2024-12-31",
        "pretaxIncome": 2039,
        "provisionforIncomeTaxes": 305,
        "researchDevelopment": 152,
        "revenue": 14261,
        "sgaExpense": 1818,
        "totalOperatingExpense": 1993,
        "totalOtherIncomeExpenseNet": 0,
        "year": 2024
      },
      {
        "costOfGoodsSold": 10016,
        "dilutedAverageSharesOutstanding": 414.6,
        "dilutedEPS": 3.3912,
        "ebit": 2247,
        "grossIncome": 4193,
        "interestIncomeExpense": -150,
        "minorityInterest": -92,
        "netIncome": 1406,
        "netIncomeAfterTaxes": 1498,
        "nonRecurringItems": -61,
        "otherOperatingExpensesTotal": -21,
        "period": "2023-12-31",
        "pretaxIncome": 2031,
        "provisionforIncomeTaxes": 533,
        "researchDevelopment": 144,
        "revenue": 14209,
        "sgaExpense": 1823,
        "totalOperatingExpense": 1946,
        "totalOtherIncomeExpenseNet": -5,
        "year": 2023
      },
      {
        "costOfGoodsSold": 9765,
        "dilutedAverageSharesOutstanding": 423,
        "dilutedEPS": 2.96,
        "ebit": 2072,
        "grossIncome": 3920,
        "interestIncomeExpense": -143,
        "minorityInterest": -116,
        "netIncome": 1253,
        "netIncomeAfterTaxes": 1369,
        "nonRecurringItems": -39,
        "otherOperatingExpensesTotal": -26,
        "period": "2022-12-31",
        "pretaxIncome": 1888,
        "provisionforIncomeTaxes": 519,
        "researchDevelopment": 150,
        "revenue": 13685,
        "sgaExpense": 1724,
        "totalOperatingExpense": 1848,
        "totalOtherIncomeExpenseNet": -2,
        "year": 2022
      },
      {
        "costOfGoodsSold": 10105,
        "dilutedAverageSharesOutstanding": 431,
        "dilutedEPS": 2.89,
        "ebit": 2169,
        "grossIncome": 4193,
        "interestIncomeExpense": -136,
        "minorityInterest": -174,
        "netIncome": 1246,
        "netIncomeAfterTaxes": 1420,
        "nonRecurringItems": -61,
        "otherOperatingExpensesTotal": -22,
        "period": "2021-12-31",
        "pretaxIncome": 1961,
        "provisionforIncomeTaxes": 541,
        "researchDevelopment": 159,
        "revenue": 14298,
        "sgaExpense": 1887,
        "totalOperatingExpense": 2024,
        "totalOtherIncomeExpenseNet": -11,
        "year": 2021
      },
      {
        "costOfGoodsSold": 8977,
        "dilutedAverageSharesOutstanding": 435,
        "dilutedEPS": 2.08,
        "ebit": 1830,
        "grossIncome": 3779,
        "interestIncomeExpense": -122,
        "minorityInterest": -150,
        "netIncome": 906,
        "netIncomeAfterTaxes": 1056,
        "nonRecurringItems": -191,
        "otherOperatingExpensesTotal": 47,
        "period": "2020-12-31",
        "pretaxIncome": 1511,
        "provisionforIncomeTaxes": 455,
        "researchDevelopment": 152,
        "revenue": 12756,
        "sgaExpense": 1750,
        "totalOperatingExpense": 1949,
        "totalOtherIncomeExpenseNet": -6,
        "year": 2020
      },
      {
        "costOfGoodsSold": 9292,
        "dilutedAverageSharesOutstanding": 433,
        "dilutedEPS": 2.58,
        "ebit": 1892,
        "grossIncome": 3826,
        "interestIncomeExpense": 14,
        "minorityInterest": -151,
        "netIncome": 1116,
        "netIncomeAfterTaxes": 1267,
        "nonRecurringItems": -78,
        "otherOperatingExpensesTotal": 39,
        "period": "2019-12-31",
        "pretaxIncome": 1861,
        "provisionforIncomeTaxes": 594,
        "researchDevelopment": 163,
        "revenue": 13118,
        "sgaExpense": 1732,
        "totalOperatingExpense": 1934,
        "totalOtherIncomeExpenseNet": 33,
        "year": 2019
      },
      {
        "costOfGoodsSold": 9189,
        "dilutedAverageSharesOutstanding": 433,
        "dilutedEPS": 2.42,
        "ebit": 1883,
        "grossIncome": 3726,
        "minorityInterest": -161,
        "netIncome": 1049,
        "netIncomeAfterTaxes": 1210,
        "nonRecurringItems": -48,
        "otherOperatingExpensesTotal": -25,
        "period": "2018-12-31",
        "pretaxIncome": 1893,
        "provisionforIncomeTaxes": 683,
        "researchDevelopment": 181,
        "revenue": 12915,
        "sgaExpense": 1687,
        "totalOperatingExpense": 1843,
        "totalOtherIncomeExpenseNet": 58,
        "year": 2018
      },
      {
        "costOfGoodsSold": 8621,
        "dilutedAverageSharesOutstanding": 433,
        "dilutedEPS": 1.47,
        "ebit": 1947,
        "grossIncome": 3702,
        "minorityInterest": -173,
        "netIncome": 636,
        "netIncomeAfterTaxes": 809,
        "nonRecurringItems": -31,
        "otherOperatingExpensesTotal": -37,
        "period": "2017-12-31",
        "pretaxIncome": 1957,
        "provisionforIncomeTaxes": 1148,
        "researchDevelopment": 175,
        "revenue": 12323,
        "sgaExpense": 1617,
        "totalOperatingExpense": 1755,
        "totalOtherIncomeExpenseNet": 41,
        "year": 2017
      }
    ],
    "symbol": "OTIS"
  }
}