{
  "symbol": "FI",
  "statement": "ic",
  "frequency": "annual",
  "timestamp": "2025-09-19T14:00:34.587856",
  "data": {
    "financials": [
      {
        "costOfGoodsSold": 8013,
        "dilutedAverageSharesOutstanding": 582.1,
        "dilutedEPS": 5.3788,
        "ebit": 5879,
        "equityEarningsAffiliates": -685,
        "grossIncome": 12443,
        "interestExpense": 1238,
        "interestIncomeExpense": -1264,
        "minorityInterest": -49,
        "netIncome": 3131,
        "netIncomeAfterTaxes": 3865,
        "nonRecurringItems": -147,
        "period": "2024-12-31",
        "pretaxIncome": 4506,
        "provisionforIncomeTaxes": 641,
        "revenue": 20456,
        "sgaExpense": 6564,
        "totalOperatingExpense": 6564,
        "totalOtherIncomeExpenseNet": 38,
        "year": 2024
      },
      {
        "costOfGoodsSold": 7670,
        "dilutedAverageSharesOutstanding": 615.9,
        "dilutedEPS": 4.9813,
        "ebit": 4847,
        "equityEarningsAffiliates": -15,
        "grossIncome": 11423,
        "interestExpense": 1004,
        "interestIncomeExpense": -1090,
        "minorityInterest": -61,
        "netIncome": 3068,
        "netIncomeAfterTaxes": 3144,
        "nonRecurringItems": 167,
        "period": "2023-12-31",
        "pretaxIncome": 3898,
        "provisionforIncomeTaxes": 754,
        "revenue": 19093,
        "sgaExpense": 6576,
        "totalOperatingExpense": 6576,
        "totalOtherIncomeExpenseNet": -26,
        "year": 2023
      },
      {
        "costOfGoodsSold": 7992,
        "dilutedAverageSharesOutstanding": 647.9,
        "dilutedEPS": 3.9,
        "ebit": 3700,
        "equityEarningsAffiliates": 220,
        "grossIncome": 9745,
        "interestExpense": 746,
        "interestIncomeExpense": -795,
        "minorityInterest": -52,
        "netIncome": 2530,
        "netIncomeAfterTaxes": 2362,
        "nonRecurringItems": 40,
        "period": "2022-12-31",
        "pretaxIncome": 2913,
        "provisionforIncomeTaxes": 551,
        "revenue": 17737,
        "sgaExpense": 6045,
        "totalOperatingExpense": 6045,
        "totalOtherIncomeExpenseNet": -32,
        "year": 2022
      },
      {
        "costOfGoodsSold": 8128,
        "dilutedAverageSharesOutstanding": 671.6,
        "dilutedEPS": 1.99,
        "ebit": 2303,
        "equityEarningsAffiliates": 100,
        "grossIncome": 8098,
        "interestExpense": 696,
        "interestIncomeExpense": -622,
        "minorityInterest": -69,
        "netIncome": 1334,
        "netIncomeAfterTaxes": 1303,
        "nonRecurringItems": -15,
        "period": "2021-12-31",
        "pretaxIncome": 1666,
        "provisionforIncomeTaxes": 363,
        "revenue": 16226,
        "sgaExpense": 5795,
        "totalOperatingExpense": 5795,
        "year": 2021
      },
      {
        "costOfGoodsSold": 7812,
        "dilutedAverageSharesOutstanding": 683.4,
        "dilutedEPS": 1.4,
        "ebit": 1512,
        "equityEarningsAffiliates": 0,
        "grossIncome": 7040,
        "interestExpense": 716,
        "interestIncomeExpense": -681,
        "minorityInterest": -17,
        "netIncome": 958,
        "netIncomeAfterTaxes": 975,
        "nonRecurringItems": 340,
        "period": "2020-12-31",
        "pretaxIncome": 1171,
        "provisionforIncomeTaxes": 196,
        "revenue": 14852,
        "sgaExpense": 5528,
        "totalOperatingExpense": 5528,
        "year": 2020
      },
      {
        "costOfGoodsSold": 5261,
        "dilutedAverageSharesOutstanding": 522.6,
        "dilutedEPS": 1.71,
        "ebit": 1642,
        "equityEarningsAffiliates": 29,
        "grossIncome": 4926,
        "interestExpense": 507,
        "interestIncomeExpense": -479,
        "minorityInterest": -21,
        "netIncome": 893,
        "netIncomeAfterTaxes": 885,
        "nonRecurringItems": -80,
        "period": "2019-12-31",
        "pretaxIncome": 1083,
        "provisionforIncomeTaxes": 198,
        "revenue": 10187,
        "sgaExpense": 3284,
        "totalOperatingExpense": 3284,
        "year": 2019
      },
      {
        "costOfGoodsSold": 3069,
        "dilutedAverageSharesOutstanding": 413.7,
        "dilutedEPS": 2.86,
        "ebit": 1526,
        "equityEarningsAffiliates": 10,
        "grossIncome": 2754,
        "interestExpense": 193,
        "interestIncomeExpense": -184,
        "netIncome": 1187,
        "netIncomeAfterTaxes": 1196,
        "nonRecurringItems": 213,
        "period": "2018-12-31",
        "pretaxIncome": 1555,
        "provisionforIncomeTaxes": 359,
        "revenue": 5823,
        "sgaExpense": 1228,
        "totalOperatingExpense": 1228,
        "year": 2018
      },
      {
        "costOfGoodsSold": 3024,
        "dilutedAverageSharesOutstanding": 431.2,
        "dilutedEPS": 2.88,
        "ebit": 1522,
        "equityEarningsAffiliates": 32,
        "grossIncome": 2672,
        "interestExpense": 176,
        "interestIncomeExpense": -174,
        "netIncome": 1246,
        "netIncomeAfterTaxes": 925,
        "nonRecurringItems": 10,
        "period": "2017-12-31",
        "pretaxIncome": 1358,
        "provisionforIncomeTaxes": 433,
        "revenue": 5696,
        "sgaExpense": 1150,
        "totalOperatingExpense": 1150,
        "year": 2017
      },
      {
        "costOfGoodsSold": 2959,
        "dilutedAverageSharesOutstanding": 447.8,
        "dilutedEPS": 2.08,
        "ebit": 1445,
        "equityEarningsAffiliates": 147,
        "grossIncome": 2546,
        "interestExpense": 163,
        "interestIncomeExpense": -170,
        "netIncome": 930,
        "netIncomeAfterTaxes": 783,
        "nonRecurringItems": 0,
        "period": "2016-12-31",
        "pretaxIncome": 1275,
        "provisionforIncomeTaxes": 492,
        "revenue": 5505,
        "sgaExpense": 1101,
        "totalOperatingExpense": 1101,
        "year": 2016
      },
      {
        "costOfGoodsSold": 2909,
        "dilutedAverageSharesOutstanding": 476,
        "dilutedEPS": 1.5,
        "ebit": 1311,
        "equityEarningsAffiliates": 32,
        "grossIncome": 2345,
        "interestExpense": 169,
        "interestIncomeExpense": -169,
        "netIncome": 712,
        "netIncomeAfterTaxes": 680,
        "nonRecurringItems": -85,
        "period": "2015-12-31",
        "pretaxIncome": 1057,
        "provisionforIncomeTaxes": 377,
        "revenue": 5254,
        "sgaExpense": 1034,
        "totalOperatingExpense": 1034,
        "year": 2015
      }
    ],
    "symbol": "FI"
  }
}