{
  "symbol": "MMM",
  "statement": "ic",
  "frequency": "quarterly",
  "timestamp": "2025-09-19T14:33:36.846678",
  "data": {
    "financials": [
      {
        "costOfGoodsSold": 3646,
        "dilutedAverageSharesOutstanding": 540.6,
        "dilutedEPS": 1.3374,
        "ebit": 1151,
        "equityEarningsAffiliates": 47,
        "grossIncome": 2698,
        "interestExpense": 237,
        "interestIncomeExpense": -194,
        "minorityInterest": -2,
        "netIncome": 723,
        "netIncomeAfterTaxes": 678,
        "nonRecurringItems": -11,
        "period": "2025-06-30",
        "pretaxIncome": 923,
        "provisionforIncomeTaxes": 245,
        "researchDevelopment": 288,
        "revenue": 6344,
        "sgaExpense": 1259,
        "totalOperatingExpense": 1547,
        "totalOtherIncomeExpenseNet": -23
      },
      {
        "costOfGoodsSold": 3477,
        "dilutedAverageSharesOutstanding": 547.7,
        "dilutedEPS": 2.0376,
        "ebit": 1259,
        "equityEarningsAffiliates": 2,
        "grossIncome": 2477,
        "interestExpense": 255,
        "interestIncomeExpense": 167,
        "minorityInterest": -6,
        "netIncome": 1116,
        "netIncomeAfterTaxes": 1120,
        "nonRecurringItems": -13,
        "period": "2025-03-31",
        "pretaxIncome": 1385,
        "provisionforIncomeTaxes": 265,
        "researchDevelopment": 285,
        "revenue": 5954,
        "sgaExpense": 933,
        "totalOperatingExpense": 1218,
        "totalOtherIncomeExpenseNet": -28
      },
      {
        "costOfGoodsSold": 3737,
        "dilutedAverageSharesOutstanding": 546.1,
        "dilutedEPS": 1.3331,
        "ebit": 1094,
        "equityEarningsAffiliates": 2,
        "grossIncome": 2273,
        "interestExpense": 252,
        "interestIncomeExpense": -290,
        "minorityInterest": 0,
        "netIncome": 728,
        "netIncomeAfterTaxes": 726,
        "nonRecurringItems": -9,
        "period": "2024-12-31",
        "pretaxIncome": 759,
        "provisionforIncomeTaxes": 33,
        "researchDevelopment": 281,
        "revenue": 6010,
        "sgaExpense": 898,
        "totalOperatingExpense": 1179,
        "totalOtherIncomeExpenseNet": -36
      },
      {
        "costOfGoodsSold": 3628,
        "dilutedAverageSharesOutstanding": 552.7,
        "dilutedEPS": 2.4824,
        "ebit": 1356,
        "equityEarningsAffiliates": 3,
        "grossIncome": 2666,
        "interestExpense": 276,
        "interestIncomeExpense": 412,
        "minorityInterest": -4,
        "netIncome": 1372,
        "netIncomeAfterTaxes": 1373,
        "nonRecurringItems": -40,
        "period": "2024-09-30",
        "pretaxIncome": 1721,
        "provisionforIncomeTaxes": 348,
        "researchDevelopment": 266,
        "revenue": 6294,
        "sgaExpense": 1044,
        "totalOperatingExpense": 1310,
        "totalOtherIncomeExpenseNet": -7
      },
      {
        "costOfGoodsSold": 3569,
        "dilutedAverageSharesOutstanding": 554.8,
        "dilutedEPS": 2.06,
        "ebit": 1307,
        "equityEarningsAffiliates": 3,
        "grossIncome": 2686,
        "interestExpense": 322,
        "interestIncomeExpense": 934,
        "minorityInterest": -6,
        "netIncome": 1145,
        "netIncomeAfterTaxes": 1207,
        "nonRecurringItems": -35,
        "period": "2024-06-30",
        "pretaxIncome": 1410,
        "provisionforIncomeTaxes": 203,
        "researchDevelopment": 279,
        "revenue": 6255,
        "sgaExpense": 1100,
        "totalOperatingExpense": 1379,
        "totalOtherIncomeExpenseNet": -796
      },
      {
        "costOfGoodsSold": 3483,
        "dilutedAverageSharesOutstanding": 555.05,
        "dilutedEPS": 1.67,
        "ebit": 1252,
        "equityEarningsAffiliates": 1,
        "grossIncome": 2533,
        "interestExpense": 341,
        "interestIncomeExpense": -231,
        "minorityInterest": -5,
        "netIncome": 928,
        "netIncomeAfterTaxes": 709,
        "nonRecurringItems": -103,
        "period": "2024-03-31",
        "pretaxIncome": 929,
        "provisionforIncomeTaxes": 220,
        "researchDevelopment": 244,
        "revenue": 6016,
        "sgaExpense": 1037,
        "totalOperatingExpense": 1281,
        "totalOtherIncomeExpenseNet": 11
      },
      {
        "costOfGoodsSold": 4644,
        "dilutedAverageSharesOutstanding": 554.5,
        "dilutedEPS": 1.7042,
        "ebit": 1354,
        "equityEarningsAffiliates": 11,
        "grossIncome": 3369,
        "interestExpense": 370,
        "interestIncomeExpense": -279,
        "minorityInterest": -2,
        "netIncome": 945,
        "netIncomeAfterTaxes": 936,
        "nonRecurringItems": -111,
        "period": "2023-12-31",
        "pretaxIncome": 1000,
        "provisionforIncomeTaxes": 64,
        "researchDevelopment": 461,
        "revenue": 8013,
        "sgaExpense": 1554,
        "totalOperatingExpense": 2015,
        "totalOtherIncomeExpenseNet": 36
      },
      {
        "costOfGoodsSold": 4576,
        "dilutedAverageSharesOutstanding": 554.3,
        "dilutedEPS": -3.74,
        "ebit": 1572,
        "equityEarningsAffiliates": 2,
        "grossIncome": 3736,
        "interestExpense": 304,
        "interestIncomeExpense": -231,
        "minorityInterest": -4,
        "netIncome": -2075,
        "netIncomeAfterTaxes": -2073,
        "nonRecurringItems": -4226,
        "period": "2023-09-30",
        "pretaxIncome": -2854,
        "provisionforIncomeTaxes": -781,
        "researchDevelopment": 427,
        "revenue": 8312,
        "sgaExpense": 1737,
        "totalOperatingExpense": 2164,
        "totalOtherIncomeExpenseNet": 31
      },
      {
        "costOfGoodsSold": 4559,
        "dilutedAverageSharesOutstanding": 553.9,
        "dilutedEPS": -12.35,
        "ebit": 1554,
        "equityEarningsAffiliates": 3,
        "grossIncome": 3766,
        "interestExpense": 144,
        "interestIncomeExpense": -96,
        "minorityInterest": -5,
        "netIncome": -6841,
        "netIncomeAfterTaxes": -6839,
        "nonRecurringItems": -10512,
        "period": "2023-06-30",
        "pretaxIncome": -9023,
        "provisionforIncomeTaxes": -2184,
        "researchDevelopment": 454,
        "revenue": 8325,
        "sgaExpense": 1758,
        "totalOperatingExpense": 2212,
        "totalOtherIncomeExpenseNet": 31
      },
      {
        "costOfGoodsSold": 4597,
        "dilutedAverageSharesOutstanding": 553.2,
        "dilutedEPS": 1.76,
        "ebit": 1293,
        "equityEarningsAffiliates": 2,
        "grossIncome": 3434,
        "interestExpense": 123,
        "interestIncomeExpense": -83,
        "minorityInterest": -5,
        "netIncome": 976,
        "netIncomeAfterTaxes": 979,
        "nonRecurringItems": -52,
        "period": "2023-03-31",
        "pretaxIncome": 1189,
        "provisionforIncomeTaxes": 210,
        "researchDevelopment": 468,
        "revenue": 8031,
        "sgaExpense": 1673,
        "totalOperatingExpense": 2141,
        "totalOtherIncomeExpenseNet": 31
      },
      {
        "costOfGoodsSold": 4585,
        "dilutedAverageSharesOutstanding": 552.6,
        "dilutedEPS": 0.98,
        "ebit": 903,
        "equityEarningsAffiliates": 8,
        "grossIncome": 3494,
        "interestExpense": 115,
        "interestIncomeExpense": -84,
        "minorityInterest": -2,
        "netIncome": 541,
        "netIncomeAfterTaxes": 535,
        "nonRecurringItems": -271,
        "period": "2022-12-31",
        "pretaxIncome": 597,
        "provisionforIncomeTaxes": 62,
        "researchDevelopment": 445,
        "revenue": 8079,
        "sgaExpense": 2146,
        "totalOperatingExpense": 2591,
        "totalOtherIncomeExpenseNet": 49
      },
      {
        "costOfGoodsSold": 4725,
        "dilutedAverageSharesOutstanding": 570,
        "dilutedEPS": 6.77,
        "ebit": 1473,
        "equityEarningsAffiliates": 2,
        "grossIncome": 3894,
        "interestExpense": 106,
        "interestIncomeExpense": -89,
        "minorityInterest": -4,
        "netIncome": 3859,
        "netIncomeAfterTaxes": 3861,
        "nonRecurringItems": 2683,
        "period": "2022-09-30",
        "pretaxIncome": 4132,
        "provisionforIncomeTaxes": 271,
        "researchDevelopment": 459,
        "revenue": 8619,
        "sgaExpense": 1962,
        "totalOperatingExpense": 2421,
        "totalOtherIncomeExpenseNet": 65
      },
      {
        "costOfGoodsSold": 5093,
        "dilutedAverageSharesOutstanding": 572.7,
        "dilutedEPS": 0.14,
        "ebit": 110,
        "equityEarningsAffiliates": -1,
        "grossIncome": 3609,
        "interestExpense": 128,
        "interestIncomeExpense": -117,
        "minorityInterest": -4,
        "netIncome": 78,
        "netIncomeAfterTaxes": 83,
        "period": "2022-06-30",
        "pretaxIncome": 60,
        "provisionforIncomeTaxes": -23,
        "researchDevelopment": 476,
        "revenue": 8702,
        "sgaExpense": 3023,
        "totalOperatingExpense": 3499,
        "totalOtherIncomeExpenseNet": 67
      },
      {
        "costOfGoodsSold": 4826,
        "dilutedAverageSharesOutstanding": 575,
        "dilutedEPS": 2.26,
        "ebit": 1659,
        "equityEarningsAffiliates": 2,
        "grossIncome": 4003,
        "interestExpense": 113,
        "interestIncomeExpense": -105,
        "minorityInterest": -4,
        "netIncome": 1299,
        "netIncomeAfterTaxes": 1301,
        "nonRecurringItems": -18,
        "period": "2022-03-31",
        "pretaxIncome": 1603,
        "provisionforIncomeTaxes": 302,
        "researchDevelopment": 474,
        "revenue": 8829,
        "sgaExpense": 1870,
        "totalOperatingExpense": 2344,
        "totalOtherIncomeExpenseNet": 67
      },
      {
        "costOfGoodsSold": 4697,
        "dilutedAverageSharesOutstanding": 579.9,
        "dilutedEPS": 2.31,
        "ebit": 1633,
        "equityEarningsAffiliates": 3,
        "grossIncome": 3915,
        "interestExpense": 118,
        "interestIncomeExpense": -110,
        "minorityInterest": -1,
        "netIncome": 1339,
        "netIncomeAfterTaxes": 1337,
        "nonRecurringItems": -17,
        "period": "2021-12-31",
        "pretaxIncome": 1564,
        "provisionforIncomeTaxes": 227,
        "researchDevelopment": 472,
        "revenue": 8612,
        "sgaExpense": 1810,
        "totalOperatingExpense": 2282,
        "totalOtherIncomeExpenseNet": 58
      },
      {
        "costOfGoodsSold": 4847,
        "dilutedAverageSharesOutstanding": 586.3,
        "dilutedEPS": 2.45,
        "ebit": 1838,
        "equityEarningsAffiliates": 4,
        "grossIncome": 4095,
        "interestExpense": 117,
        "interestIncomeExpense": -111,
        "minorityInterest": -3,
        "netIncome": 1434,
        "netIncomeAfterTaxes": 1433,
        "nonRecurringItems": -50,
        "period": "2021-09-30",
        "pretaxIncome": 1757,
        "provisionforIncomeTaxes": 324,
        "researchDevelopment": 480,
        "revenue": 8942,
        "sgaExpense": 1777,
        "totalOperatingExpense": 2257,
        "totalOtherIncomeExpenseNet": 80
      },
      {
        "costOfGoodsSold": 4708,
        "dilutedAverageSharesOutstanding": 588.6,
        "dilutedEPS": 2.59,
        "ebit": 2014,
        "equityEarningsAffiliates": 2,
        "grossIncome": 4242,
        "interestExpense": 121,
        "interestIncomeExpense": -113,
        "minorityInterest": -1,
        "netIncome": 1524,
        "netIncomeAfterTaxes": 1523,
        "nonRecurringItems": -43,
        "period": "2021-06-30",
        "pretaxIncome": 1938,
        "provisionforIncomeTaxes": 415,
        "researchDevelopment": 505,
        "revenue": 8950,
        "sgaExpense": 1723,
        "totalOperatingExpense": 2228,
        "totalOtherIncomeExpenseNet": 80
      },
      {
        "costOfGoodsSold": 4524,
        "dilutedAverageSharesOutstanding": 586.3,
        "dilutedEPS": 2.77,
        "ebit": 2008,
        "equityEarningsAffiliates": 1,
        "grossIncome": 4327,
        "interestExpense": 121,
        "interestIncomeExpense": -117,
        "minorityInterest": -3,
        "netIncome": 1624,
        "netIncomeAfterTaxes": 1626,
        "nonRecurringItems": -25,
        "period": "2021-03-31",
        "pretaxIncome": 1945,
        "provisionforIncomeTaxes": 319,
        "researchDevelopment": 520,
        "revenue": 8851,
        "sgaExpense": 1799,
        "totalOperatingExpense": 2319,
        "totalOtherIncomeExpenseNet": 79
      },
      {
        "costOfGoodsSold": 4324,
        "dilutedAverageSharesOutstanding": 584,
        "dilutedEPS": 2.41,
        "ebit": 2044,
        "equityEarningsAffiliates": -4,
        "grossIncome": 4259,
        "interestExpense": 141,
        "interestIncomeExpense": -136,
        "minorityInterest": -1,
        "netIncome": 1405,
        "netIncomeAfterTaxes": 1410,
        "nonRecurringItems": -195,
        "period": "2020-12-31",
        "pretaxIncome": 1731,
        "provisionforIncomeTaxes": 321,
        "researchDevelopment": 441,
        "revenue": 8583,
        "sgaExpense": 1774,
        "totalOperatingExpense": 2215,
        "totalOtherIncomeExpenseNet": 18
      },
      {
        "costOfGoodsSold": 4303,
        "dilutedAverageSharesOutstanding": 582.4,
        "dilutedEPS": 2.46,
        "ebit": 1909,
        "equityEarningsAffiliates": -1,
        "grossIncome": 4047,
        "interestExpense": 128,
        "interestIncomeExpense": -123,
        "minorityInterest": -4,
        "netIncome": 1430,
        "netIncomeAfterTaxes": 1435,
        "nonRecurringItems": 0,
        "period": "2020-09-30",
        "pretaxIncome": 1826,
        "provisionforIncomeTaxes": 391,
        "researchDevelopment": 461,
        "revenue": 8350,
        "sgaExpense": 1677,
        "totalOperatingExpense": 2138,
        "totalOtherIncomeExpenseNet": 40
      },
      {
        "costOfGoodsSold": 3805,
        "dilutedAverageSharesOutstanding": 580.8,
        "dilutedEPS": 2.25,
        "ebit": 1353,
        "equityEarningsAffiliates": 0,
        "grossIncome": 3371,
        "interestExpense": 137,
        "interestIncomeExpense": -128,
        "minorityInterest": 3,
        "netIncome": 1306,
        "netIncomeAfterTaxes": 1303,
        "nonRecurringItems": 387,
        "period": "2020-06-30",
        "pretaxIncome": 1650,
        "provisionforIncomeTaxes": 347,
        "researchDevelopment": 424,
        "revenue": 7176,
        "sgaExpense": 1594,
        "totalOperatingExpense": 2018,
        "totalOtherIncomeExpenseNet": 38
      },
      {
        "costOfGoodsSold": 4109,
        "dilutedAverageSharesOutstanding": 581.5,
        "dilutedEPS": 2.25,
        "ebit": 1661,
        "equityEarningsAffiliates": 0,
        "grossIncome": 3966,
        "interestExpense": 123,
        "interestIncomeExpense": -113,
        "minorityInterest": -2,
        "netIncome": 1308,
        "netIncomeAfterTaxes": 1310,
        "nonRecurringItems": 2,
        "period": "2020-03-31",
        "pretaxIncome": 1588,
        "provisionforIncomeTaxes": 278,
        "researchDevelopment": 537,
        "revenue": 8075,
        "sgaExpense": 1768,
        "totalOperatingExpense": 2305,
        "totalOtherIncomeExpenseNet": 38
      },
      {
        "costOfGoodsSold": 4309,
        "dilutedAverageSharesOutstanding": 582.7,
        "dilutedEPS": 1.66,
        "ebit": 1421,
        "grossIncome": 3802,
        "interestExpense": 137,
        "interestIncomeExpense": -70,
        "minorityInterest": -1,
        "netIncome": 969,
        "netIncomeAfterTaxes": 970,
        "nonRecurringItems": -134,
        "period": "2019-12-31",
        "pretaxIncome": 1212,
        "provisionforIncomeTaxes": 242,
        "researchDevelopment": 489,
        "revenue": 8111,
        "sgaExpense": 1892,
        "totalOperatingExpense": 2381,
        "totalOtherIncomeExpenseNet": -5
      },
      {
        "costOfGoodsSold": 4182,
        "dilutedAverageSharesOutstanding": 583,
        "dilutedEPS": 2.72,
        "ebit": 1911,
        "grossIncome": 3809,
        "interestExpense": 101,
        "interestIncomeExpense": -89,
        "minorityInterest": -5,
        "netIncome": 1583,
        "netIncomeAfterTaxes": 1588,
        "nonRecurringItems": 106,
        "period": "2019-09-30",
        "pretaxIncome": 1966,
        "provisionforIncomeTaxes": 378,
        "researchDevelopment": 443,
        "revenue": 7991,
        "sgaExpense": 1455,
        "totalOperatingExpense": 1898,
        "totalOtherIncomeExpenseNet": 38
      },
      {
        "costOfGoodsSold": 4288,
        "dilutedAverageSharesOutstanding": 586.1,
        "dilutedEPS": 1.92,
        "ebit": 1821,
        "grossIncome": 3883,
        "interestExpense": 101,
        "interestIncomeExpense": -262,
        "minorityInterest": -4,
        "netIncome": 1127,
        "netIncomeAfterTaxes": 1131,
        "nonRecurringItems": -148,
        "period": "2019-06-30",
        "pretaxIncome": 1446,
        "provisionforIncomeTaxes": 315,
        "researchDevelopment": 465,
        "revenue": 8171,
        "sgaExpense": 1597,
        "totalOperatingExpense": 2062,
        "totalOtherIncomeExpenseNet": 35
      },
      {
        "costOfGoodsSold": 4305,
        "dilutedAverageSharesOutstanding": 588.5,
        "dilutedEPS": 1.51,
        "ebit": 1133,
        "grossIncome": 3558,
        "interestExpense": 96,
        "interestIncomeExpense": -89,
        "minorityInterest": -2,
        "netIncome": 891,
        "netIncomeAfterTaxes": 893,
        "nonRecurringItems": 8,
        "period": "2019-03-31",
        "pretaxIncome": 1088,
        "provisionforIncomeTaxes": 195,
        "researchDevelopment": 477,
        "revenue": 7863,
        "sgaExpense": 1948,
        "totalOperatingExpense": 2425,
        "totalOtherIncomeExpenseNet": 36
      },
      {
        "costOfGoodsSold": 4048,
        "dilutedAverageSharesOutstanding": 592.7,
        "dilutedEPS": 2.27,
        "ebit": 1795,
        "grossIncome": 3897,
        "interestExpense": 95,
        "interestIncomeExpense": -74,
        "minorityInterest": -2,
        "netIncome": 1347,
        "netIncomeAfterTaxes": 1308,
        "nonRecurringItems": -15,
        "period": "2018-12-31",
        "pretaxIncome": 1720,
        "provisionforIncomeTaxes": 412,
        "researchDevelopment": 436,
        "revenue": 7945,
        "sgaExpense": 1666,
        "totalOperatingExpense": 2102,
        "totalOtherIncomeExpenseNet": 14
      },
      {
        "costOfGoodsSold": 4160,
        "dilutedAverageSharesOutstanding": 598.4,
        "dilutedEPS": 2.58,
        "ebit": 2015,
        "grossIncome": 3992,
        "interestExpense": 85,
        "interestIncomeExpense": -69,
        "minorityInterest": -3,
        "netIncome": 1543,
        "netIncomeAfterTaxes": 1546,
        "nonRecurringItems": 0,
        "period": "2018-09-30",
        "pretaxIncome": 1965,
        "provisionforIncomeTaxes": 419,
        "researchDevelopment": 430,
        "revenue": 8152,
        "sgaExpense": 1547,
        "totalOperatingExpense": 1977,
        "totalOtherIncomeExpenseNet": 19
      },
      {
        "costOfGoodsSold": 4216,
        "dilutedAverageSharesOutstanding": 604.2,
        "dilutedEPS": 3.07,
        "ebit": 1999,
        "grossIncome": 4174,
        "interestExpense": 88,
        "interestIncomeExpense": -71,
        "minorityInterest": -5,
        "netIncome": 1857,
        "netIncomeAfterTaxes": 1862,
        "nonRecurringItems": 401,
        "period": "2018-06-30",
        "pretaxIncome": 2350,
        "provisionforIncomeTaxes": 488,
        "researchDevelopment": 464,
        "revenue": 8390,
        "sgaExpense": 1711,
        "totalOperatingExpense": 2175,
        "totalOtherIncomeExpenseNet": 21
      },
      {
        "costOfGoodsSold": 4233,
        "dilutedAverageSharesOutstanding": 612.7,
        "dilutedEPS": 0.98,
        "ebit": 986,
        "grossIncome": 4045,
        "interestExpense": 82,
        "interestIncomeExpense": -64,
        "minorityInterest": -4,
        "netIncome": 602,
        "netIncomeAfterTaxes": 823,
        "nonRecurringItems": 24,
        "period": "2018-03-31",
        "pretaxIncome": 965,
        "provisionforIncomeTaxes": 142,
        "researchDevelopment": 486,
        "revenue": 8278,
        "sgaExpense": 2573,
        "totalOperatingExpense": 3059,
        "totalOtherIncomeExpenseNet": 19
      },
      {
        "costOfGoodsSold": 4095,
        "dilutedAverageSharesOutstanding": 613.3,
        "dilutedEPS": 0.85,
        "ebit": 1692,
        "grossIncome": 3895,
        "interestExpense": 262,
        "interestIncomeExpense": -244,
        "minorityInterest": -2,
        "netIncome": 523,
        "netIncomeAfterTaxes": 1287,
        "nonRecurringItems": 192,
        "period": "2017-12-31",
        "pretaxIncome": 1672,
        "provisionforIncomeTaxes": 385,
        "researchDevelopment": 448,
        "revenue": 7990,
        "sgaExpense": 1755,
        "totalOperatingExpense": 2203,
        "totalOtherIncomeExpenseNet": 32
      },
      {
        "costOfGoodsSold": 4060,
        "dilutedAverageSharesOutstanding": 612.7,
        "dilutedEPS": 2.33,
        "ebit": 2007,
        "grossIncome": 4112,
        "interestExpense": 57,
        "interestIncomeExpense": -43,
        "minorityInterest": -4,
        "netIncome": 1429,
        "netIncomeAfterTaxes": 1433,
        "nonRecurringItems": 0,
        "period": "2017-09-30",
        "pretaxIncome": 1997,
        "provisionforIncomeTaxes": 564,
        "researchDevelopment": 468,
        "revenue": 8172,
        "sgaExpense": 1637,
        "totalOperatingExpense": 2105,
        "totalOtherIncomeExpenseNet": 33
      },
      {
        "costOfGoodsSold": 3937,
        "dilutedAverageSharesOutstanding": 612.8,
        "dilutedEPS": 2.58,
        "ebit": 1788,
        "grossIncome": 3873,
        "interestExpense": 54,
        "interestIncomeExpense": -39,
        "minorityInterest": -2,
        "netIncome": 1583,
        "netIncomeAfterTaxes": 1585,
        "nonRecurringItems": 362,
        "period": "2017-06-30",
        "pretaxIncome": 2142,
        "provisionforIncomeTaxes": 557,
        "researchDevelopment": 470,
        "revenue": 7810,
        "sgaExpense": 1615,
        "totalOperatingExpense": 2085,
        "totalOtherIncomeExpenseNet": 31
      },
      {
        "costOfGoodsSold": 3884,
        "dilutedAverageSharesOutstanding": 612,
        "dilutedEPS": 2.16,
        "ebit": 1711,
        "grossIncome": 3801,
        "interestExpense": 45,
        "interestIncomeExpense": -35,
        "minorityInterest": -3,
        "netIncome": 1323,
        "netIncomeAfterTaxes": 1326,
        "nonRecurringItems": 29,
        "period": "2017-03-31",
        "pretaxIncome": 1737,
        "provisionforIncomeTaxes": 411,
        "researchDevelopment": 476,
        "revenue": 7685,
        "sgaExpense": 1614,
        "totalOperatingExpense": 2090,
        "totalOtherIncomeExpenseNet": 32
      },
      {
        "costOfGoodsSold": 3790,
        "dilutedAverageSharesOutstanding": 613.9,
        "dilutedEPS": 1.88,
        "ebit": 1362,
        "grossIncome": 3539,
        "interestExpense": 64,
        "interestIncomeExpense": -59,
        "minorityInterest": -1,
        "netIncome": 1155,
        "netIncomeAfterTaxes": 1156,
        "nonRecurringItems": 111,
        "period": "2016-12-31",
        "pretaxIncome": 1610,
        "provisionforIncomeTaxes": 454,
        "researchDevelopment": 450,
        "revenue": 7329,
        "sgaExpense": 1727,
        "totalOperatingExpense": 2177,
        "totalOtherIncomeExpenseNet": 196
      },
      {
        "costOfGoodsSold": 3847,
        "dilutedAverageSharesOutstanding": 618.8,
        "dilutedEPS": 2.15,
        "ebit": 1904,
        "grossIncome": 3862,
        "interestExpense": 50,
        "interestIncomeExpense": -42,
        "minorityInterest": -2,
        "netIncome": 1329,
        "netIncomeAfterTaxes": 1331,
        "period": "2016-09-30",
        "pretaxIncome": 1862,
        "provisionforIncomeTaxes": 531,
        "researchDevelopment": 427,
        "revenue": 7709,
        "sgaExpense": 1531,
        "totalOperatingExpense": 1958
      },
      {
        "costOfGoodsSold": 3799,
        "dilutedAverageSharesOutstanding": 620.9,
        "dilutedEPS": 2.08,
        "ebit": 1863,
        "grossIncome": 3863,
        "interestExpense": 38,
        "interestIncomeExpense": -28,
        "minorityInterest": -2,
        "netIncome": 1291,
        "netIncomeAfterTaxes": 1293,
        "period": "2016-06-30",
        "pretaxIncome": 1835,
        "provisionforIncomeTaxes": 542,
        "researchDevelopment": 437,
        "revenue": 7662,
        "sgaExpense": 1563,
        "totalOperatingExpense": 2000
      },
      {
        "costOfGoodsSold": 3678,
        "dilutedAverageSharesOutstanding": 621.3,
        "dilutedEPS": 2.05,
        "ebit": 1788,
        "grossIncome": 3731,
        "interestExpense": 47,
        "interestIncomeExpense": -42,
        "minorityInterest": -3,
        "netIncome": 1275,
        "netIncomeAfterTaxes": 1278,
        "period": "2016-03-31",
        "pretaxIncome": 1746,
        "provisionforIncomeTaxes": 468,
        "researchDevelopment": 450,
        "revenue": 7409,
        "sgaExpense": 1493,
        "totalOperatingExpense": 1943
      },
      {
        "costOfGoodsSold": 3788,
        "dilutedAverageSharesOutstanding": 625.2,
        "dilutedEPS": 1.66,
        "ebit": 1613,
        "grossIncome": 3510,
        "interestExpense": 21,
        "interestIncomeExpense": -36,
        "minorityInterest": -1,
        "netIncome": 1038,
        "netIncomeAfterTaxes": 1039,
        "nonRecurringItems": -114,
        "period": "2015-12-31",
        "pretaxIncome": 1463,
        "provisionforIncomeTaxes": 424,
        "researchDevelopment": 421,
        "revenue": 7298,
        "sgaExpense": 1476,
        "totalOperatingExpense": 1897
      },
      {
        "costOfGoodsSold": 3873,
        "dilutedAverageSharesOutstanding": 631.2,
        "dilutedEPS": 2.05,
        "ebit": 1880,
        "grossIncome": 3839,
        "interestExpense": 4,
        "interestIncomeExpense": -35,
        "minorityInterest": -2,
        "netIncome": 1296,
        "netIncomeAfterTaxes": 1298,
        "period": "2015-09-30",
        "pretaxIncome": 1845,
        "provisionforIncomeTaxes": 547,
        "researchDevelopment": 429,
        "revenue": 7712,
        "sgaExpense": 1530,
        "totalOperatingExpense": 1959
      }
    ],
    "symbol": "MMM"
  }
}