{
  "symbol": "UPS",
  "statement": "ic",
  "frequency": "quarterly",
  "timestamp": "2025-09-19T14:08:00.316999",
  "data": {
    "financials": [
      {
        "costOfGoodsSold": 3580,
        "depreciationAmortization": 936,
        "dilutedAverageSharesOutstanding": 847,
        "dilutedEPS": 1.51,
        "ebit": 1822,
        "grossIncome": 17641,
        "interestExpense": 238,
        "interestIncomeExpense": -238,
        "netIncome": 1283,
        "netIncomeAfterTaxes": 1283,
        "otherOperatingExpensesTotal": 1958,
        "period": "2025-06-30",
        "pretaxIncome": 1662,
        "provisionforIncomeTaxes": 379,
        "revenue": 21221,
        "sgaExpense": 12925,
        "totalOperatingExpense": 15819,
        "totalOtherIncomeExpenseNet": 78
      },
      {
        "costOfGoodsSold": 3788,
        "depreciationAmortization": 912,
        "dilutedAverageSharesOutstanding": 850,
        "dilutedEPS": 1.4,
        "ebit": 1705,
        "grossIncome": 17758,
        "interestExpense": 222,
        "interestIncomeExpense": -222,
        "netIncome": 1187,
        "netIncomeAfterTaxes": 1187,
        "nonRecurringItems": -39,
        "otherOperatingExpensesTotal": 1975,
        "period": "2025-03-31",
        "pretaxIncome": 1523,
        "provisionforIncomeTaxes": 336,
        "revenue": 21546,
        "sgaExpense": 13166,
        "totalOperatingExpense": 16053,
        "totalOtherIncomeExpenseNet": 79
      },
      {
        "costOfGoodsSold": 4807,
        "depreciationAmortization": 919,
        "dilutedAverageSharesOutstanding": 856,
        "dilutedEPS": 2.01,
        "ebit": 2986,
        "grossIncome": 20494,
        "interestExpense": 229,
        "interestIncomeExpense": -229,
        "netIncome": 1721,
        "netIncomeAfterTaxes": 1721,
        "nonRecurringItems": -60,
        "otherOperatingExpensesTotal": 2274,
        "period": "2024-12-31",
        "pretaxIncome": 2127,
        "provisionforIncomeTaxes": 406,
        "revenue": 25301,
        "sgaExpense": 14315,
        "totalOperatingExpense": 17508,
        "totalOtherIncomeExpenseNet": -570
      },
      {
        "costOfGoodsSold": 4443,
        "depreciationAmortization": 905,
        "dilutedAverageSharesOutstanding": 855,
        "dilutedEPS": 1.8,
        "ebit": 1985,
        "grossIncome": 17802,
        "interestExpense": 230,
        "interestIncomeExpense": -230,
        "netIncome": 1539,
        "netIncomeAfterTaxes": 1539,
        "nonRecurringItems": 0,
        "otherOperatingExpensesTotal": 1727,
        "period": "2024-09-30",
        "pretaxIncome": 1910,
        "provisionforIncomeTaxes": 371,
        "revenue": 22245,
        "sgaExpense": 13185,
        "totalOperatingExpense": 15817,
        "totalOtherIncomeExpenseNet": 155
      },
      {
        "costOfGoodsSold": 4399,
        "depreciationAmortization": 887,
        "dilutedAverageSharesOutstanding": 857,
        "dilutedEPS": 1.64,
        "ebit": 1944,
        "grossIncome": 17419,
        "interestExpense": 212,
        "interestIncomeExpense": -212,
        "netIncome": 1409,
        "netIncomeAfterTaxes": 1409,
        "nonRecurringItems": 0,
        "otherOperatingExpensesTotal": 1859,
        "period": "2024-06-30",
        "pretaxIncome": 1869,
        "provisionforIncomeTaxes": 460,
        "revenue": 21818,
        "sgaExpense": 12729,
        "totalOperatingExpense": 15475,
        "totalOtherIncomeExpenseNet": 137
      },
      {
        "costOfGoodsSold": 4306,
        "depreciationAmortization": 898,
        "dilutedAverageSharesOutstanding": 857,
        "dilutedEPS": 1.3,
        "ebit": 1661,
        "grossIncome": 17400,
        "interestExpense": 195,
        "interestIncomeExpense": -195,
        "netIncome": 1113,
        "netIncomeAfterTaxes": 1113,
        "nonRecurringItems": -48,
        "otherOperatingExpensesTotal": 1920,
        "period": "2024-03-31",
        "pretaxIncome": 1536,
        "provisionforIncomeTaxes": 423,
        "revenue": 21706,
        "sgaExpense": 12921,
        "totalOperatingExpense": 15739,
        "totalOtherIncomeExpenseNet": 118
      },
      {
        "costOfGoodsSold": 5099,
        "depreciationAmortization": 867,
        "dilutedAverageSharesOutstanding": 857,
        "dilutedEPS": 1.87,
        "ebit": 2477,
        "grossIncome": 19818,
        "interestExpense": 207,
        "interestIncomeExpense": -207,
        "netIncome": 1605,
        "netIncomeAfterTaxes": 1605,
        "otherOperatingExpensesTotal": 2342,
        "period": "2023-12-31",
        "pretaxIncome": 2063,
        "provisionforIncomeTaxes": 458,
        "revenue": 24917,
        "sgaExpense": 14132,
        "totalOperatingExpense": 17341,
        "totalOtherIncomeExpenseNet": -207
      },
      {
        "costOfGoodsSold": 4250,
        "depreciationAmortization": 837,
        "dilutedAverageSharesOutstanding": 858,
        "dilutedEPS": 1.31,
        "ebit": 1343,
        "grossIncome": 16811,
        "interestExpense": 199,
        "interestIncomeExpense": -199,
        "netIncome": 1127,
        "netIncomeAfterTaxes": 1127,
        "otherOperatingExpensesTotal": 1903,
        "period": "2023-09-30",
        "pretaxIncome": 1268,
        "provisionforIncomeTaxes": 141,
        "revenue": 21061,
        "sgaExpense": 12728,
        "totalOperatingExpense": 15468,
        "totalOtherIncomeExpenseNet": 124
      },
      {
        "costOfGoodsSold": 4263,
        "depreciationAmortization": 828,
        "dilutedAverageSharesOutstanding": 861,
        "dilutedEPS": 2.42,
        "ebit": 2780,
        "grossIncome": 17792,
        "interestExpense": 191,
        "interestIncomeExpense": -191,
        "netIncome": 2081,
        "netIncomeAfterTaxes": 2081,
        "otherOperatingExpensesTotal": 1847,
        "period": "2023-06-30",
        "pretaxIncome": 2720,
        "provisionforIncomeTaxes": 639,
        "revenue": 22055,
        "sgaExpense": 12337,
        "totalOperatingExpense": 15012,
        "totalOtherIncomeExpenseNet": 131
      },
      {
        "costOfGoodsSold": 4814,
        "depreciationAmortization": 834,
        "dilutedAverageSharesOutstanding": 865,
        "dilutedEPS": 2.19,
        "ebit": 2541,
        "grossIncome": 18111,
        "interestExpense": 188,
        "interestIncomeExpense": -188,
        "netIncome": 1895,
        "netIncomeAfterTaxes": 1895,
        "otherOperatingExpensesTotal": 1998,
        "period": "2023-03-31",
        "pretaxIncome": 2522,
        "provisionforIncomeTaxes": 627,
        "revenue": 22925,
        "sgaExpense": 12738,
        "totalOperatingExpense": 15570,
        "totalOtherIncomeExpenseNet": 169
      },
      {
        "costOfGoodsSold": 6066,
        "depreciationAmortization": 888,
        "dilutedAverageSharesOutstanding": 872,
        "dilutedEPS": 3.96,
        "ebit": 3195,
        "grossIncome": 20967,
        "interestExpense": 182,
        "interestIncomeExpense": -182,
        "netIncome": 3453,
        "netIncomeAfterTaxes": 3453,
        "otherOperatingExpensesTotal": 2496,
        "period": "2022-12-31",
        "pretaxIncome": 4467,
        "provisionforIncomeTaxes": 1014,
        "revenue": 27033,
        "sgaExpense": 14388,
        "totalOperatingExpense": 17772,
        "totalOtherIncomeExpenseNet": 1454
      },
      {
        "costOfGoodsSold": 5703,
        "depreciationAmortization": 774,
        "dilutedAverageSharesOutstanding": 870,
        "dilutedEPS": 2.97,
        "ebit": 3113,
        "grossIncome": 18458,
        "interestExpense": 177,
        "interestIncomeExpense": -177,
        "netIncome": 2584,
        "netIncomeAfterTaxes": 2584,
        "otherOperatingExpensesTotal": 1999,
        "period": "2022-09-30",
        "pretaxIncome": 3269,
        "provisionforIncomeTaxes": 685,
        "revenue": 24161,
        "sgaExpense": 12572,
        "totalOperatingExpense": 15345,
        "totalOtherIncomeExpenseNet": 333
      },
      {
        "costOfGoodsSold": 6082,
        "depreciationAmortization": 762,
        "dilutedAverageSharesOutstanding": 876,
        "dilutedEPS": 3.25,
        "ebit": 3535,
        "grossIncome": 18684,
        "interestExpense": 171,
        "interestIncomeExpense": -171,
        "netIncome": 2849,
        "netIncomeAfterTaxes": 2849,
        "otherOperatingExpensesTotal": 1966,
        "period": "2022-06-30",
        "pretaxIncome": 3697,
        "provisionforIncomeTaxes": 848,
        "revenue": 24766,
        "sgaExpense": 12421,
        "totalOperatingExpense": 15149,
        "totalOtherIncomeExpenseNet": 333
      },
      {
        "costOfGoodsSold": 5820,
        "depreciationAmortization": 764,
        "dilutedAverageSharesOutstanding": 879,
        "dilutedEPS": 3.03,
        "ebit": 3251,
        "grossIncome": 18558,
        "interestExpense": 174,
        "interestIncomeExpense": -174,
        "netIncome": 2662,
        "netIncomeAfterTaxes": 2662,
        "otherOperatingExpensesTotal": 1810,
        "period": "2022-03-31",
        "pretaxIncome": 3392,
        "provisionforIncomeTaxes": 730,
        "revenue": 24378,
        "sgaExpense": 12733,
        "totalOperatingExpense": 15307,
        "totalOtherIncomeExpenseNet": 315
      },
      {
        "costOfGoodsSold": 6906,
        "depreciationAmortization": 754,
        "dilutedAverageSharesOutstanding": 878,
        "dilutedEPS": 3.52,
        "ebit": 3880,
        "grossIncome": 20865,
        "interestExpense": 173,
        "interestIncomeExpense": -173,
        "netIncome": 3093,
        "netIncomeAfterTaxes": 3093,
        "nonRecurringItems": 11,
        "otherOperatingExpensesTotal": 2430,
        "period": "2021-12-31",
        "pretaxIncome": 3962,
        "provisionforIncomeTaxes": 869,
        "revenue": 27771,
        "sgaExpense": 13801,
        "totalOperatingExpense": 16985,
        "totalOtherIncomeExpenseNet": 244
      },
      {
        "costOfGoodsSold": 5588,
        "depreciationAmortization": 738,
        "dilutedAverageSharesOutstanding": 875,
        "dilutedEPS": 2.66,
        "ebit": 2896,
        "grossIncome": 17596,
        "interestExpense": 177,
        "interestIncomeExpense": -177,
        "netIncome": 2329,
        "netIncomeAfterTaxes": 2329,
        "otherOperatingExpensesTotal": 1811,
        "period": "2021-09-30",
        "pretaxIncome": 2993,
        "provisionforIncomeTaxes": 664,
        "revenue": 23184,
        "sgaExpense": 12151,
        "totalOperatingExpense": 14700,
        "totalOtherIncomeExpenseNet": 274
      },
      {
        "costOfGoodsSold": 5361,
        "depreciationAmortization": 739,
        "dilutedAverageSharesOutstanding": 878,
        "dilutedEPS": 3.05,
        "ebit": 3223,
        "grossIncome": 18063,
        "interestExpense": 167,
        "interestIncomeExpense": -167,
        "netIncome": 2676,
        "netIncomeAfterTaxes": 2676,
        "nonRecurringItems": 35,
        "otherOperatingExpensesTotal": 1773,
        "period": "2021-06-30",
        "pretaxIncome": 3436,
        "provisionforIncomeTaxes": 760,
        "revenue": 23424,
        "sgaExpense": 12328,
        "totalOperatingExpense": 14840,
        "totalOtherIncomeExpenseNet": 345
      },
      {
        "costOfGoodsSold": 5050,
        "depreciationAmortization": 722,
        "dilutedAverageSharesOutstanding": 876,
        "dilutedEPS": 5.47,
        "ebit": 2765,
        "grossIncome": 17858,
        "interestExpense": 177,
        "interestIncomeExpense": -177,
        "netIncome": 4792,
        "netIncomeAfterTaxes": 4792,
        "otherOperatingExpensesTotal": 1803,
        "period": "2021-03-31",
        "pretaxIncome": 6204,
        "provisionforIncomeTaxes": 1412,
        "revenue": 22908,
        "sgaExpense": 12568,
        "totalOperatingExpense": 15093,
        "totalOtherIncomeExpenseNet": 3616
      },
      {
        "costOfGoodsSold": 5751,
        "depreciationAmortization": 712,
        "dilutedAverageSharesOutstanding": 870,
        "dilutedEPS": -3.85,
        "ebit": 2732,
        "grossIncome": 19145,
        "interestExpense": 175,
        "interestIncomeExpense": -175,
        "netIncome": -3347,
        "netIncomeAfterTaxes": -3347,
        "nonRecurringItems": -695,
        "otherOperatingExpensesTotal": 2081,
        "period": "2020-12-31",
        "pretaxIncome": -4288,
        "provisionforIncomeTaxes": -941,
        "revenue": 24896,
        "sgaExpense": 13620,
        "totalOperatingExpense": 16413,
        "totalOtherIncomeExpenseNet": -6150
      },
      {
        "costOfGoodsSold": 4555,
        "depreciationAmortization": 677,
        "dilutedAverageSharesOutstanding": 872,
        "dilutedEPS": 2.24,
        "ebit": 2377,
        "grossIncome": 16683,
        "interestExpense": 176,
        "interestIncomeExpense": -176,
        "netIncome": 1957,
        "netIncomeAfterTaxes": 1957,
        "nonRecurringItems": -14,
        "otherOperatingExpensesTotal": 1600,
        "period": "2020-09-30",
        "pretaxIncome": 2525,
        "provisionforIncomeTaxes": 568,
        "revenue": 21238,
        "sgaExpense": 12029,
        "totalOperatingExpense": 14306,
        "totalOtherIncomeExpenseNet": 338
      },
      {
        "costOfGoodsSold": 4215,
        "depreciationAmortization": 661,
        "dilutedAverageSharesOutstanding": 869,
        "dilutedEPS": 2.03,
        "ebit": 2278,
        "grossIncome": 16244,
        "interestExpense": 183,
        "interestIncomeExpense": -183,
        "netIncome": 1768,
        "netIncomeAfterTaxes": 1768,
        "nonRecurringItems": -66,
        "otherOperatingExpensesTotal": 1553,
        "period": "2020-06-30",
        "pretaxIncome": 2357,
        "provisionforIncomeTaxes": 589,
        "revenue": 20459,
        "sgaExpense": 11752,
        "totalOperatingExpense": 13966,
        "totalOtherIncomeExpenseNet": 328
      },
      {
        "costOfGoodsSold": 3692,
        "depreciationAmortization": 648,
        "dilutedAverageSharesOutstanding": 869,
        "dilutedEPS": 1.11,
        "ebit": 1072,
        "grossIncome": 14343,
        "interestExpense": 165,
        "interestIncomeExpense": -218,
        "netIncome": 965,
        "netIncomeAfterTaxes": 965,
        "otherOperatingExpensesTotal": 1591,
        "period": "2020-03-31",
        "pretaxIncome": 1250,
        "provisionforIncomeTaxes": 285,
        "revenue": 18035,
        "sgaExpense": 11032,
        "totalOperatingExpense": 13271,
        "totalOtherIncomeExpenseNet": 396
      },
      {
        "costOfGoodsSold": 4478,
        "depreciationAmortization": 630,
        "dilutedAverageSharesOutstanding": 861,
        "dilutedEPS": -0.12,
        "ebit": 2133,
        "grossIncome": 16090,
        "interestExpense": 163,
        "interestIncomeExpense": -108,
        "netIncome": -106,
        "netIncomeAfterTaxes": -106,
        "otherOperatingExpensesTotal": 1826,
        "period": "2019-12-31",
        "pretaxIncome": -198,
        "provisionforIncomeTaxes": -92,
        "revenue": 20568,
        "sgaExpense": 11501,
        "totalOperatingExpense": 13957,
        "totalOtherIncomeExpenseNet": -2223
      },
      {
        "costOfGoodsSold": 3808,
        "depreciationAmortization": 587,
        "dilutedAverageSharesOutstanding": 870,
        "dilutedEPS": 2.01,
        "ebit": 2128,
        "grossIncome": 14510,
        "interestExpense": 157,
        "interestIncomeExpense": -198,
        "netIncome": 1750,
        "netIncomeAfterTaxes": 1750,
        "otherOperatingExpensesTotal": 1374,
        "period": "2019-09-30",
        "pretaxIncome": 2206,
        "provisionforIncomeTaxes": 456,
        "revenue": 18318,
        "sgaExpense": 10421,
        "totalOperatingExpense": 12382,
        "totalOtherIncomeExpenseNet": 276
      },
      {
        "costOfGoodsSold": 3857,
        "depreciationAmortization": 575,
        "dilutedAverageSharesOutstanding": 869,
        "dilutedEPS": 1.94,
        "ebit": 2143,
        "grossIncome": 14191,
        "interestExpense": 157,
        "interestIncomeExpense": -178,
        "netIncome": 1685,
        "netIncomeAfterTaxes": 1685,
        "otherOperatingExpensesTotal": 1379,
        "period": "2019-06-30",
        "pretaxIncome": 2204,
        "provisionforIncomeTaxes": 519,
        "revenue": 18048,
        "sgaExpense": 10094,
        "totalOperatingExpense": 12048,
        "totalOtherIncomeExpenseNet": 239
      },
      {
        "costOfGoodsSold": 3736,
        "depreciationAmortization": 568,
        "dilutedAverageSharesOutstanding": 869,
        "dilutedEPS": 1.28,
        "ebit": 1394,
        "grossIncome": 13424,
        "interestExpense": 167,
        "interestIncomeExpense": -170,
        "netIncome": 1111,
        "netIncomeAfterTaxes": 1111,
        "otherOperatingExpensesTotal": 1340,
        "period": "2019-03-31",
        "pretaxIncome": 1440,
        "provisionforIncomeTaxes": 329,
        "revenue": 17160,
        "sgaExpense": 10122,
        "totalOperatingExpense": 12030,
        "totalOtherIncomeExpenseNet": 216
      },
      {
        "costOfGoodsSold": 4797,
        "depreciationAmortization": 545,
        "dilutedAverageSharesOutstanding": 870,
        "dilutedEPS": 0.52,
        "ebit": 2004,
        "grossIncome": 15051,
        "interestExpense": 146,
        "interestIncomeExpense": -177,
        "netIncome": 453,
        "netIncomeAfterTaxes": 453,
        "otherOperatingExpensesTotal": 1554,
        "period": "2018-12-31",
        "pretaxIncome": 543,
        "provisionforIncomeTaxes": 90,
        "revenue": 19848,
        "sgaExpense": 10948,
        "totalOperatingExpense": 13047,
        "totalOtherIncomeExpenseNet": -1284
      },
      {
        "costOfGoodsSold": 4083,
        "depreciationAmortization": 524,
        "dilutedAverageSharesOutstanding": 870,
        "dilutedEPS": 1.73,
        "ebit": 1727,
        "grossIncome": 13361,
        "interestExpense": 152,
        "interestIncomeExpense": -169,
        "netIncome": 1508,
        "netIncomeAfterTaxes": 1508,
        "otherOperatingExpensesTotal": 1337,
        "period": "2018-09-30",
        "pretaxIncome": 1889,
        "provisionforIncomeTaxes": 381,
        "revenue": 17444,
        "sgaExpense": 9773,
        "totalOperatingExpense": 11634,
        "totalOtherIncomeExpenseNet": 331
      },
      {
        "costOfGoodsSold": 4061,
        "depreciationAmortization": 542,
        "dilutedAverageSharesOutstanding": 870,
        "dilutedEPS": 1.71,
        "ebit": 1773,
        "grossIncome": 13395,
        "interestExpense": 147,
        "interestIncomeExpense": -216,
        "netIncome": 1485,
        "netIncomeAfterTaxes": 1485,
        "otherOperatingExpensesTotal": 1312,
        "period": "2018-06-30",
        "pretaxIncome": 1926,
        "provisionforIncomeTaxes": 441,
        "revenue": 17456,
        "sgaExpense": 9768,
        "totalOperatingExpense": 11622,
        "totalOtherIncomeExpenseNet": 369
      },
      {
        "costOfGoodsSold": 3895,
        "depreciationAmortization": 596,
        "dilutedAverageSharesOutstanding": 870,
        "dilutedEPS": 1.55,
        "ebit": 1520,
        "grossIncome": 13218,
        "interestExpense": 151,
        "interestIncomeExpense": -129,
        "netIncome": 1345,
        "netIncomeAfterTaxes": 1345,
        "otherOperatingExpensesTotal": 1262,
        "period": "2018-03-31",
        "pretaxIncome": 1661,
        "provisionforIncomeTaxes": 316,
        "revenue": 17113,
        "sgaExpense": 9840,
        "totalOperatingExpense": 11698,
        "totalOtherIncomeExpenseNet": 270
      },
      {
        "costOfGoodsSold": 4522,
        "depreciationAmortization": 594,
        "dilutedAverageSharesOutstanding": 872,
        "dilutedEPS": 1.25,
        "ebit": 2063,
        "grossIncome": 14453,
        "interestExpense": 126,
        "interestIncomeExpense": -71,
        "netIncome": 1096,
        "netIncomeAfterTaxes": 838,
        "otherOperatingExpensesTotal": 1521,
        "period": "2017-12-31",
        "pretaxIncome": 1371,
        "provisionforIncomeTaxes": 533,
        "revenue": 18975,
        "sgaExpense": 10275,
        "totalOperatingExpense": 12390,
        "totalOtherIncomeExpenseNet": -621
      },
      {
        "costOfGoodsSold": 3468,
        "depreciationAmortization": 572,
        "dilutedAverageSharesOutstanding": 874,
        "dilutedEPS": 1.44,
        "ebit": 1812,
        "grossIncome": 12705,
        "interestExpense": 109,
        "interestIncomeExpense": -142,
        "netIncome": 1259,
        "netIncomeAfterTaxes": 1259,
        "otherOperatingExpensesTotal": 1203,
        "period": "2017-09-30",
        "pretaxIncome": 1937,
        "provisionforIncomeTaxes": 678,
        "revenue": 16173,
        "sgaExpense": 9118,
        "totalOperatingExpense": 10893,
        "totalOtherIncomeExpenseNet": 267
      },
      {
        "costOfGoodsSold": 3230,
        "depreciationAmortization": 562,
        "dilutedAverageSharesOutstanding": 876,
        "dilutedEPS": 1.58,
        "ebit": 2037,
        "grossIncome": 12697,
        "interestExpense": 109,
        "interestIncomeExpense": -115,
        "netIncome": 1384,
        "netIncomeAfterTaxes": 1384,
        "otherOperatingExpensesTotal": 1158,
        "period": "2017-06-30",
        "pretaxIncome": 2119,
        "provisionforIncomeTaxes": 735,
        "revenue": 15927,
        "sgaExpense": 8940,
        "totalOperatingExpense": 10660,
        "totalOtherIncomeExpenseNet": 197
      },
      {
        "costOfGoodsSold": 3166,
        "depreciationAmortization": 554,
        "dilutedAverageSharesOutstanding": 879,
        "dilutedEPS": 1.33,
        "ebit": 1617,
        "grossIncome": 12344,
        "interestExpense": 100,
        "interestIncomeExpense": -70,
        "netIncome": 1166,
        "netIncomeAfterTaxes": 1166,
        "otherOperatingExpensesTotal": 1173,
        "period": "2017-03-31",
        "pretaxIncome": 1710,
        "provisionforIncomeTaxes": 544,
        "revenue": 15510,
        "sgaExpense": 9000,
        "totalOperatingExpense": 10727,
        "totalOtherIncomeExpenseNet": 163
      },
      {
        "costOfGoodsSold": 3461,
        "depreciationAmortization": 563,
        "dilutedAverageSharesOutstanding": 877,
        "dilutedEPS": -0.27,
        "ebit": -428,
        "grossIncome": 13470,
        "interestExpense": 98,
        "interestIncomeExpense": -285,
        "netIncome": -239,
        "netIncomeAfterTaxes": -239,
        "otherOperatingExpensesTotal": 1350,
        "period": "2016-12-31",
        "pretaxIncome": -516,
        "provisionforIncomeTaxes": -277,
        "revenue": 16931,
        "sgaExpense": 11985,
        "totalOperatingExpense": 13898,
        "totalOtherIncomeExpenseNet": 197
      },
      {
        "costOfGoodsSold": 2753,
        "depreciationAmortization": 554,
        "dilutedAverageSharesOutstanding": 885,
        "dilutedEPS": 1.44,
        "ebit": 2034,
        "grossIncome": 12175,
        "interestExpense": 92,
        "interestIncomeExpense": -133,
        "netIncome": 1270,
        "netIncomeAfterTaxes": 1270,
        "otherOperatingExpensesTotal": 1096,
        "period": "2016-09-30",
        "pretaxIncome": 1953,
        "provisionforIncomeTaxes": 683,
        "revenue": 14928,
        "sgaExpense": 8491,
        "totalOperatingExpense": 10141,
        "totalOtherIncomeExpenseNet": 52
      },
      {
        "costOfGoodsSold": 2575,
        "depreciationAmortization": 555,
        "dilutedAverageSharesOutstanding": 890,
        "dilutedEPS": 1.43,
        "ebit": 2038,
        "grossIncome": 12054,
        "interestExpense": 92,
        "interestIncomeExpense": -134,
        "netIncome": 1269,
        "netIncomeAfterTaxes": 1269,
        "otherOperatingExpensesTotal": 1095,
        "period": "2016-06-30",
        "pretaxIncome": 1952,
        "provisionforIncomeTaxes": 683,
        "revenue": 14629,
        "sgaExpense": 8366,
        "totalOperatingExpense": 10016,
        "totalOtherIncomeExpenseNet": 48
      },
      {
        "costOfGoodsSold": 2458,
        "depreciationAmortization": 552,
        "dilutedAverageSharesOutstanding": 894,
        "dilutedEPS": 1.27,
        "ebit": 1823,
        "grossIncome": 11960,
        "interestExpense": 91,
        "interestIncomeExpense": 21,
        "netIncome": 1131,
        "netIncomeAfterTaxes": 1131,
        "otherOperatingExpensesTotal": 1082,
        "period": "2016-03-31",
        "pretaxIncome": 1747,
        "provisionforIncomeTaxes": 616,
        "revenue": 14418,
        "sgaExpense": 8503,
        "totalOperatingExpense": 10137,
        "totalOtherIncomeExpenseNet": -97
      },
      {
        "costOfGoodsSold": 3068,
        "depreciationAmortization": 541,
        "dilutedAverageSharesOutstanding": 901,
        "dilutedEPS": 1.48,
        "ebit": 2011,
        "grossIncome": 12986,
        "interestExpense": 63,
        "interestIncomeExpense": -8,
        "netIncome": 1331,
        "netIncomeAfterTaxes": 1331,
        "otherOperatingExpensesTotal": 1342,
        "period": "2015-12-31",
        "pretaxIncome": 1969,
        "provisionforIncomeTaxes": 638,
        "revenue": 16054,
        "sgaExpense": 9092,
        "totalOperatingExpense": 10975,
        "totalOtherIncomeExpenseNet": -34
      },
      {
        "costOfGoodsSold": 2543,
        "depreciationAmortization": 527,
        "dilutedAverageSharesOutstanding": 903,
        "dilutedEPS": 1.39,
        "ebit": 1986,
        "grossIncome": 11694,
        "interestExpense": 51,
        "interestIncomeExpense": -115,
        "netIncome": 1257,
        "netIncomeAfterTaxes": 1257,
        "otherOperatingExpensesTotal": 1120,
        "period": "2015-09-30",
        "pretaxIncome": 1905,
        "provisionforIncomeTaxes": 648,
        "revenue": 14237,
        "sgaExpense": 8061,
        "totalOperatingExpense": 9708,
        "totalOtherIncomeExpenseNet": 34
      }
    ],
    "symbol": "UPS"
  }
}