{
  "symbol": "REG",
  "statement": "ic",
  "frequency": "quarterly",
  "timestamp": "2025-09-19T14:06:07.765274",
  "data": {
    "financials": [
      {
        "costOfGoodsSold": 108.259,
        "depreciationAmortization": 99.535,
        "dilutedAverageSharesOutstanding": 181.955,
        "dilutedEPS": 0.5639,
        "ebit": 145.63,
        "gainLossOnDispositionOfAssets": -0.294,
        "grossIncome": 272.589,
        "interestExpense": 51.394,
        "interestIncomeExpense": -35.725,
        "minorityInterest": -2.328,
        "netIncome": 102.608,
        "netIncomeAfterTaxes": 108.349,
        "nonRecurringItems": -1.262,
        "otherOperatingExpensesTotal": 1.944,
        "period": "2025-06-30",
        "pretaxIncome": 108.349,
        "revenue": 380.848,
        "sgaExpense": 25.48,
        "totalOperatingExpense": 126.959
      },
      {
        "costOfGoodsSold": 114.819,
        "depreciationAmortization": 96.774,
        "dilutedAverageSharesOutstanding": 181.813,
        "dilutedEPS": 0.584,
        "ebit": 146.031,
        "gainLossOnDispositionOfAssets": 0.101,
        "grossIncome": 266.093,
        "interestExpense": 49.131,
        "interestIncomeExpense": -34.279,
        "minorityInterest": -2.266,
        "netIncome": 106.174,
        "netIncomeAfterTaxes": 111.853,
        "nonRecurringItems": 0,
        "otherOperatingExpensesTotal": 1.688,
        "period": "2025-03-31",
        "pretaxIncome": 111.853,
        "revenue": 380.912,
        "sgaExpense": 21.6,
        "totalOperatingExpense": 120.062
      },
      {
        "costOfGoodsSold": 114.296,
        "depreciationAmortization": 95.206,
        "dilutedAverageSharesOutstanding": 181.816,
        "dilutedEPS": 0.4569,
        "ebit": 135.508,
        "gainLossOnDispositionOfAssets": 0.318,
        "grossIncome": 258.24,
        "interestExpense": 48.223,
        "interestIncomeExpense": -32.845,
        "minorityInterest": -2.2,
        "netIncome": 83.066,
        "netIncomeAfterTaxes": 88.677,
        "nonRecurringItems": -14.304,
        "otherOperatingExpensesTotal": 1.504,
        "period": "2024-12-31",
        "pretaxIncome": 88.677,
        "revenue": 372.536,
        "sgaExpense": 26.022,
        "totalOperatingExpense": 122.732
      },
      {
        "costOfGoodsSold": 106.206,
        "depreciationAmortization": 100.955,
        "dilutedAverageSharesOutstanding": 181.772,
        "dilutedEPS": 0.5395,
        "ebit": 124.378,
        "gainLossOnDispositionOfAssets": 11.36,
        "grossIncome": 254.06,
        "interestExpense": 48.369,
        "interestIncomeExpense": -32.162,
        "minorityInterest": -2.107,
        "netIncome": 98.056,
        "netIncomeAfterTaxes": 103.576,
        "nonRecurringItems": 0,
        "otherOperatingExpensesTotal": 3.654,
        "period": "2024-09-30",
        "pretaxIncome": 103.576,
        "revenue": 360.266,
        "sgaExpense": 25.073,
        "totalOperatingExpense": 129.682
      },
      {
        "costOfGoodsSold": 104.969,
        "depreciationAmortization": 100.968,
        "dilutedAverageSharesOutstanding": 183.868,
        "dilutedEPS": 0.5398,
        "ebit": 124.009,
        "gainLossOnDispositionOfAssets": 11.081,
        "grossIncome": 252.281,
        "interestExpense": 47.048,
        "interestIncomeExpense": -30.161,
        "minorityInterest": -2.261,
        "netIncome": 99.255,
        "netIncomeAfterTaxes": 104.929,
        "nonRecurringItems": 0,
        "otherOperatingExpensesTotal": 3.066,
        "period": "2024-06-30",
        "pretaxIncome": 104.929,
        "revenue": 357.25,
        "sgaExpense": 24.238,
        "totalOperatingExpense": 128.272
      },
      {
        "costOfGoodsSold": 107.581,
        "depreciationAmortization": 97.585,
        "dilutedAverageSharesOutstanding": 184.77,
        "dilutedEPS": 0.5756,
        "ebit": 129.911,
        "gainLossOnDispositionOfAssets": 11.403,
        "grossIncome": 256.271,
        "interestExpense": 45.384,
        "interestIncomeExpense": -28.476,
        "minorityInterest": -2.884,
        "netIncome": 106.361,
        "netIncomeAfterTaxes": 112.658,
        "nonRecurringItems": -0.18,
        "otherOperatingExpensesTotal": 2.643,
        "period": "2024-03-31",
        "pretaxIncome": 112.658,
        "revenue": 363.852,
        "sgaExpense": 26.132,
        "totalOperatingExpense": 126.36
      },
      {
        "costOfGoodsSold": 112.969,
        "depreciationAmortization": 98.909,
        "dilutedAverageSharesOutstanding": 184.704,
        "dilutedEPS": 0.4676,
        "ebit": 116.427,
        "gainLossOnDispositionOfAssets": 0.146,
        "grossIncome": 246.635,
        "interestExpense": 42.812,
        "interestIncomeExpense": -24.638,
        "minorityInterest": -2.26,
        "netIncome": 86.361,
        "netIncomeAfterTaxes": 92.034,
        "nonRecurringItems": 0.099,
        "otherOperatingExpensesTotal": 4.741,
        "period": "2023-12-31",
        "pretaxIncome": 92.034,
        "revenue": 359.604,
        "sgaExpense": 26.558,
        "totalOperatingExpense": 130.208
      },
      {
        "costOfGoodsSold": 99.398,
        "depreciationAmortization": 87.505,
        "dilutedAverageSharesOutstanding": 178.231,
        "dilutedEPS": 0.4998,
        "ebit": 119.299,
        "gainLossOnDispositionOfAssets": 0.184,
        "grossIncome": 231.24,
        "interestExpense": 39.082,
        "interestIncomeExpense": -27.31,
        "minorityInterest": -1.453,
        "netIncome": 89.076,
        "netIncomeAfterTaxes": 92.173,
        "otherOperatingExpensesTotal": 3.533,
        "period": "2023-09-30",
        "pretaxIncome": 92.173,
        "revenue": 330.638,
        "sgaExpense": 20.903,
        "totalOperatingExpense": 111.941
      },
      {
        "costOfGoodsSold": 92.903,
        "depreciationAmortization": 83.161,
        "dilutedAverageSharesOutstanding": 171.275,
        "dilutedEPS": 0.5067,
        "ebit": 111.436,
        "gainLossOnDispositionOfAssets": 0.081,
        "grossIncome": 221.344,
        "interestExpense": 37.235,
        "interestIncomeExpense": -23.345,
        "minorityInterest": -1.39,
        "netIncome": 86.782,
        "netIncomeAfterTaxes": 88.172,
        "otherOperatingExpensesTotal": 1.682,
        "period": "2023-06-30",
        "pretaxIncome": 88.172,
        "revenue": 314.247,
        "sgaExpense": 25.065,
        "totalOperatingExpense": 109.908
      },
      {
        "costOfGoodsSold": 89.499,
        "depreciationAmortization": 82.707,
        "dilutedAverageSharesOutstanding": 171.494,
        "dilutedEPS": 0.5673,
        "ebit": 120.988,
        "gainLossOnDispositionOfAssets": 0.25,
        "grossIncome": 228.478,
        "interestExpense": 36.646,
        "interestIncomeExpense": -22.75,
        "minorityInterest": -1.207,
        "netIncome": 97.281,
        "netIncomeAfterTaxes": 98.488,
        "otherOperatingExpensesTotal": -0.497,
        "period": "2023-03-31",
        "pretaxIncome": 98.488,
        "revenue": 317.977,
        "sgaExpense": 25.28,
        "totalOperatingExpense": 107.49
      },
      {
        "costOfGoodsSold": 90.66,
        "depreciationAmortization": 82.235,
        "dilutedAverageSharesOutstanding": 171.554,
        "dilutedEPS": 0.5553,
        "ebit": 116.002,
        "gainLossOnDispositionOfAssets": 2.546,
        "grossIncome": 223.857,
        "interestExpense": 36.633,
        "interestIncomeExpense": -22.163,
        "minorityInterest": -1.122,
        "netIncome": 95.263,
        "netIncomeAfterTaxes": 96.385,
        "nonRecurringItems": 0,
        "otherOperatingExpensesTotal": 2.427,
        "period": "2022-12-31",
        "pretaxIncome": 96.385,
        "revenue": 314.517,
        "sgaExpense": 23.193,
        "totalOperatingExpense": 107.855
      },
      {
        "costOfGoodsSold": 87.503,
        "depreciationAmortization": 80.27,
        "dilutedAverageSharesOutstanding": 171.525,
        "dilutedEPS": 0.5106,
        "ebit": 114.994,
        "gainLossOnDispositionOfAssets": 0.22,
        "grossIncome": 216.486,
        "interestExpense": 36.54,
        "interestIncomeExpense": -26.367,
        "minorityInterest": -1.269,
        "netIncome": 87.578,
        "netIncomeAfterTaxes": 88.847,
        "nonRecurringItems": 0,
        "otherOperatingExpensesTotal": 0.949,
        "period": "2022-09-30",
        "pretaxIncome": 88.847,
        "revenue": 303.989,
        "sgaExpense": 20.273,
        "totalOperatingExpense": 101.492
      },
      {
        "costOfGoodsSold": 84.45,
        "depreciationAmortization": 79.35,
        "dilutedAverageSharesOutstanding": 172.424,
        "dilutedEPS": 0.6078,
        "ebit": 120.021,
        "gainLossOnDispositionOfAssets": 4.291,
        "grossIncome": 217.633,
        "interestExpense": 36.75,
        "interestIncomeExpense": -18.325,
        "minorityInterest": -1.191,
        "netIncome": 104.796,
        "netIncomeAfterTaxes": 105.987,
        "nonRecurringItems": 0,
        "otherOperatingExpensesTotal": 0.617,
        "period": "2022-06-30",
        "pretaxIncome": 105.987,
        "revenue": 302.083,
        "sgaExpense": 17.645,
        "totalOperatingExpense": 97.612
      },
      {
        "costOfGoodsSold": 83.33,
        "depreciationAmortization": 77.842,
        "dilutedAverageSharesOutstanding": 171.671,
        "dilutedEPS": 1.1372,
        "ebit": 121.296,
        "gainLossOnDispositionOfAssets": 101.948,
        "grossIncome": 220.103,
        "interestExpense": 36.772,
        "interestIncomeExpense": -26.428,
        "minorityInterest": -1.588,
        "netIncome": 195.228,
        "netIncomeAfterTaxes": 196.816,
        "otherOperatingExpensesTotal": 2.173,
        "period": "2022-03-31",
        "pretaxIncome": 196.816,
        "revenue": 303.433,
        "sgaExpense": 18.792,
        "totalOperatingExpense": 98.807
      },
      {
        "costOfGoodsSold": 83.674,
        "depreciationAmortization": 76.396,
        "dilutedAverageSharesOutstanding": 171.834,
        "dilutedEPS": 0.3949,
        "ebit": 113.835,
        "gainLossOnDispositionOfAssets": 52.921,
        "grossIncome": 213.25,
        "interestExpense": 36.48,
        "interestIncomeExpense": -13.499,
        "minorityInterest": -1.124,
        "netIncome": 67.859,
        "netIncomeAfterTaxes": 68.983,
        "nonRecurringItems": -84.274,
        "otherOperatingExpensesTotal": 3.064,
        "period": "2021-12-31",
        "pretaxIncome": 68.983,
        "revenue": 296.924,
        "sgaExpense": 19.955,
        "totalOperatingExpense": 99.415
      },
      {
        "costOfGoodsSold": 79.247,
        "depreciationAmortization": 75.459,
        "dilutedAverageSharesOutstanding": 170.589,
        "dilutedEPS": 0.6882,
        "ebit": 134.068,
        "gainLossOnDispositionOfAssets": 6.719,
        "grossIncome": 228.128,
        "interestExpense": 36.039,
        "interestIncomeExpense": -21.959,
        "minorityInterest": -1.442,
        "netIncome": 117.406,
        "netIncomeAfterTaxes": 118.848,
        "nonRecurringItems": 0.02,
        "otherOperatingExpensesTotal": 0.812,
        "period": "2021-09-30",
        "pretaxIncome": 118.848,
        "revenue": 307.375,
        "sgaExpense": 17.789,
        "totalOperatingExpense": 94.06
      },
      {
        "costOfGoodsSold": 82.013,
        "depreciationAmortization": 74.217,
        "dilutedAverageSharesOutstanding": 170.172,
        "dilutedEPS": 0.5611,
        "ebit": 110.565,
        "gainLossOnDispositionOfAssets": 19.781,
        "grossIncome": 205.146,
        "interestExpense": 35.853,
        "interestIncomeExpense": -33.379,
        "minorityInterest": -1.342,
        "netIncome": 95.49,
        "netIncomeAfterTaxes": 96.832,
        "nonRecurringItems": -0.135,
        "otherOperatingExpensesTotal": 1.177,
        "period": "2021-06-30",
        "pretaxIncome": 96.832,
        "revenue": 287.159,
        "sgaExpense": 19.187,
        "totalOperatingExpense": 94.581
      },
      {
        "costOfGoodsSold": 81.7,
        "depreciationAmortization": 77.3,
        "dilutedAverageSharesOutstanding": 171.6,
        "dilutedEPS": 0.47,
        "ebit": 93.7,
        "gainLossOnDispositionOfAssets": 11.7,
        "grossIncome": 193,
        "interestExpense": 36.985,
        "interestIncomeExpense": -23.8,
        "minorityInterest": -1,
        "netIncome": 80.7,
        "netIncomeAfterTaxes": 81.6,
        "nonRecurringItems": 0,
        "otherOperatingExpensesTotal": 0.7,
        "period": "2021-03-31",
        "pretaxIncome": 81.6,
        "revenue": 274.7,
        "sgaExpense": 21.3,
        "totalOperatingExpense": 99.3
      },
      {
        "costOfGoodsSold": 80.7,
        "depreciationAmortization": 86.7,
        "dilutedAverageSharesOutstanding": 169.8,
        "dilutedEPS": 0.23,
        "ebit": 62.9,
        "gainLossOnDispositionOfAssets": 18.8,
        "grossIncome": 177.7,
        "interestExpense": 38.191,
        "interestIncomeExpense": -22.4,
        "minorityInterest": -0.7,
        "netIncome": 38.5,
        "netIncomeAfterTaxes": 39.2,
        "nonRecurringItems": -20,
        "otherOperatingExpensesTotal": 7.6,
        "period": "2020-12-31",
        "pretaxIncome": 39.2,
        "revenue": 258.5,
        "sgaExpense": 20.5,
        "totalOperatingExpense": 114.9
      },
      {
        "costOfGoodsSold": 77.3,
        "depreciationAmortization": 84.8,
        "dilutedAverageSharesOutstanding": 170,
        "dilutedEPS": 0.07,
        "ebit": 60.1,
        "gainLossOnDispositionOfAssets": 3.2,
        "grossIncome": 165.7,
        "interestExpense": 40.026,
        "interestIncomeExpense": -30.6,
        "minorityInterest": -0.6,
        "netIncome": 12.7,
        "netIncomeAfterTaxes": 13.3,
        "nonRecurringItems": -19.4,
        "otherOperatingExpensesTotal": 1.2,
        "period": "2020-09-30",
        "pretaxIncome": 13.3,
        "revenue": 242.9,
        "sgaExpense": 19.6,
        "totalOperatingExpense": 105.5
      },
      {
        "costOfGoodsSold": 76.8,
        "depreciationAmortization": 85.1,
        "dilutedAverageSharesOutstanding": 170,
        "dilutedEPS": 0.11,
        "ebit": 45.5,
        "gainLossOnDispositionOfAssets": 7.4,
        "grossIncome": 154.3,
        "interestExpense": 39.404,
        "interestIncomeExpense": -33.2,
        "minorityInterest": -0.5,
        "netIncome": 19,
        "netIncomeAfterTaxes": 19.6,
        "nonRecurringItems": -0.2,
        "otherOperatingExpensesTotal": 2.5,
        "period": "2020-06-30",
        "pretaxIncome": 19.6,
        "revenue": 231.1,
        "sgaExpense": 21.2,
        "totalOperatingExpense": 108.8
      },
      {
        "costOfGoodsSold": 78.3,
        "depreciationAmortization": 89.3,
        "dilutedAverageSharesOutstanding": 167.9,
        "dilutedEPS": -0.15,
        "ebit": 101.1,
        "gainLossOnDispositionOfAssets": 38,
        "grossIncome": 205.4,
        "interestExpense": 36.328,
        "interestIncomeExpense": -30.9,
        "minorityInterest": -0.5,
        "netIncome": -25.3,
        "netIncomeAfterTaxes": -24.8,
        "nonRecurringItems": -132.9,
        "otherOperatingExpensesTotal": 1.3,
        "period": "2020-03-31",
        "pretaxIncome": -24.8,
        "revenue": 283.7,
        "sgaExpense": 13.7,
        "totalOperatingExpense": 104.3
      },
      {
        "costOfGoodsSold": 79.8,
        "depreciationAmortization": 91.6,
        "dilutedAverageSharesOutstanding": 167.6,
        "dilutedEPS": 0.24,
        "ebit": 95.7,
        "gainLossOnDispositionOfAssets": 6.4,
        "grossIncome": 208.9,
        "interestExpense": 36.637,
        "interestIncomeExpense": -18.9,
        "minorityInterest": -0.8,
        "netIncome": 40.3,
        "netIncomeAfterTaxes": 41.1,
        "nonRecurringItems": -42.1,
        "otherOperatingExpensesTotal": 3.3,
        "period": "2019-12-31",
        "pretaxIncome": 41.1,
        "provisionforIncomeTaxes": 0,
        "revenue": 288.7,
        "sgaExpense": 18.3,
        "totalOperatingExpense": 113.2
      },
      {
        "costOfGoodsSold": 75.3,
        "depreciationAmortization": 91.9,
        "dilutedAverageSharesOutstanding": 167.9,
        "dilutedEPS": 0.34,
        "ebit": 96.6,
        "gainLossOnDispositionOfAssets": 0.9,
        "grossIncome": 207,
        "interestExpense": 36.823,
        "interestIncomeExpense": -38.2,
        "minorityInterest": -1,
        "netIncome": 57,
        "netIncomeAfterTaxes": 57.9,
        "nonRecurringItems": -1.4,
        "otherOperatingExpensesTotal": 1.8,
        "period": "2019-09-30",
        "pretaxIncome": 57.9,
        "revenue": 282.3,
        "sgaExpense": 16.7,
        "totalOperatingExpense": 110.4
      },
      {
        "costOfGoodsSold": 76.3,
        "depreciationAmortization": 93.6,
        "dilutedAverageSharesOutstanding": 168,
        "dilutedEPS": 0.31,
        "ebit": 85.7,
        "gainLossOnDispositionOfAssets": 0.4,
        "grossIncome": 199.6,
        "interestExpense": 35.268,
        "interestIncomeExpense": -23.1,
        "minorityInterest": -1,
        "netIncome": 51.7,
        "netIncomeAfterTaxes": 52.7,
        "nonRecurringItems": -10.4,
        "otherOperatingExpensesTotal": 1.5,
        "period": "2019-06-30",
        "pretaxIncome": 52.7,
        "revenue": 275.9,
        "sgaExpense": 18.7,
        "totalOperatingExpense": 113.8
      },
      {
        "costOfGoodsSold": 74.8,
        "depreciationAmortization": 97.2,
        "dilutedAverageSharesOutstanding": 167.7,
        "dilutedEPS": 0.54,
        "ebit": 91.9,
        "gainLossOnDispositionOfAssets": 16.5,
        "grossIncome": 211.5,
        "interestExpense": 36.041,
        "interestIncomeExpense": -4.6,
        "minorityInterest": -1,
        "netIncome": 90.4,
        "netIncomeAfterTaxes": 91.5,
        "nonRecurringItems": -12.3,
        "otherOperatingExpensesTotal": 1.1,
        "period": "2019-03-31",
        "pretaxIncome": 91.5,
        "revenue": 286.3,
        "sgaExpense": 21.3,
        "totalOperatingExpense": 119.6
      },
      {
        "costOfGoodsSold": 83.9,
        "depreciationAmortization": 92.9,
        "dilutedAverageSharesOutstanding": 169.9,
        "dilutedEPS": 0.46,
        "ebit": 91,
        "gainLossOnDispositionOfAssets": 23.9,
        "grossIncome": 200.7,
        "interestExpense": 35.095,
        "interestIncomeExpense": -26.2,
        "minorityInterest": -0.8,
        "netIncome": 78.9,
        "netIncomeAfterTaxes": 79.7,
        "nonRecurringItems": -9,
        "otherOperatingExpensesTotal": 3.3,
        "period": "2018-12-31",
        "pretaxIncome": 79.7,
        "provisionforIncomeTaxes": 0,
        "revenue": 284.6,
        "sgaExpense": 13.5,
        "totalOperatingExpense": 109.6
      },
      {
        "costOfGoodsSold": 75.7,
        "depreciationAmortization": 89.2,
        "dilutedAverageSharesOutstanding": 169.8,
        "dilutedEPS": 0.41,
        "ebit": 93.9,
        "gainLossOnDispositionOfAssets": 3.2,
        "grossIncome": 202.6,
        "interestExpense": 34.974,
        "interestIncomeExpense": -25.7,
        "minorityInterest": -0.8,
        "netIncome": 69.7,
        "netIncomeAfterTaxes": 70.5,
        "nonRecurringItems": -0.9,
        "otherOperatingExpensesTotal": 2,
        "period": "2018-09-30",
        "pretaxIncome": 70.5,
        "revenue": 278.3,
        "sgaExpense": 17.6,
        "totalOperatingExpense": 108.7
      },
      {
        "costOfGoodsSold": 73.4,
        "depreciationAmortization": 89.1,
        "dilutedAverageSharesOutstanding": 169.7,
        "dilutedEPS": 0.28,
        "ebit": 99.3,
        "gainLossOnDispositionOfAssets": 1.1,
        "grossIncome": 208,
        "interestExpense": 36.132,
        "interestIncomeExpense": -28.3,
        "minorityInterest": -0.7,
        "netIncome": 47.8,
        "netIncomeAfterTaxes": 48.6,
        "nonRecurringItems": -23.5,
        "otherOperatingExpensesTotal": 2.8,
        "period": "2018-06-30",
        "pretaxIncome": 48.6,
        "revenue": 281.4,
        "sgaExpense": 16.8,
        "totalOperatingExpense": 108.7
      },
      {
        "costOfGoodsSold": 72.9,
        "depreciationAmortization": 88.5,
        "dilutedAverageSharesOutstanding": 171,
        "dilutedEPS": 0.31,
        "ebit": 96,
        "gainLossOnDispositionOfAssets": 0.1,
        "grossIncome": 203.8,
        "interestExpense": 35.077,
        "interestIncomeExpense": -26.4,
        "minorityInterest": -0.8,
        "netIncome": 52.7,
        "netIncomeAfterTaxes": 53.5,
        "nonRecurringItems": -16.2,
        "otherOperatingExpensesTotal": 1.6,
        "period": "2018-03-31",
        "pretaxIncome": 53.5,
        "provisionforIncomeTaxes": 0,
        "revenue": 276.7,
        "sgaExpense": 17.6,
        "totalOperatingExpense": 107.8
      },
      {
        "costOfGoodsSold": 70.2,
        "depreciationAmortization": 90.4,
        "dilutedAverageSharesOutstanding": 171.3,
        "dilutedEPS": 0.49,
        "ebit": 78.5,
        "grossIncome": 194.6,
        "interestExpense": 33.6,
        "interestIncomeExpense": -24.8,
        "minorityInterest": -0.8,
        "netIncome": 85.1,
        "netIncomeAfterTaxes": 53.7,
        "nonRecurringItems": 0,
        "otherOperatingExpensesTotal": 7.6,
        "period": "2017-12-31",
        "pretaxIncome": 53.7,
        "provisionforIncomeTaxes": 0,
        "revenue": 264.8,
        "sgaExpense": 18,
        "totalOperatingExpense": 116.1
      },
      {
        "costOfGoodsSold": 67.3,
        "depreciationAmortization": 91.5,
        "dilutedAverageSharesOutstanding": 170.5,
        "dilutedEPS": 0.35,
        "ebit": 84.9,
        "grossIncome": 194.8,
        "interestExpense": 33.063,
        "interestIncomeExpense": -21.5,
        "minorityInterest": -0.8,
        "netIncome": 59.7,
        "netIncomeAfterTaxes": 63.5,
        "nonRecurringItems": 0,
        "otherOperatingExpensesTotal": 3.2,
        "period": "2017-09-30",
        "pretaxIncome": 63.5,
        "revenue": 262.1,
        "sgaExpense": 15.2,
        "totalOperatingExpense": 109.9
      },
      {
        "costOfGoodsSold": 65,
        "depreciationAmortization": 92.2,
        "dilutedAverageSharesOutstanding": 170.4,
        "dilutedEPS": 0.28,
        "ebit": 80.5,
        "grossIncome": 196.3,
        "interestExpense": 33.582,
        "interestIncomeExpense": -22.3,
        "minorityInterest": -0.7,
        "netIncome": 48.4,
        "netIncomeAfterTaxes": 45.8,
        "nonRecurringItems": -12.4,
        "otherOperatingExpensesTotal": 6.9,
        "period": "2017-06-30",
        "pretaxIncome": 45.8,
        "revenue": 261.3,
        "sgaExpense": 16.7,
        "totalOperatingExpense": 115.8
      },
      {
        "costOfGoodsSold": 51.2,
        "depreciationAmortization": 60.1,
        "dilutedAverageSharesOutstanding": 159.3,
        "dilutedEPS": -0.21,
        "ebit": -4.4,
        "grossIncome": 144.9,
        "interestExpense": 25.787,
        "interestIncomeExpense": -16.8,
        "minorityInterest": -0.7,
        "netIncome": -33.2,
        "netIncomeAfterTaxes": -21.1,
        "nonRecurringItems": 0,
        "otherOperatingExpensesTotal": 71.6,
        "period": "2017-03-31",
        "pretaxIncome": -21.1,
        "revenue": 196.1,
        "sgaExpense": 17.7,
        "totalOperatingExpense": 149.3
      },
      {
        "costOfGoodsSold": 42,
        "depreciationAmortization": 42.6,
        "dilutedAverageSharesOutstanding": 104.8,
        "dilutedEPS": 0.53,
        "ebit": 50.1,
        "grossIncome": 117.6,
        "interestExpense": 18.378,
        "interestIncomeExpense": -9.9,
        "minorityInterest": -0.5,
        "netIncome": 55.9,
        "netIncomeAfterTaxes": 37.3,
        "nonRecurringItems": -2.8,
        "otherOperatingExpensesTotal": 8.3,
        "period": "2016-12-31",
        "pretaxIncome": 37.3,
        "provisionforIncomeTaxes": 0,
        "revenue": 159.6,
        "sgaExpense": 16.6,
        "totalOperatingExpense": 67.5
      },
      {
        "costOfGoodsSold": 40.4,
        "depreciationAmortization": 40.7,
        "dilutedAverageSharesOutstanding": 104.3,
        "dilutedEPS": 0.05,
        "ebit": 54.5,
        "grossIncome": 112.3,
        "interestExpense": 20.527,
        "interestIncomeExpense": -39.1,
        "minorityInterest": -0.5,
        "netIncome": 5.3,
        "netIncomeAfterTaxes": 1.5,
        "nonRecurringItems": -13.9,
        "otherOperatingExpensesTotal": 1,
        "period": "2016-09-30",
        "pretaxIncome": 1.5,
        "revenue": 152.8,
        "sgaExpense": 16,
        "totalOperatingExpense": 57.9
      },
      {
        "costOfGoodsSold": 40.5,
        "depreciationAmortization": 40.3,
        "dilutedAverageSharesOutstanding": 98.2,
        "dilutedEPS": 0.35,
        "ebit": 52.8,
        "grossIncome": 111.9,
        "interestExpense": 22.383,
        "interestIncomeExpense": -12.7,
        "minorityInterest": -0.6,
        "netIncome": 34.8,
        "netIncomeAfterTaxes": 40.1,
        "nonRecurringItems": 0,
        "otherOperatingExpensesTotal": 2.4,
        "period": "2016-06-30",
        "pretaxIncome": 40.1,
        "revenue": 152.4,
        "sgaExpense": 16.4,
        "totalOperatingExpense": 59.1
      },
      {
        "costOfGoodsSold": 38.6,
        "depreciationAmortization": 38.7,
        "dilutedAverageSharesOutstanding": 97.9,
        "dilutedEPS": 0.49,
        "ebit": 53.8,
        "grossIncome": 111.1,
        "interestExpense": 22.195,
        "interestIncomeExpense": -11.4,
        "minorityInterest": -0.4,
        "netIncome": 47.9,
        "netIncomeAfterTaxes": 40.7,
        "nonRecurringItems": -1.7,
        "otherOperatingExpensesTotal": 2.3,
        "period": "2016-03-31",
        "pretaxIncome": 40.7,
        "revenue": 149.6,
        "sgaExpense": 16.3,
        "totalOperatingExpense": 57.2
      },
      {
        "costOfGoodsSold": 36.9,
        "depreciationAmortization": 37.6,
        "dilutedAverageSharesOutstanding": 97.8,
        "dilutedEPS": 0.18,
        "ebit": 49.3,
        "grossIncome": 109.3,
        "interestExpense": 22.749,
        "interestIncomeExpense": -18.9,
        "minorityInterest": -0.7,
        "netIncome": 17.6,
        "netIncomeAfterTaxes": 22.1,
        "nonRecurringItems": -8.3,
        "otherOperatingExpensesTotal": 3,
        "period": "2015-12-31",
        "pretaxIncome": 22.1,
        "provisionforIncomeTaxes": 0,
        "revenue": 146.2,
        "sgaExpense": 19.4,
        "totalOperatingExpense": 59.9
      },
      {
        "costOfGoodsSold": 35.8,
        "depreciationAmortization": 37,
        "dilutedAverageSharesOutstanding": 94.6,
        "dilutedEPS": 0.57,
        "ebit": 52.6,
        "grossIncome": 106.3,
        "interestExpense": 23.228,
        "interestIncomeExpense": -20.6,
        "minorityInterest": -0.7,
        "netIncome": 53.7,
        "netIncomeAfterTaxes": 32,
        "nonRecurringItems": 0,
        "otherOperatingExpensesTotal": 1.9,
        "period": "2015-09-30",
        "pretaxIncome": 32,
        "revenue": 142.1,
        "sgaExpense": 14.8,
        "totalOperatingExpense": 53.7
      }
    ],
    "symbol": "REG"
  }
}