{
  "symbol": "AMGN",
  "statement": "ic",
  "frequency": "quarterly",
  "timestamp": "2025-09-19T13:55:58.852416",
  "data": {
    "financials": [
      {
        "costOfGoodsSold": 1551,
        "dilutedAverageSharesOutstanding": 541,
        "dilutedEPS": 2.65,
        "ebit": 4229,
        "grossIncome": 7628,
        "interestExpense": 694,
        "interestIncomeExpense": -694,
        "netIncome": 1432,
        "netIncomeAfterTaxes": 1432,
        "nonRecurringItems": -1573,
        "otherOperatingExpensesTotal": 64,
        "period": "2025-06-30",
        "pretaxIncome": 1568,
        "provisionforIncomeTaxes": 136,
        "researchDevelopment": 1685,
        "revenue": 9179,
        "sgaExpense": 1650,
        "totalOperatingExpense": 3399,
        "totalOtherIncomeExpenseNet": -394
      },
      {
        "costOfGoodsSold": 2605,
        "dilutedAverageSharesOutstanding": 541,
        "dilutedEPS": 3.2,
        "ebit": 2341,
        "grossIncome": 5544,
        "interestExpense": 723,
        "interestIncomeExpense": 637,
        "netIncome": 1730,
        "netIncomeAfterTaxes": 1730,
        "nonRecurringItems": -1052,
        "otherOperatingExpensesTotal": 30,
        "period": "2025-03-31",
        "pretaxIncome": 1973,
        "provisionforIncomeTaxes": 243,
        "researchDevelopment": 1486,
        "revenue": 8149,
        "sgaExpense": 1687,
        "totalOperatingExpense": 3203,
        "totalOtherIncomeExpenseNet": 47
      },
      {
        "costOfGoodsSold": 3112,
        "dilutedAverageSharesOutstanding": 541,
        "dilutedEPS": 1.16,
        "ebit": 2311,
        "grossIncome": 5974,
        "interestExpense": 747,
        "interestIncomeExpense": -1593,
        "netIncome": 627,
        "netIncomeAfterTaxes": 627,
        "nonRecurringItems": 0,
        "otherOperatingExpensesTotal": 61,
        "period": "2024-12-31",
        "pretaxIncome": 782,
        "provisionforIncomeTaxes": 155,
        "researchDevelopment": 1724,
        "revenue": 9086,
        "sgaExpense": 1878,
        "totalOperatingExpense": 3663,
        "totalOtherIncomeExpenseNet": 64
      },
      {
        "costOfGoodsSold": 3310,
        "dilutedAverageSharesOutstanding": 542,
        "dilutedEPS": 5.22,
        "ebit": 2047,
        "grossIncome": 5193,
        "interestExpense": 776,
        "interestIncomeExpense": 943,
        "netIncome": 2830,
        "netIncomeAfterTaxes": 2830,
        "nonRecurringItems": 82,
        "otherOperatingExpensesTotal": 71,
        "period": "2024-09-30",
        "pretaxIncome": 3101,
        "provisionforIncomeTaxes": 271,
        "researchDevelopment": 1450,
        "revenue": 8503,
        "sgaExpense": 1625,
        "totalOperatingExpense": 3146,
        "totalOtherIncomeExpenseNet": 29
      },
      {
        "costOfGoodsSold": 3236,
        "dilutedAverageSharesOutstanding": 541,
        "dilutedEPS": 1.38,
        "ebit": 1909,
        "grossIncome": 5152,
        "interestExpense": 808,
        "interestIncomeExpense": -1206,
        "netIncome": 746,
        "netIncomeAfterTaxes": 746,
        "nonRecurringItems": 0,
        "otherOperatingExpensesTotal": 11,
        "period": "2024-06-30",
        "pretaxIncome": 794,
        "provisionforIncomeTaxes": 48,
        "researchDevelopment": 1447,
        "revenue": 8388,
        "sgaExpense": 1785,
        "totalOperatingExpense": 3243,
        "totalOtherIncomeExpenseNet": 91
      },
      {
        "costOfGoodsSold": 3200,
        "dilutedAverageSharesOutstanding": 536,
        "dilutedEPS": -0.21,
        "ebit": 991,
        "grossIncome": 4247,
        "interestExpense": 824,
        "interestIncomeExpense": -1395,
        "netIncome": -113,
        "netIncomeAfterTaxes": -113,
        "nonRecurringItems": 133,
        "otherOperatingExpensesTotal": 105,
        "period": "2024-03-31",
        "pretaxIncome": -68,
        "provisionforIncomeTaxes": 45,
        "researchDevelopment": 1343,
        "revenue": 7447,
        "sgaExpense": 1808,
        "totalOperatingExpense": 3256,
        "totalOtherIncomeExpenseNet": 203
      },
      {
        "costOfGoodsSold": 3112,
        "dilutedAverageSharesOutstanding": 538,
        "dilutedEPS": 1.43,
        "ebit": 1286,
        "grossIncome": 5084,
        "interestExpense": 821,
        "interestIncomeExpense": -717,
        "netIncome": 767,
        "netIncomeAfterTaxes": 767,
        "nonRecurringItems": 28,
        "otherOperatingExpensesTotal": 2,
        "period": "2023-12-31",
        "pretaxIncome": 852,
        "provisionforIncomeTaxes": 85,
        "researchDevelopment": 1522,
        "revenue": 8196,
        "sgaExpense": 2274,
        "totalOperatingExpense": 3798,
        "totalOtherIncomeExpenseNet": 255
      },
      {
        "costOfGoodsSold": 1805,
        "dilutedAverageSharesOutstanding": 538,
        "dilutedEPS": 3.22,
        "ebit": 2052,
        "grossIncome": 5098,
        "interestExpense": 759,
        "interestIncomeExpense": -606,
        "netIncome": 1730,
        "netIncomeAfterTaxes": 1730,
        "nonRecurringItems": 38,
        "otherOperatingExpensesTotal": 627,
        "period": "2023-09-30",
        "pretaxIncome": 1947,
        "provisionforIncomeTaxes": 217,
        "researchDevelopment": 1079,
        "revenue": 6903,
        "sgaExpense": 1340,
        "totalOperatingExpense": 3046,
        "totalOtherIncomeExpenseNet": 463
      },
      {
        "costOfGoodsSold": 1813,
        "dilutedAverageSharesOutstanding": 537,
        "dilutedEPS": 2.57,
        "ebit": 2726,
        "grossIncome": 5173,
        "interestExpense": 752,
        "interestIncomeExpense": -724,
        "netIncome": 1379,
        "netIncomeAfterTaxes": 1379,
        "nonRecurringItems": -42,
        "otherOperatingExpensesTotal": 57,
        "period": "2023-06-30",
        "pretaxIncome": 1614,
        "provisionforIncomeTaxes": 235,
        "researchDevelopment": 1096,
        "revenue": 6986,
        "sgaExpense": 1294,
        "totalOperatingExpense": 2447,
        "totalOtherIncomeExpenseNet": -346
      },
      {
        "costOfGoodsSold": 1682,
        "dilutedAverageSharesOutstanding": 538,
        "dilutedEPS": 5.28,
        "ebit": 2100,
        "grossIncome": 4423,
        "interestExpense": 543,
        "interestIncomeExpense": -543,
        "netIncome": 2841,
        "netIncomeAfterTaxes": 2841,
        "nonRecurringItems": -66,
        "otherOperatingExpensesTotal": 7,
        "period": "2023-03-31",
        "pretaxIncome": 3442,
        "provisionforIncomeTaxes": 601,
        "researchDevelopment": 1058,
        "revenue": 6105,
        "sgaExpense": 1258,
        "totalOperatingExpense": 2323,
        "totalOtherIncomeExpenseNet": 1951
      },
      {
        "costOfGoodsSold": 1747,
        "dilutedAverageSharesOutstanding": 538,
        "dilutedEPS": 3,
        "ebit": 2232,
        "grossIncome": 5092,
        "interestExpense": 415,
        "interestIncomeExpense": -415,
        "netIncome": 1616,
        "netIncomeAfterTaxes": 1616,
        "nonRecurringItems": -2,
        "otherOperatingExpensesTotal": -36,
        "period": "2022-12-31",
        "pretaxIncome": 1748,
        "provisionforIncomeTaxes": 132,
        "researchDevelopment": 1324,
        "revenue": 6839,
        "sgaExpense": 1572,
        "totalOperatingExpense": 2860,
        "totalOtherIncomeExpenseNet": -67
      },
      {
        "costOfGoodsSold": 1588,
        "dilutedAverageSharesOutstanding": 538,
        "dilutedEPS": 3.98,
        "ebit": 2665,
        "grossIncome": 5064,
        "interestExpense": 368,
        "interestIncomeExpense": -368,
        "netIncome": 2143,
        "netIncomeAfterTaxes": 2143,
        "nonRecurringItems": 73,
        "period": "2022-09-30",
        "pretaxIncome": 2392,
        "provisionforIncomeTaxes": 249,
        "researchDevelopment": 1112,
        "revenue": 6652,
        "sgaExpense": 1287,
        "totalOperatingExpense": 2399,
        "totalOtherIncomeExpenseNet": 22
      },
      {
        "costOfGoodsSold": 1510,
        "dilutedAverageSharesOutstanding": 537,
        "dilutedEPS": 2.45,
        "ebit": 2736,
        "grossIncome": 5084,
        "interestExpense": 328,
        "interestIncomeExpense": -328,
        "netIncome": 1317,
        "netIncomeAfterTaxes": 1317,
        "nonRecurringItems": -560,
        "otherOperatingExpensesTotal": -18,
        "period": "2022-06-30",
        "pretaxIncome": 1531,
        "provisionforIncomeTaxes": 214,
        "researchDevelopment": 1039,
        "revenue": 6594,
        "sgaExpense": 1327,
        "totalOperatingExpense": 2348,
        "totalOtherIncomeExpenseNet": -317
      },
      {
        "costOfGoodsSold": 1561,
        "dilutedAverageSharesOutstanding": 551,
        "dilutedEPS": 2.68,
        "ebit": 2500,
        "grossIncome": 4677,
        "interestExpense": 295,
        "interestIncomeExpense": -295,
        "netIncome": 1476,
        "netIncomeAfterTaxes": 1476,
        "otherOperatingExpensesTotal": -10,
        "period": "2022-03-31",
        "pretaxIncome": 1675,
        "provisionforIncomeTaxes": 199,
        "researchDevelopment": 959,
        "revenue": 6238,
        "sgaExpense": 1228,
        "totalOperatingExpense": 2177,
        "totalOtherIncomeExpenseNet": -530
      },
      {
        "costOfGoodsSold": 1718,
        "dilutedAverageSharesOutstanding": 564,
        "dilutedEPS": 3.37,
        "ebit": 2304,
        "grossIncome": 5128,
        "interestExpense": 335,
        "interestIncomeExpense": -335,
        "netIncome": 1899,
        "netIncomeAfterTaxes": 1899,
        "nonRecurringItems": 0,
        "otherOperatingExpensesTotal": 51,
        "period": "2021-12-31",
        "pretaxIncome": 2131,
        "provisionforIncomeTaxes": 232,
        "researchDevelopment": 1348,
        "revenue": 6846,
        "sgaExpense": 1425,
        "totalOperatingExpense": 2824,
        "totalOtherIncomeExpenseNet": 162
      },
      {
        "costOfGoodsSold": 1609,
        "dilutedAverageSharesOutstanding": 570,
        "dilutedEPS": 3.31,
        "ebit": 2378,
        "grossIncome": 5097,
        "interestExpense": 296,
        "interestIncomeExpense": -296,
        "netIncome": 1884,
        "netIncomeAfterTaxes": 1884,
        "nonRecurringItems": 0,
        "otherOperatingExpensesTotal": -8,
        "period": "2021-09-30",
        "pretaxIncome": 2155,
        "provisionforIncomeTaxes": 271,
        "researchDevelopment": 1422,
        "revenue": 6706,
        "sgaExpense": 1305,
        "totalOperatingExpense": 2719,
        "totalOtherIncomeExpenseNet": 73
      },
      {
        "costOfGoodsSold": 1637,
        "dilutedAverageSharesOutstanding": 576,
        "dilutedEPS": 0.81,
        "ebit": 2333,
        "grossIncome": 4889,
        "interestExpense": 281,
        "interestIncomeExpense": -281,
        "netIncome": 464,
        "netIncomeAfterTaxes": 464,
        "nonRecurringItems": -1505,
        "otherOperatingExpensesTotal": 90,
        "period": "2021-06-30",
        "pretaxIncome": 558,
        "provisionforIncomeTaxes": 94,
        "researchDevelopment": 1082,
        "revenue": 6526,
        "sgaExpense": 1384,
        "totalOperatingExpense": 2556,
        "totalOtherIncomeExpenseNet": 11
      },
      {
        "costOfGoodsSold": 1490,
        "dilutedAverageSharesOutstanding": 581,
        "dilutedEPS": 2.83,
        "ebit": 2129,
        "grossIncome": 4411,
        "interestExpense": 285,
        "interestIncomeExpense": -285,
        "netIncome": 1646,
        "netIncomeAfterTaxes": 1646,
        "otherOperatingExpensesTotal": 61,
        "period": "2021-03-31",
        "pretaxIncome": 1857,
        "provisionforIncomeTaxes": 211,
        "researchDevelopment": 967,
        "revenue": 5901,
        "sgaExpense": 1254,
        "totalOperatingExpense": 2282,
        "totalOtherIncomeExpenseNet": 13
      },
      {
        "costOfGoodsSold": 1597,
        "dilutedAverageSharesOutstanding": 584,
        "dilutedEPS": 2.77,
        "ebit": 2008,
        "grossIncome": 5037,
        "interestExpense": 318,
        "interestIncomeExpense": -131,
        "netIncome": 1615,
        "netIncomeAfterTaxes": 1615,
        "otherOperatingExpensesTotal": 27,
        "period": "2020-12-31",
        "pretaxIncome": 1877,
        "provisionforIncomeTaxes": 262,
        "researchDevelopment": 1229,
        "revenue": 6634,
        "sgaExpense": 1773,
        "totalOperatingExpense": 3029
      },
      {
        "costOfGoodsSold": 1561,
        "dilutedAverageSharesOutstanding": 589,
        "dilutedEPS": 3.43,
        "ebit": 2453,
        "grossIncome": 4862,
        "interestExpense": 302,
        "interestIncomeExpense": -247,
        "netIncome": 2021,
        "netIncomeAfterTaxes": 2021,
        "otherOperatingExpensesTotal": 1,
        "period": "2020-09-30",
        "pretaxIncome": 2206,
        "provisionforIncomeTaxes": 185,
        "researchDevelopment": 1062,
        "revenue": 6423,
        "sgaExpense": 1346,
        "totalOperatingExpense": 2409
      },
      {
        "costOfGoodsSold": 1488,
        "dilutedAverageSharesOutstanding": 592,
        "dilutedEPS": 3.05,
        "ebit": 2323,
        "grossIncome": 4718,
        "interestExpense": 296,
        "interestIncomeExpense": -293,
        "netIncome": 1803,
        "netIncomeAfterTaxes": 1803,
        "otherOperatingExpensesTotal": 136,
        "period": "2020-06-30",
        "pretaxIncome": 2030,
        "provisionforIncomeTaxes": 227,
        "researchDevelopment": 964,
        "revenue": 6206,
        "sgaExpense": 1295,
        "totalOperatingExpense": 2395
      },
      {
        "costOfGoodsSold": 1513,
        "dilutedAverageSharesOutstanding": 594,
        "dilutedEPS": 3.07,
        "ebit": 2355,
        "grossIncome": 4648,
        "interestExpense": 346,
        "interestIncomeExpense": -335,
        "netIncome": 1825,
        "netIncomeAfterTaxes": 1825,
        "otherOperatingExpensesTotal": 25,
        "period": "2020-03-31",
        "pretaxIncome": 2020,
        "provisionforIncomeTaxes": 195,
        "researchDevelopment": 952,
        "revenue": 6161,
        "sgaExpense": 1316,
        "totalOperatingExpense": 2293
      },
      {
        "costOfGoodsSold": 1253,
        "dilutedAverageSharesOutstanding": 597,
        "dilutedEPS": 2.85,
        "ebit": 2048,
        "grossIncome": 4944,
        "interestExpense": 301,
        "interestIncomeExpense": -65,
        "netIncome": 1703,
        "netIncomeAfterTaxes": 1703,
        "otherOperatingExpensesTotal": 71,
        "period": "2019-12-31",
        "pretaxIncome": 1983,
        "provisionforIncomeTaxes": 280,
        "researchDevelopment": 1312,
        "revenue": 6197,
        "sgaExpense": 1513,
        "totalOperatingExpense": 2896
      },
      {
        "costOfGoodsSold": 1036,
        "dilutedAverageSharesOutstanding": 602,
        "dilutedEPS": 3.27,
        "ebit": 2476,
        "grossIncome": 4701,
        "interestExpense": 313,
        "interestIncomeExpense": -199,
        "netIncome": 1968,
        "netIncomeAfterTaxes": 1968,
        "otherOperatingExpensesTotal": 1,
        "period": "2019-09-30",
        "pretaxIncome": 2277,
        "provisionforIncomeTaxes": 309,
        "researchDevelopment": 1001,
        "revenue": 5737,
        "sgaExpense": 1223,
        "totalOperatingExpense": 2225
      },
      {
        "costOfGoodsSold": 1012,
        "dilutedAverageSharesOutstanding": 610,
        "dilutedEPS": 3.57,
        "ebit": 2678,
        "grossIncome": 4859,
        "interestExpense": 332,
        "interestIncomeExpense": -114,
        "netIncome": 2179,
        "netIncomeAfterTaxes": 2179,
        "otherOperatingExpensesTotal": -3,
        "period": "2019-06-30",
        "pretaxIncome": 2564,
        "provisionforIncomeTaxes": 385,
        "researchDevelopment": 924,
        "revenue": 5871,
        "sgaExpense": 1260,
        "totalOperatingExpense": 2181
      },
      {
        "costOfGoodsSold": 1055,
        "dilutedAverageSharesOutstanding": 626,
        "dilutedEPS": 3.18,
        "ebit": 2472,
        "grossIncome": 4502,
        "interestExpense": 343,
        "interestIncomeExpense": -158,
        "netIncome": 1992,
        "netIncomeAfterTaxes": 1992,
        "otherOperatingExpensesTotal": -3,
        "period": "2019-03-31",
        "pretaxIncome": 2314,
        "provisionforIncomeTaxes": 322,
        "researchDevelopment": 879,
        "revenue": 5557,
        "sgaExpense": 1154,
        "totalOperatingExpense": 2030
      },
      {
        "costOfGoodsSold": 1096,
        "dilutedAverageSharesOutstanding": 641,
        "dilutedEPS": 3.01,
        "ebit": 2382,
        "grossIncome": 5134,
        "interestExpense": 352,
        "interestIncomeExpense": -197,
        "netIncome": 1928,
        "netIncomeAfterTaxes": 1928,
        "nonRecurringItems": 0,
        "otherOperatingExpensesTotal": 11,
        "period": "2018-12-31",
        "pretaxIncome": 2185,
        "provisionforIncomeTaxes": 257,
        "researchDevelopment": 1182,
        "revenue": 6230,
        "sgaExpense": 1559,
        "totalOperatingExpense": 2752
      },
      {
        "costOfGoodsSold": 1037,
        "dilutedAverageSharesOutstanding": 649,
        "dilutedEPS": 2.86,
        "ebit": 2323,
        "grossIncome": 4867,
        "interestExpense": 355,
        "interestIncomeExpense": -229,
        "netIncome": 1859,
        "netIncomeAfterTaxes": 1859,
        "nonRecurringItems": 0,
        "otherOperatingExpensesTotal": 325,
        "period": "2018-09-30",
        "pretaxIncome": 2094,
        "provisionforIncomeTaxes": 235,
        "researchDevelopment": 926,
        "revenue": 5904,
        "sgaExpense": 1293,
        "totalOperatingExpense": 2544
      },
      {
        "costOfGoodsSold": 1024,
        "dilutedAverageSharesOutstanding": 660,
        "dilutedEPS": 3.48,
        "ebit": 2832,
        "grossIncome": 5035,
        "interestExpense": 347,
        "interestIncomeExpense": -185,
        "netIncome": 2296,
        "netIncomeAfterTaxes": 2296,
        "nonRecurringItems": 0,
        "otherOperatingExpensesTotal": -19,
        "period": "2018-06-30",
        "pretaxIncome": 2647,
        "provisionforIncomeTaxes": 351,
        "researchDevelopment": 869,
        "revenue": 6059,
        "sgaExpense": 1353,
        "totalOperatingExpense": 2203
      },
      {
        "costOfGoodsSold": 944,
        "dilutedAverageSharesOutstanding": 711,
        "dilutedEPS": 3.25,
        "ebit": 2726,
        "grossIncome": 4610,
        "interestExpense": 338,
        "interestIncomeExpense": -187,
        "netIncome": 2311,
        "netIncomeAfterTaxes": 2311,
        "nonRecurringItems": 80,
        "otherOperatingExpensesTotal": -3,
        "period": "2018-03-31",
        "pretaxIncome": 2619,
        "provisionforIncomeTaxes": 308,
        "researchDevelopment": 760,
        "revenue": 5554,
        "sgaExpense": 1127,
        "totalOperatingExpense": 1884
      },
      {
        "costOfGoodsSold": 1059,
        "dilutedAverageSharesOutstanding": 725,
        "dilutedEPS": -5.88,
        "ebit": 2245,
        "grossIncome": 4743,
        "interestExpense": 332,
        "interestIncomeExpense": -31,
        "netIncome": -4264,
        "netIncomeAfterTaxes": 1836,
        "otherOperatingExpensesTotal": 28,
        "period": "2017-12-31",
        "pretaxIncome": 2214,
        "provisionforIncomeTaxes": 378,
        "researchDevelopment": 1043,
        "revenue": 5802,
        "sgaExpense": 1427,
        "totalOperatingExpense": 2498
      },
      {
        "costOfGoodsSold": 990,
        "dilutedAverageSharesOutstanding": 733,
        "dilutedEPS": 2.76,
        "ebit": 2439,
        "grossIncome": 4783,
        "interestExpense": 325,
        "interestIncomeExpense": -58,
        "netIncome": 2021,
        "netIncomeAfterTaxes": 2021,
        "otherOperatingExpensesTotal": 297,
        "period": "2017-09-30",
        "pretaxIncome": 2381,
        "provisionforIncomeTaxes": 360,
        "researchDevelopment": 877,
        "revenue": 5773,
        "sgaExpense": 1170,
        "totalOperatingExpense": 2344
      },
      {
        "costOfGoodsSold": 1024,
        "dilutedAverageSharesOutstanding": 738,
        "dilutedEPS": 2.91,
        "ebit": 2698,
        "grossIncome": 4786,
        "interestExpense": 321,
        "interestIncomeExpense": -156,
        "netIncome": 2151,
        "netIncomeAfterTaxes": 2151,
        "otherOperatingExpensesTotal": 6,
        "period": "2017-06-30",
        "pretaxIncome": 2542,
        "provisionforIncomeTaxes": 391,
        "researchDevelopment": 873,
        "revenue": 5810,
        "sgaExpense": 1209,
        "totalOperatingExpense": 2088
      },
      {
        "costOfGoodsSold": 996,
        "dilutedAverageSharesOutstanding": 741,
        "dilutedEPS": 2.79,
        "ebit": 2591,
        "grossIncome": 4468,
        "interestExpense": 326,
        "interestIncomeExpense": -131,
        "netIncome": 2071,
        "netIncomeAfterTaxes": 2071,
        "otherOperatingExpensesTotal": 44,
        "period": "2017-03-31",
        "pretaxIncome": 2460,
        "provisionforIncomeTaxes": 389,
        "researchDevelopment": 769,
        "revenue": 5464,
        "sgaExpense": 1064,
        "totalOperatingExpense": 1877
      },
      {
        "costOfGoodsSold": 1067,
        "dilutedAverageSharesOutstanding": 742,
        "dilutedEPS": 2.61,
        "ebit": 2374,
        "grossIncome": 4898,
        "interestExpense": 328,
        "interestIncomeExpense": -202,
        "netIncome": 1935,
        "netIncomeAfterTaxes": 1935,
        "nonRecurringItems": 111,
        "otherOperatingExpensesTotal": 123,
        "period": "2016-12-31",
        "pretaxIncome": 2283,
        "provisionforIncomeTaxes": 348,
        "researchDevelopment": 1078,
        "revenue": 5965,
        "sgaExpense": 1323,
        "totalOperatingExpense": 2524
      },
      {
        "costOfGoodsSold": 1027,
        "dilutedAverageSharesOutstanding": 753,
        "dilutedEPS": 2.68,
        "ebit": 2527,
        "grossIncome": 4784,
        "interestExpense": 325,
        "interestIncomeExpense": -109,
        "netIncome": 2017,
        "netIncomeAfterTaxes": 2017,
        "nonRecurringItems": 0,
        "otherOperatingExpensesTotal": 23,
        "period": "2016-09-30",
        "pretaxIncome": 2418,
        "provisionforIncomeTaxes": 401,
        "researchDevelopment": 990,
        "revenue": 5811,
        "sgaExpense": 1244,
        "totalOperatingExpense": 2257
      },
      {
        "costOfGoodsSold": 1050,
        "dilutedAverageSharesOutstanding": 756,
        "dilutedEPS": 2.47,
        "ebit": 2458,
        "grossIncome": 4638,
        "interestExpense": 313,
        "interestIncomeExpense": -176,
        "netIncome": 1870,
        "netIncomeAfterTaxes": 1870,
        "nonRecurringItems": -78,
        "otherOperatingExpensesTotal": -12,
        "period": "2016-06-30",
        "pretaxIncome": 2204,
        "provisionforIncomeTaxes": 334,
        "researchDevelopment": 900,
        "revenue": 5688,
        "sgaExpense": 1292,
        "totalOperatingExpense": 2180
      },
      {
        "costOfGoodsSold": 1018,
        "dilutedAverageSharesOutstanding": 760,
        "dilutedEPS": 2.5,
        "ebit": 2429,
        "grossIncome": 4509,
        "interestExpense": 294,
        "interestIncomeExpense": -144,
        "netIncome": 1900,
        "netIncomeAfterTaxes": 1900,
        "nonRecurringItems": -27,
        "otherOperatingExpensesTotal": 5,
        "period": "2016-03-31",
        "pretaxIncome": 2258,
        "provisionforIncomeTaxes": 358,
        "researchDevelopment": 872,
        "revenue": 5527,
        "sgaExpense": 1203,
        "totalOperatingExpense": 2080
      },
      {
        "costOfGoodsSold": 1071,
        "dilutedAverageSharesOutstanding": 763,
        "dilutedEPS": 2.36,
        "ebit": 1949,
        "grossIncome": 4465,
        "interestExpense": 284,
        "interestIncomeExpense": -120,
        "netIncome": 1800,
        "netIncomeAfterTaxes": 1800,
        "nonRecurringItems": 84,
        "otherOperatingExpensesTotal": 7,
        "period": "2015-12-31",
        "pretaxIncome": 1913,
        "provisionforIncomeTaxes": 113,
        "researchDevelopment": 1093,
        "revenue": 5536,
        "sgaExpense": 1416,
        "totalOperatingExpense": 2516
      },
      {
        "costOfGoodsSold": 1034,
        "dilutedAverageSharesOutstanding": 764,
        "dilutedEPS": 2.44,
        "ebit": 2345,
        "grossIncome": 4689,
        "interestExpense": 282,
        "interestIncomeExpense": -147,
        "netIncome": 1863,
        "netIncomeAfterTaxes": 1863,
        "nonRecurringItems": -6,
        "otherOperatingExpensesTotal": -19,
        "period": "2015-09-30",
        "pretaxIncome": 2192,
        "provisionforIncomeTaxes": 329,
        "researchDevelopment": 1119,
        "revenue": 5723,
        "sgaExpense": 1244,
        "totalOperatingExpense": 2344
      }
    ],
    "symbol": "AMGN"
  }
}