{
  "symbol": "ABT",
  "statement": "ic",
  "frequency": "quarterly",
  "timestamp": "2025-09-19T14:33:40.747552",
  "data": {
    "financials": [
      {
        "costOfGoodsSold": 4854,
        "depreciationAmortization": 420,
        "dilutedAverageSharesOutstanding": 1751,
        "dilutedEPS": 1.02,
        "ebit": 2073,
        "grossIncome": 6288,
        "interestExpense": 121,
        "interestIncomeExpense": -39,
        "netIncome": 1779,
        "netIncomeAfterTaxes": 1779,
        "nonRecurringItems": -22,
        "period": "2025-06-30",
        "pretaxIncome": 2150,
        "provisionforIncomeTaxes": 371,
        "researchDevelopment": 705,
        "revenue": 11142,
        "sgaExpense": 3090,
        "totalOperatingExpense": 4215,
        "totalOtherIncomeExpenseNet": 138
      },
      {
        "costOfGoodsSold": 4455,
        "depreciationAmortization": 420,
        "dilutedAverageSharesOutstanding": 1747.22,
        "dilutedEPS": 0.76,
        "ebit": 1727,
        "grossIncome": 5903,
        "interestExpense": 131,
        "interestIncomeExpense": -42,
        "netIncome": 1325,
        "netIncomeAfterTaxes": 1325,
        "nonRecurringItems": -34,
        "period": "2025-03-31",
        "pretaxIncome": 1778,
        "provisionforIncomeTaxes": 453,
        "researchDevelopment": 703,
        "revenue": 10358,
        "sgaExpense": 3053,
        "totalOperatingExpense": 4176,
        "totalOtherIncomeExpenseNet": 127
      },
      {
        "costOfGoodsSold": 4919,
        "depreciationAmortization": 465,
        "dilutedAverageSharesOutstanding": 1743.698,
        "dilutedEPS": 5.29,
        "ebit": 1994,
        "grossIncome": 6055,
        "interestExpense": 136,
        "interestIncomeExpense": -35,
        "netIncome": 9229,
        "netIncomeAfterTaxes": 9229,
        "nonRecurringItems": -122,
        "period": "2024-12-31",
        "pretaxIncome": 2030,
        "provisionforIncomeTaxes": -7199,
        "researchDevelopment": 716,
        "revenue": 10974,
        "sgaExpense": 2880,
        "totalOperatingExpense": 4061,
        "totalOtherIncomeExpenseNet": 193
      },
      {
        "costOfGoodsSold": 4654,
        "depreciationAmortization": 470,
        "dilutedAverageSharesOutstanding": 1747.597,
        "dilutedEPS": 0.94,
        "ebit": 1903,
        "grossIncome": 5981,
        "interestExpense": 142,
        "interestIncomeExpense": -40,
        "netIncome": 1646,
        "netIncomeAfterTaxes": 1646,
        "nonRecurringItems": -44,
        "period": "2024-09-30",
        "pretaxIncome": 1940,
        "provisionforIncomeTaxes": 294,
        "researchDevelopment": 713,
        "revenue": 10635,
        "sgaExpense": 2895,
        "totalOperatingExpense": 4078,
        "totalOtherIncomeExpenseNet": 121
      },
      {
        "costOfGoodsSold": 4576,
        "depreciationAmortization": 471,
        "dilutedAverageSharesOutstanding": 1751.153,
        "dilutedEPS": 0.74,
        "ebit": 1736,
        "grossIncome": 5801,
        "interestExpense": 140,
        "interestIncomeExpense": -52,
        "netIncome": 1302,
        "netIncomeAfterTaxes": 1302,
        "nonRecurringItems": -210,
        "period": "2024-06-30",
        "pretaxIncome": 1607,
        "provisionforIncomeTaxes": 305,
        "researchDevelopment": 672,
        "revenue": 10377,
        "sgaExpense": 2922,
        "totalOperatingExpense": 4065,
        "totalOtherIncomeExpenseNet": 133
      },
      {
        "costOfGoodsSold": 4452,
        "depreciationAmortization": 472,
        "dilutedAverageSharesOutstanding": 1749.652,
        "dilutedEPS": 0.7,
        "ebit": 1403,
        "grossIncome": 5512,
        "interestExpense": 141,
        "interestIncomeExpense": -61,
        "netIncome": 1225,
        "netIncomeAfterTaxes": 1225,
        "nonRecurringItems": -17,
        "period": "2024-03-31",
        "pretaxIncome": 1436,
        "provisionforIncomeTaxes": 211,
        "researchDevelopment": 683,
        "revenue": 9964,
        "sgaExpense": 2954,
        "totalOperatingExpense": 4109,
        "totalOtherIncomeExpenseNet": 111
      },
      {
        "costOfGoodsSold": 4531,
        "depreciationAmortization": 481,
        "dilutedAverageSharesOutstanding": 1745.778,
        "dilutedEPS": 0.91,
        "ebit": 1922,
        "grossIncome": 5710,
        "interestExpense": 159,
        "interestIncomeExpense": -94,
        "netIncome": 1594,
        "netIncomeAfterTaxes": 1594,
        "nonRecurringItems": -181,
        "period": "2023-12-31",
        "pretaxIncome": 1795,
        "provisionforIncomeTaxes": 201,
        "researchDevelopment": 594,
        "revenue": 10241,
        "sgaExpense": 2713,
        "totalOperatingExpense": 3788,
        "totalOtherIncomeExpenseNet": 148
      },
      {
        "costOfGoodsSold": 4591,
        "depreciationAmortization": 496,
        "dilutedAverageSharesOutstanding": 1748.289,
        "dilutedEPS": 0.82,
        "ebit": 1700,
        "grossIncome": 5552,
        "interestExpense": 166,
        "interestIncomeExpense": -59,
        "netIncome": 1436,
        "netIncomeAfterTaxes": 1436,
        "nonRecurringItems": -53,
        "period": "2023-09-30",
        "pretaxIncome": 1671,
        "provisionforIncomeTaxes": 235,
        "researchDevelopment": 661,
        "revenue": 10143,
        "sgaExpense": 2695,
        "totalOperatingExpense": 3852,
        "totalOtherIncomeExpenseNet": 83
      },
      {
        "costOfGoodsSold": 4472,
        "depreciationAmortization": 498,
        "dilutedAverageSharesOutstanding": 1750.248,
        "dilutedEPS": 0.79,
        "ebit": 1574,
        "grossIncome": 5506,
        "interestExpense": 159,
        "interestIncomeExpense": -82,
        "netIncome": 1375,
        "netIncomeAfterTaxes": 1375,
        "nonRecurringItems": -32,
        "period": "2023-06-30",
        "pretaxIncome": 1636,
        "provisionforIncomeTaxes": 261,
        "researchDevelopment": 710,
        "revenue": 9978,
        "sgaExpense": 2724,
        "totalOperatingExpense": 3932,
        "totalOtherIncomeExpenseNet": 176
      },
      {
        "costOfGoodsSold": 4325,
        "depreciationAmortization": 491,
        "dilutedAverageSharesOutstanding": 1751.715,
        "dilutedEPS": 0.75,
        "ebit": 1526,
        "grossIncome": 5422,
        "interestExpense": 153,
        "interestIncomeExpense": -58,
        "netIncome": 1318,
        "netIncomeAfterTaxes": 1318,
        "nonRecurringItems": -17,
        "period": "2023-03-31",
        "pretaxIncome": 1562,
        "provisionforIncomeTaxes": 244,
        "researchDevelopment": 654,
        "revenue": 9747,
        "sgaExpense": 2751,
        "totalOperatingExpense": 3896,
        "totalOtherIncomeExpenseNet": 111
      },
      {
        "costOfGoodsSold": 4593,
        "depreciationAmortization": 496,
        "dilutedAverageSharesOutstanding": 1752.459,
        "dilutedEPS": 0.59,
        "ebit": 1304,
        "grossIncome": 5498,
        "interestExpense": 154,
        "interestIncomeExpense": -52,
        "netIncome": 1033,
        "netIncomeAfterTaxes": 1033,
        "nonRecurringItems": 0,
        "period": "2022-12-31",
        "pretaxIncome": 1320,
        "provisionforIncomeTaxes": 287,
        "researchDevelopment": 725,
        "revenue": 10091,
        "sgaExpense": 2973,
        "totalOperatingExpense": 4194,
        "totalOtherIncomeExpenseNet": 68
      },
      {
        "costOfGoodsSold": 4629,
        "depreciationAmortization": 498,
        "dilutedAverageSharesOutstanding": 1763.653,
        "dilutedEPS": 0.81,
        "ebit": 1881,
        "grossIncome": 5781,
        "interestExpense": 141,
        "interestIncomeExpense": -105,
        "netIncome": 1435,
        "netIncomeAfterTaxes": 1435,
        "nonRecurringItems": -111,
        "period": "2022-09-30",
        "pretaxIncome": 1758,
        "provisionforIncomeTaxes": 323,
        "researchDevelopment": 671,
        "revenue": 10410,
        "sgaExpense": 2731,
        "totalOperatingExpense": 3900,
        "totalOtherIncomeExpenseNet": 93
      },
      {
        "costOfGoodsSold": 4933,
        "depreciationAmortization": 507,
        "dilutedAverageSharesOutstanding": 1765.463,
        "dilutedEPS": 1.14,
        "ebit": 2376,
        "grossIncome": 6324,
        "interestExpense": 132,
        "interestIncomeExpense": -106,
        "netIncome": 2018,
        "netIncomeAfterTaxes": 2018,
        "period": "2022-06-30",
        "pretaxIncome": 2352,
        "provisionforIncomeTaxes": 334,
        "researchDevelopment": 684,
        "revenue": 11257,
        "sgaExpense": 2757,
        "totalOperatingExpense": 3948,
        "totalOtherIncomeExpenseNet": 82
      },
      {
        "costOfGoodsSold": 4987,
        "depreciationAmortization": 512,
        "dilutedAverageSharesOutstanding": 1774.542,
        "dilutedEPS": 1.38,
        "ebit": 2912,
        "grossIncome": 6908,
        "interestExpense": 131,
        "interestIncomeExpense": -114,
        "netIncome": 2447,
        "netIncomeAfterTaxes": 2447,
        "period": "2022-03-31",
        "pretaxIncome": 2876,
        "provisionforIncomeTaxes": 429,
        "researchDevelopment": 697,
        "revenue": 11895,
        "sgaExpense": 2787,
        "totalOperatingExpense": 3996,
        "totalOtherIncomeExpenseNet": 78
      },
      {
        "costOfGoodsSold": 4720,
        "depreciationAmortization": 514,
        "dilutedAverageSharesOutstanding": 1782.169,
        "dilutedEPS": 1.12,
        "ebit": 2536,
        "grossIncome": 6748,
        "interestExpense": 131,
        "interestIncomeExpense": -114,
        "netIncome": 1989,
        "netIncomeAfterTaxes": 1989,
        "nonRecurringItems": -158,
        "period": "2021-12-31",
        "pretaxIncome": 2327,
        "provisionforIncomeTaxes": 338,
        "researchDevelopment": 753,
        "revenue": 11468,
        "sgaExpense": 2945,
        "totalOperatingExpense": 4212,
        "totalOtherIncomeExpenseNet": 63
      },
      {
        "costOfGoodsSold": 4423,
        "depreciationAmortization": 520,
        "dilutedAverageSharesOutstanding": 1788.999,
        "dilutedEPS": 1.17,
        "ebit": 2547,
        "grossIncome": 6505,
        "interestExpense": 133,
        "interestIncomeExpense": -127,
        "netIncome": 2100,
        "netIncomeAfterTaxes": 2100,
        "nonRecurringItems": -1,
        "period": "2021-09-30",
        "pretaxIncome": 2493,
        "provisionforIncomeTaxes": 393,
        "researchDevelopment": 672,
        "revenue": 10928,
        "sgaExpense": 2766,
        "totalOperatingExpense": 3958,
        "totalOtherIncomeExpenseNet": 74
      },
      {
        "costOfGoodsSold": 4947,
        "depreciationAmortization": 504,
        "dilutedAverageSharesOutstanding": 1793.279,
        "dilutedEPS": 0.66,
        "ebit": 1395,
        "grossIncome": 5276,
        "interestExpense": 134,
        "interestIncomeExpense": -123,
        "netIncome": 1189,
        "netIncomeAfterTaxes": 1189,
        "nonRecurringItems": -3,
        "period": "2021-06-30",
        "pretaxIncome": 1348,
        "provisionforIncomeTaxes": 159,
        "researchDevelopment": 654,
        "revenue": 10223,
        "sgaExpense": 2723,
        "totalOperatingExpense": 3881,
        "totalOtherIncomeExpenseNet": 79
      },
      {
        "costOfGoodsSold": 4400,
        "depreciationAmortization": 509,
        "dilutedAverageSharesOutstanding": 1791.503,
        "dilutedEPS": 1,
        "ebit": 2110,
        "grossIncome": 6056,
        "interestExpense": 135,
        "interestIncomeExpense": -127,
        "netIncome": 1793,
        "netIncomeAfterTaxes": 1793,
        "nonRecurringItems": -1,
        "period": "2021-03-31",
        "pretaxIncome": 2043,
        "provisionforIncomeTaxes": 250,
        "researchDevelopment": 654,
        "revenue": 10456,
        "sgaExpense": 2783,
        "totalOperatingExpense": 3946,
        "totalOtherIncomeExpenseNet": 61
      },
      {
        "costOfGoodsSold": 4464,
        "depreciationAmortization": 508,
        "dilutedAverageSharesOutstanding": 1790.359,
        "dilutedEPS": 1.22,
        "ebit": 2563,
        "grossIncome": 6237,
        "interestExpense": 136,
        "interestIncomeExpense": -122,
        "netIncome": 2162,
        "netIncomeAfterTaxes": 2184,
        "nonRecurringItems": -126,
        "period": "2020-12-31",
        "pretaxIncome": 2388,
        "provisionforIncomeTaxes": 204,
        "researchDevelopment": 683,
        "revenue": 10701,
        "sgaExpense": 2483,
        "totalOperatingExpense": 3674,
        "totalOtherIncomeExpenseNet": 73
      },
      {
        "costOfGoodsSold": 3963,
        "depreciationAmortization": 510,
        "dilutedAverageSharesOutstanding": 1787.853,
        "dilutedEPS": 0.69,
        "ebit": 1404,
        "grossIncome": 4890,
        "interestExpense": 137,
        "interestIncomeExpense": -120,
        "netIncome": 1232,
        "netIncomeAfterTaxes": 1232,
        "nonRecurringItems": 141,
        "period": "2020-09-30",
        "pretaxIncome": 1421,
        "provisionforIncomeTaxes": 189,
        "researchDevelopment": 580,
        "revenue": 8853,
        "sgaExpense": 2396,
        "totalOperatingExpense": 3486,
        "totalOtherIncomeExpenseNet": -4
      },
      {
        "costOfGoodsSold": 3263,
        "depreciationAmortization": 553,
        "dilutedAverageSharesOutstanding": 1785.04,
        "dilutedEPS": 0.3,
        "ebit": 673,
        "grossIncome": 4065,
        "interestExpense": 134,
        "interestIncomeExpense": -124,
        "netIncome": 537,
        "netIncomeAfterTaxes": 537,
        "nonRecurringItems": 9,
        "period": "2020-06-30",
        "pretaxIncome": 526,
        "provisionforIncomeTaxes": -11,
        "researchDevelopment": 564,
        "revenue": 7328,
        "sgaExpense": 2275,
        "totalOperatingExpense": 3392,
        "totalOtherIncomeExpenseNet": -32
      },
      {
        "costOfGoodsSold": 3277,
        "depreciationAmortization": 561,
        "dilutedAverageSharesOutstanding": 1780.578,
        "dilutedEPS": 0.31,
        "ebit": 790,
        "grossIncome": 4449,
        "interestExpense": 139,
        "interestIncomeExpense": -126,
        "netIncome": 564,
        "netIncomeAfterTaxes": 544,
        "nonRecurringItems": 18,
        "period": "2020-03-31",
        "pretaxIncome": 633,
        "provisionforIncomeTaxes": 89,
        "researchDevelopment": 576,
        "revenue": 7726,
        "sgaExpense": 2522,
        "totalOperatingExpense": 3659,
        "totalOtherIncomeExpenseNet": -49
      },
      {
        "costOfGoodsSold": 3417,
        "depreciationAmortization": 483,
        "dilutedAverageSharesOutstanding": 1781.591,
        "dilutedEPS": 0.58,
        "ebit": 1461,
        "grossIncome": 4897,
        "interestExpense": 164,
        "interestIncomeExpense": -137,
        "netIncome": 1049,
        "netIncomeAfterTaxes": 1041,
        "nonRecurringItems": -135,
        "period": "2019-12-31",
        "pretaxIncome": 1240,
        "provisionforIncomeTaxes": 199,
        "researchDevelopment": 567,
        "revenue": 8314,
        "sgaExpense": 2386,
        "totalOperatingExpense": 3436,
        "totalOtherIncomeExpenseNet": 51
      },
      {
        "costOfGoodsSold": 3356,
        "depreciationAmortization": 484,
        "dilutedAverageSharesOutstanding": 1784.167,
        "dilutedEPS": 0.54,
        "ebit": 1228,
        "grossIncome": 4720,
        "interestExpense": 167,
        "interestIncomeExpense": -150,
        "netIncome": 960,
        "netIncomeAfterTaxes": 960,
        "nonRecurringItems": -30,
        "period": "2019-09-30",
        "pretaxIncome": 1103,
        "provisionforIncomeTaxes": 143,
        "researchDevelopment": 594,
        "revenue": 8076,
        "sgaExpense": 2414,
        "totalOperatingExpense": 3492,
        "totalOtherIncomeExpenseNet": 55
      },
      {
        "costOfGoodsSold": 3279,
        "depreciationAmortization": 483,
        "dilutedAverageSharesOutstanding": 1781.417,
        "dilutedEPS": 0.56,
        "ebit": 1207,
        "grossIncome": 4700,
        "interestExpense": 168,
        "interestIncomeExpense": -142,
        "netIncome": 1006,
        "netIncomeAfterTaxes": 1006,
        "nonRecurringItems": -1,
        "period": "2019-06-30",
        "pretaxIncome": 1102,
        "provisionforIncomeTaxes": 96,
        "researchDevelopment": 577,
        "revenue": 7979,
        "sgaExpense": 2433,
        "totalOperatingExpense": 3493,
        "totalOtherIncomeExpenseNet": 38
      },
      {
        "costOfGoodsSold": 3144,
        "depreciationAmortization": 486,
        "dilutedAverageSharesOutstanding": 1776.573,
        "dilutedEPS": 0.37,
        "ebit": 774,
        "grossIncome": 4391,
        "interestExpense": 171,
        "interestIncomeExpense": -154,
        "netIncome": 672,
        "netIncomeAfterTaxes": 594,
        "nonRecurringItems": -35,
        "period": "2019-03-31",
        "pretaxIncome": 632,
        "provisionforIncomeTaxes": 38,
        "researchDevelopment": 670,
        "revenue": 7535,
        "sgaExpense": 2461,
        "totalOperatingExpense": 3617,
        "totalOtherIncomeExpenseNet": 47
      },
      {
        "costOfGoodsSold": 3188,
        "depreciationAmortization": 488,
        "dilutedAverageSharesOutstanding": 1773.87,
        "dilutedEPS": 0.36,
        "ebit": 1182,
        "grossIncome": 4577,
        "interestExpense": 186,
        "interestIncomeExpense": -178,
        "netIncome": 654,
        "netIncomeAfterTaxes": 732,
        "nonRecurringItems": -103,
        "period": "2018-12-31",
        "pretaxIncome": 947,
        "provisionforIncomeTaxes": 215,
        "researchDevelopment": 561,
        "revenue": 7765,
        "sgaExpense": 2346,
        "totalOperatingExpense": 3395,
        "totalOtherIncomeExpenseNet": 46
      },
      {
        "costOfGoodsSold": 3165,
        "depreciationAmortization": 544,
        "dilutedAverageSharesOutstanding": 1771.68,
        "dilutedEPS": 0.33,
        "ebit": 1013,
        "grossIncome": 4491,
        "interestExpense": 203,
        "interestIncomeExpense": -192,
        "netIncome": 563,
        "netIncomeAfterTaxes": 589,
        "nonRecurringItems": -85,
        "period": "2018-09-30",
        "pretaxIncome": 718,
        "provisionforIncomeTaxes": 129,
        "researchDevelopment": 573,
        "revenue": 7656,
        "sgaExpense": 2361,
        "totalOperatingExpense": 3478,
        "totalOtherIncomeExpenseNet": -18
      },
      {
        "costOfGoodsSold": 3281,
        "depreciationAmortization": 562,
        "dilutedAverageSharesOutstanding": 1768.95,
        "dilutedEPS": 0.41,
        "ebit": 894,
        "grossIncome": 4486,
        "interestExpense": 210,
        "interestIncomeExpense": -183,
        "netIncome": 733,
        "netIncomeAfterTaxes": 719,
        "nonRecurringItems": -12,
        "period": "2018-06-30",
        "pretaxIncome": 777,
        "provisionforIncomeTaxes": 58,
        "researchDevelopment": 573,
        "revenue": 7767,
        "sgaExpense": 2457,
        "totalOperatingExpense": 3592,
        "totalOtherIncomeExpenseNet": 78
      },
      {
        "costOfGoodsSold": 3057,
        "depreciationAmortization": 584,
        "dilutedAverageSharesOutstanding": 1765.278,
        "dilutedEPS": 0.24,
        "ebit": 641,
        "grossIncome": 4333,
        "interestExpense": 227,
        "interestIncomeExpense": -196,
        "netIncome": 418,
        "netIncomeAfterTaxes": 424,
        "nonRecurringItems": -47,
        "period": "2018-03-31",
        "pretaxIncome": 431,
        "provisionforIncomeTaxes": 7,
        "researchDevelopment": 581,
        "revenue": 7390,
        "sgaExpense": 2527,
        "totalOperatingExpense": 3692,
        "totalOtherIncomeExpenseNet": 33
      },
      {
        "costOfGoodsSold": 3332,
        "depreciationAmortization": 560,
        "dilutedAverageSharesOutstanding": 1748.07,
        "dilutedEPS": -0.47,
        "ebit": 582,
        "grossIncome": 4257,
        "interestExpense": 246,
        "interestIncomeExpense": -211,
        "netIncome": -828,
        "netIncomeAfterTaxes": 596,
        "nonRecurringItems": -53,
        "period": "2017-12-31",
        "pretaxIncome": 574,
        "provisionforIncomeTaxes": -22,
        "researchDevelopment": 637,
        "revenue": 7589,
        "sgaExpense": 2478,
        "totalOperatingExpense": 3675,
        "totalOtherIncomeExpenseNet": 256
      },
      {
        "costOfGoodsSold": 2857,
        "depreciationAmortization": 501,
        "dilutedAverageSharesOutstanding": 1754.156,
        "dilutedEPS": 0.34,
        "ebit": 898,
        "grossIncome": 3972,
        "interestExpense": 218,
        "interestIncomeExpense": -176,
        "netIncome": 603,
        "netIncomeAfterTaxes": 561,
        "nonRecurringItems": -88,
        "period": "2017-09-30",
        "pretaxIncome": 626,
        "provisionforIncomeTaxes": 65,
        "researchDevelopment": 493,
        "revenue": 6829,
        "sgaExpense": 2080,
        "totalOperatingExpense": 3074,
        "totalOtherIncomeExpenseNet": -8
      },
      {
        "costOfGoodsSold": 3169,
        "depreciationAmortization": 392,
        "dilutedAverageSharesOutstanding": 1740.524,
        "dilutedEPS": 0.16,
        "ebit": 457,
        "grossIncome": 3468,
        "interestExpense": 214,
        "interestIncomeExpense": -171,
        "netIncome": 283,
        "netIncomeAfterTaxes": 270,
        "nonRecurringItems": -30,
        "period": "2017-06-30",
        "pretaxIncome": 295,
        "provisionforIncomeTaxes": 25,
        "researchDevelopment": 512,
        "revenue": 6637,
        "sgaExpense": 2107,
        "totalOperatingExpense": 3011,
        "totalOtherIncomeExpenseNet": 39
      },
      {
        "costOfGoodsSold": 3044,
        "depreciationAmortization": 522,
        "dilutedAverageSharesOutstanding": 1735.195,
        "dilutedEPS": 0.24,
        "ebit": -71,
        "grossIncome": 3291,
        "interestExpense": 226,
        "interestIncomeExpense": -188,
        "netIncome": 419,
        "netIncomeAfterTaxes": 386,
        "nonRecurringItems": -131,
        "period": "2017-03-31",
        "pretaxIncome": 736,
        "provisionforIncomeTaxes": 350,
        "researchDevelopment": 541,
        "revenue": 6335,
        "sgaExpense": 2299,
        "totalOperatingExpense": 3362,
        "totalOtherIncomeExpenseNet": 1126
      },
      {
        "costOfGoodsSold": 2380,
        "depreciationAmortization": 121,
        "dilutedAverageSharesOutstanding": 1483.96,
        "dilutedEPS": 0.52,
        "ebit": 798,
        "grossIncome": 2953,
        "interestExpense": 153,
        "interestIncomeExpense": -127,
        "netIncome": 798,
        "netIncomeAfterTaxes": 765,
        "nonRecurringItems": -9,
        "period": "2016-12-31",
        "pretaxIncome": 875,
        "provisionforIncomeTaxes": 110,
        "researchDevelopment": 363,
        "revenue": 5333,
        "sgaExpense": 1671,
        "totalOperatingExpense": 2155,
        "totalOtherIncomeExpenseNet": 213
      },
      {
        "costOfGoodsSold": 2285,
        "depreciationAmortization": 140,
        "dilutedAverageSharesOutstanding": 1476.366,
        "dilutedEPS": -0.24,
        "ebit": 907,
        "grossIncome": 3017,
        "interestExpense": 117,
        "interestIncomeExpense": -104,
        "netIncome": -329,
        "netIncomeAfterTaxes": -357,
        "nonRecurringItems": -10,
        "period": "2016-09-30",
        "pretaxIncome": -179,
        "provisionforIncomeTaxes": 178,
        "researchDevelopment": 352,
        "revenue": 5302,
        "sgaExpense": 1618,
        "totalOperatingExpense": 2110,
        "totalOtherIncomeExpenseNet": -972
      },
      {
        "costOfGoodsSold": 2281,
        "depreciationAmortization": 145,
        "dilutedAverageSharesOutstanding": 1480.492,
        "dilutedEPS": 0.4,
        "ebit": 813,
        "grossIncome": 3052,
        "interestExpense": 103,
        "interestIncomeExpense": -93,
        "netIncome": 615,
        "netIncomeAfterTaxes": 599,
        "nonRecurringItems": 3,
        "period": "2016-06-30",
        "pretaxIncome": 715,
        "provisionforIncomeTaxes": 116,
        "researchDevelopment": 348,
        "revenue": 5333,
        "sgaExpense": 1746,
        "totalOperatingExpense": 2239,
        "totalOtherIncomeExpenseNet": -8
      },
      {
        "costOfGoodsSold": 2139,
        "depreciationAmortization": 144,
        "dilutedAverageSharesOutstanding": 1483.673,
        "dilutedEPS": 0.21,
        "ebit": 540,
        "grossIncome": 2746,
        "interestExpense": 58,
        "interestIncomeExpense": -503,
        "netIncome": 316,
        "netIncomeAfterTaxes": 56,
        "nonRecurringItems": -16,
        "period": "2016-03-31",
        "pretaxIncome": 2,
        "provisionforIncomeTaxes": -54,
        "researchDevelopment": 379,
        "revenue": 4885,
        "sgaExpense": 1683,
        "totalOperatingExpense": 2206,
        "totalOtherIncomeExpenseNet": -19
      },
      {
        "costOfGoodsSold": 2222,
        "depreciationAmortization": 143,
        "dilutedAverageSharesOutstanding": 1496.568,
        "dilutedEPS": 0.51,
        "ebit": 792,
        "grossIncome": 2966,
        "interestExpense": 41,
        "interestIncomeExpense": 21,
        "netIncome": 767,
        "netIncomeAfterTaxes": 695,
        "nonRecurringItems": 23,
        "period": "2015-12-31",
        "pretaxIncome": 830,
        "provisionforIncomeTaxes": 135,
        "researchDevelopment": 375,
        "revenue": 5188,
        "sgaExpense": 1656,
        "totalOperatingExpense": 2174,
        "totalOtherIncomeExpenseNet": -6
      },
      {
        "costOfGoodsSold": 2209,
        "depreciationAmortization": 151,
        "dilutedAverageSharesOutstanding": 1505.167,
        "dilutedEPS": 0.4,
        "ebit": 812,
        "grossIncome": 2941,
        "interestExpense": 41,
        "interestIncomeExpense": -2,
        "netIncome": 580,
        "netIncomeAfterTaxes": 596,
        "nonRecurringItems": -99,
        "period": "2015-09-30",
        "pretaxIncome": 714,
        "provisionforIncomeTaxes": 118,
        "researchDevelopment": 338,
        "revenue": 5150,
        "sgaExpense": 1640,
        "totalOperatingExpense": 2129,
        "totalOtherIncomeExpenseNet": 3
      }
    ],
    "symbol": "ABT"
  }
}