{
  "symbol": "ADI",
  "statement": "ic",
  "frequency": "quarterly",
  "timestamp": "2025-09-19T13:56:02.907912",
  "data": {
    "financials": [
      {
        "costOfGoodsSold": 1090.6,
        "depreciationAmortization": 187.415,
        "dilutedAverageSharesOutstanding": 496.726,
        "dilutedEPS": 1.0439,
        "ebit": 822.376,
        "grossIncome": 1789.748,
        "interestExpense": 79.592,
        "interestIncomeExpense": -52.509,
        "netIncome": 518.518,
        "netIncomeAfterTaxes": 518.518,
        "nonRecurringItems": -4.348,
        "period": "2025-08-02",
        "pretaxIncome": 763.409,
        "provisionforIncomeTaxes": 244.891,
        "researchDevelopment": 454.251,
        "revenue": 2880.348,
        "sgaExpense": 325.706,
        "totalOperatingExpense": 967.372,
        "totalOtherIncomeExpenseNet": -2.11
      },
      {
        "costOfGoodsSold": 1028.458,
        "depreciationAmortization": 187.415,
        "dilutedAverageSharesOutstanding": 498.201,
        "dilutedEPS": 1.1437,
        "ebit": 679.689,
        "grossIncome": 1611.61,
        "interestExpense": 74.703,
        "interestIncomeExpense": -52.978,
        "netIncome": 569.77,
        "netIncomeAfterTaxes": 569.77,
        "nonRecurringItems": -1.745,
        "period": "2025-05-03",
        "pretaxIncome": 625.928,
        "provisionforIncomeTaxes": 56.158,
        "researchDevelopment": 441.837,
        "revenue": 2640.068,
        "sgaExpense": 302.669,
        "totalOperatingExpense": 931.921,
        "totalOtherIncomeExpenseNet": 0.962
      },
      {
        "costOfGoodsSold": 992.871,
        "depreciationAmortization": 187.415,
        "dilutedAverageSharesOutstanding": 498.668,
        "dilutedEPS": 0.7847,
        "ebit": 555.2,
        "grossIncome": 1430.303,
        "interestExpense": 75.264,
        "interestIncomeExpense": -51.777,
        "netIncome": 391.316,
        "netIncomeAfterTaxes": 391.316,
        "nonRecurringItems": -63.887,
        "period": "2025-02-01",
        "pretaxIncome": 435.576,
        "provisionforIncomeTaxes": 44.26,
        "researchDevelopment": 402.892,
        "revenue": 2423.174,
        "sgaExpense": 284.796,
        "totalOperatingExpense": 875.103,
        "totalOtherIncomeExpenseNet": -3.96
      },
      {
        "costOfGoodsSold": 1027.077,
        "depreciationAmortization": 187.754,
        "dilutedAverageSharesOutstanding": 498.721,
        "dilutedEPS": 0.9506,
        "ebit": 572.251,
        "grossIncome": 1416.128,
        "interestExpense": 82.804,
        "interestIncomeExpense": -54.857,
        "netIncome": 478.072,
        "netIncomeAfterTaxes": 474.095,
        "nonRecurringItems": -2.859,
        "period": "2024-11-02",
        "pretaxIncome": 516.328,
        "provisionforIncomeTaxes": 42.233,
        "researchDevelopment": 378.903,
        "revenue": 2443.205,
        "sgaExpense": 277.22,
        "totalOperatingExpense": 843.877,
        "totalOtherIncomeExpenseNet": 1.793
      },
      {
        "costOfGoodsSold": 1000.97,
        "depreciationAmortization": 187.754,
        "dilutedAverageSharesOutstanding": 498.794,
        "dilutedEPS": 0.7864,
        "ebit": 503.601,
        "grossIncome": 1311.239,
        "interestExpense": 85.179,
        "interestIncomeExpense": -58.747,
        "netIncome": 392.232,
        "netIncomeAfterTaxes": 392.232,
        "nonRecurringItems": -12.282,
        "period": "2024-08-03",
        "pretaxIncome": 422.991,
        "provisionforIncomeTaxes": 30.759,
        "researchDevelopment": 362.671,
        "revenue": 2312.209,
        "sgaExpense": 257.213,
        "totalOperatingExpense": 807.638,
        "totalOtherIncomeExpenseNet": -9.581
      },
      {
        "costOfGoodsSold": 979.004,
        "depreciationAmortization": 188.944,
        "dilutedAverageSharesOutstanding": 498.533,
        "dilutedEPS": 0.6063,
        "ebit": 392.1,
        "grossIncome": 1180.035,
        "interestExpense": 77.103,
        "interestIncomeExpense": -61.834,
        "netIncome": 302.242,
        "netIncomeAfterTaxes": 302.242,
        "nonRecurringItems": -5.977,
        "period": "2024-05-04",
        "pretaxIncome": 324.603,
        "provisionforIncomeTaxes": 22.361,
        "researchDevelopment": 354.862,
        "revenue": 2159.039,
        "sgaExpense": 244.129,
        "totalOperatingExpense": 787.935,
        "totalOtherIncomeExpenseNet": 0.314
      },
      {
        "costOfGoodsSold": 1038.763,
        "depreciationAmortization": 190.332,
        "dilutedAverageSharesOutstanding": 498.741,
        "dilutedEPS": 0.9278,
        "ebit": 602.104,
        "grossIncome": 1473.941,
        "interestExpense": 77.141,
        "interestIncomeExpense": -67.972,
        "netIncome": 462.727,
        "netIncomeAfterTaxes": 462.727,
        "nonRecurringItems": -16.14,
        "period": "2024-02-03",
        "pretaxIncome": 513.418,
        "provisionforIncomeTaxes": 50.691,
        "researchDevelopment": 391.427,
        "revenue": 2512.704,
        "sgaExpense": 290.078,
        "totalOperatingExpense": 871.837,
        "totalOtherIncomeExpenseNet": -4.574
      },
      {
        "costOfGoodsSold": 1069.768,
        "depreciationAmortization": 202.736,
        "dilutedAverageSharesOutstanding": 500.424,
        "dilutedEPS": 0.99,
        "ebit": 748.45,
        "grossIncome": 1646.716,
        "interestExpense": 71.59,
        "interestIncomeExpense": -62.501,
        "netIncome": 498.43,
        "netIncomeAfterTaxes": 416.735,
        "nonRecurringItems": -114.035,
        "period": "2023-10-28",
        "pretaxIncome": 571.786,
        "provisionforIncomeTaxes": 155.051,
        "researchDevelopment": 406.594,
        "revenue": 2716.484,
        "sgaExpense": 288.936,
        "totalOperatingExpense": 898.266,
        "totalOtherIncomeExpenseNet": -0.128
      },
      {
        "costOfGoodsSold": 1114.9,
        "depreciationAmortization": 250.7,
        "dilutedAverageSharesOutstanding": 503.5,
        "dilutedEPS": 1.74,
        "ebit": 953,
        "grossIncome": 1961.6,
        "interestExpense": 69.346,
        "interestIncomeExpense": -60.6,
        "netIncome": 877,
        "netIncomeAfterTaxes": 877,
        "nonRecurringItems": -23.5,
        "period": "2023-07-29",
        "pretaxIncome": 874.8,
        "provisionforIncomeTaxes": -2.2,
        "researchDevelopment": 423.8,
        "revenue": 3076.5,
        "sgaExpense": 334.1,
        "totalOperatingExpense": 1008.6,
        "totalOtherIncomeExpenseNet": 5.9
      },
      {
        "costOfGoodsSold": 1118.4,
        "depreciationAmortization": 253,
        "dilutedAverageSharesOutstanding": 508.7,
        "dilutedEPS": 1.92,
        "ebit": 1151.5,
        "grossIncome": 2144.5,
        "interestExpense": 63.252,
        "interestIncomeExpense": -50.7,
        "netIncome": 977.7,
        "netIncomeAfterTaxes": 977.7,
        "nonRecurringItems": -23.1,
        "period": "2023-04-29",
        "pretaxIncome": 1087.9,
        "provisionforIncomeTaxes": 110.3,
        "researchDevelopment": 415.8,
        "revenue": 3262.9,
        "sgaExpense": 324.3,
        "totalOperatingExpense": 993,
        "totalOtherIncomeExpenseNet": 10.2
      },
      {
        "costOfGoodsSold": 1125.3,
        "depreciationAmortization": 253.1,
        "dilutedAverageSharesOutstanding": 511.2,
        "dilutedEPS": 1.88,
        "ebit": 1130.8,
        "grossIncome": 2124.3,
        "interestExpense": 60.453,
        "interestIncomeExpense": -49.6,
        "netIncome": 961.5,
        "netIncomeAfterTaxes": 961.5,
        "nonRecurringItems": 0,
        "period": "2023-01-28",
        "pretaxIncome": 1073.5,
        "provisionforIncomeTaxes": 112,
        "researchDevelopment": 414.1,
        "revenue": 3249.6,
        "sgaExpense": 326.3,
        "totalOperatingExpense": 993.5,
        "totalOtherIncomeExpenseNet": -7.7
      },
      {
        "costOfGoodsSold": 1104.9,
        "depreciationAmortization": 252.9,
        "dilutedAverageSharesOutstanding": 515.8,
        "dilutedEPS": 1.82,
        "ebit": 1299.3,
        "grossIncome": 2142.8,
        "interestExpense": 47.707,
        "interestIncomeExpense": -43.4,
        "netIncome": 936.2,
        "netIncomeAfterTaxes": 936.2,
        "nonRecurringItems": -196.8,
        "period": "2022-10-29",
        "pretaxIncome": 1048,
        "provisionforIncomeTaxes": 111.8,
        "researchDevelopment": 421,
        "revenue": 3247.7,
        "sgaExpense": 169.7,
        "totalOperatingExpense": 843.5,
        "totalOtherIncomeExpenseNet": -11.1
      },
      {
        "costOfGoodsSold": 1066.7,
        "depreciationAmortization": 252.9,
        "dilutedAverageSharesOutstanding": 520.6,
        "dilutedEPS": 1.44,
        "ebit": 1031.5,
        "grossIncome": 2043.1,
        "interestExpense": 51.189,
        "interestIncomeExpense": -49.4,
        "netIncome": 749,
        "netIncomeAfterTaxes": 749,
        "nonRecurringItems": -138.2,
        "period": "2022-07-30",
        "pretaxIncome": 847.9,
        "provisionforIncomeTaxes": 99,
        "researchDevelopment": 431.8,
        "revenue": 3109.9,
        "sgaExpense": 326.9,
        "totalOperatingExpense": 1011.7,
        "totalOtherIncomeExpenseNet": 4
      },
      {
        "costOfGoodsSold": 1027.5,
        "depreciationAmortization": 253.5,
        "dilutedAverageSharesOutstanding": 526.3,
        "dilutedEPS": 1.49,
        "ebit": 964.9,
        "grossIncome": 1944.5,
        "interestExpense": 49.548,
        "interestIncomeExpense": -49,
        "netIncome": 783.3,
        "netIncomeAfterTaxes": 783.3,
        "nonRecurringItems": -46.7,
        "period": "2022-04-30",
        "pretaxIncome": 879.2,
        "provisionforIncomeTaxes": 96,
        "researchDevelopment": 420.9,
        "revenue": 2972.1,
        "sgaExpense": 305.3,
        "totalOperatingExpense": 979.7,
        "totalOtherIncomeExpenseNet": 10.1
      },
      {
        "costOfGoodsSold": 1282.3,
        "depreciationAmortization": 253.4,
        "dilutedAverageSharesOutstanding": 530.1,
        "dilutedEPS": 0.53,
        "ebit": 424.5,
        "grossIncome": 1402,
        "interestExpense": 51.964,
        "interestIncomeExpense": -51.7,
        "netIncome": 280.1,
        "netIncomeAfterTaxes": 280.1,
        "nonRecurringItems": -59.7,
        "period": "2022-01-29",
        "pretaxIncome": 323.6,
        "provisionforIncomeTaxes": 43.5,
        "researchDevelopment": 426.8,
        "revenue": 2684.3,
        "sgaExpense": 297.4,
        "totalOperatingExpense": 977.5,
        "totalOtherIncomeExpenseNet": 10.5
      },
      {
        "costOfGoodsSold": 1217.7,
        "depreciationAmortization": 213.6,
        "dilutedAverageSharesOutstanding": 487.8,
        "dilutedEPS": 0.16,
        "ebit": 268,
        "grossIncome": 1121.8,
        "interestExpense": 54.621,
        "interestIncomeExpense": -54.2,
        "netIncome": 75.7,
        "netIncomeAfterTaxes": 75.7,
        "nonRecurringItems": -384.1,
        "period": "2021-10-30",
        "pretaxIncome": -156.2,
        "provisionforIncomeTaxes": -231.9,
        "researchDevelopment": 399.1,
        "revenue": 2339.6,
        "sgaExpense": 241.2,
        "totalOperatingExpense": 853.9,
        "totalOtherIncomeExpenseNet": 14.2
      },
      {
        "costOfGoodsSold": 537.7,
        "depreciationAmortization": 107.8,
        "dilutedAverageSharesOutstanding": 371.8,
        "dilutedEPS": 1.35,
        "ebit": 619,
        "grossIncome": 1221.2,
        "interestExpense": 44.659,
        "interestIncomeExpense": -44.4,
        "netIncome": 503.3,
        "netIncomeAfterTaxes": 503.3,
        "nonRecurringItems": -9.4,
        "period": "2021-07-31",
        "pretaxIncome": 572.3,
        "provisionforIncomeTaxes": 69,
        "researchDevelopment": 306.6,
        "revenue": 1758.9,
        "sgaExpense": 187.8,
        "totalOperatingExpense": 602.1,
        "totalOtherIncomeExpenseNet": 7
      },
      {
        "costOfGoodsSold": 524.8,
        "depreciationAmortization": 107.8,
        "dilutedAverageSharesOutstanding": 372.4,
        "dilutedEPS": 1.14,
        "ebit": 543,
        "grossIncome": 1136.6,
        "interestExpense": 43.066,
        "interestIncomeExpense": -42.8,
        "netIncome": 422.9,
        "netIncomeAfterTaxes": 422.9,
        "nonRecurringItems": -23.3,
        "period": "2021-05-01",
        "pretaxIncome": 476,
        "provisionforIncomeTaxes": 53.1,
        "researchDevelopment": 302.2,
        "revenue": 1661.4,
        "sgaExpense": 183.6,
        "totalOperatingExpense": 593.6,
        "totalOtherIncomeExpenseNet": -0.9
      },
      {
        "costOfGoodsSold": 513.1,
        "depreciationAmortization": 107.6,
        "dilutedAverageSharesOutstanding": 373.1,
        "dilutedEPS": 1.04,
        "ebit": 479.5,
        "grossIncome": 1045.4,
        "interestExpense": 42.479,
        "interestIncomeExpense": -42.3,
        "netIncome": 388.5,
        "netIncomeAfterTaxes": 388.5,
        "nonRecurringItems": -15.6,
        "period": "2021-01-30",
        "pretaxIncome": 436.6,
        "provisionforIncomeTaxes": 48.1,
        "researchDevelopment": 288.2,
        "revenue": 1558.5,
        "sgaExpense": 170.1,
        "totalOperatingExpense": 565.9,
        "totalOtherIncomeExpenseNet": 15
      },
      {
        "costOfGoodsSold": 503.2,
        "depreciationAmortization": 108,
        "dilutedAverageSharesOutstanding": 372.3,
        "dilutedEPS": 1.04,
        "ebit": 480.8,
        "grossIncome": 1023.1,
        "interestExpense": 48.593,
        "interestIncomeExpense": -48.1,
        "netIncome": 386.5,
        "netIncomeAfterTaxes": 386.5,
        "nonRecurringItems": -19.1,
        "period": "2020-10-31",
        "pretaxIncome": 417.3,
        "provisionforIncomeTaxes": 30.8,
        "researchDevelopment": 280.2,
        "revenue": 1526.3,
        "sgaExpense": 154.1,
        "totalOperatingExpense": 542.3,
        "totalOtherIncomeExpenseNet": 3.7
      },
      {
        "costOfGoodsSold": 483.6,
        "depreciationAmortization": 107.1,
        "dilutedAverageSharesOutstanding": 372,
        "dilutedEPS": 0.97,
        "ebit": 460,
        "grossIncome": 972.6,
        "interestExpense": 45.914,
        "interestIncomeExpense": -45.4,
        "netIncome": 362.7,
        "netIncomeAfterTaxes": 362.7,
        "nonRecurringItems": -40.9,
        "period": "2020-08-01",
        "pretaxIncome": 373,
        "provisionforIncomeTaxes": 10.4,
        "researchDevelopment": 260.8,
        "revenue": 1456.1,
        "sgaExpense": 144.7,
        "totalOperatingExpense": 512.5,
        "totalOtherIncomeExpenseNet": -0.7
      },
      {
        "costOfGoodsSold": 470.4,
        "depreciationAmortization": 107.1,
        "dilutedAverageSharesOutstanding": 371.3,
        "dilutedEPS": 0.72,
        "ebit": 345.3,
        "grossIncome": 846.7,
        "interestExpense": 49.985,
        "interestIncomeExpense": -48.7,
        "netIncome": 267.7,
        "netIncomeAfterTaxes": 267.7,
        "nonRecurringItems": -1.3,
        "period": "2020-05-02",
        "pretaxIncome": 295.1,
        "provisionforIncomeTaxes": 27.4,
        "researchDevelopment": 252.4,
        "revenue": 1317.1,
        "sgaExpense": 141.8,
        "totalOperatingExpense": 501.3,
        "totalOtherIncomeExpenseNet": -0.3
      },
      {
        "costOfGoodsSold": 455.4,
        "depreciationAmortization": 107.2,
        "dilutedAverageSharesOutstanding": 372.3,
        "dilutedEPS": 0.55,
        "ebit": 284.5,
        "grossIncome": 848.1,
        "interestExpense": 48.813,
        "interestIncomeExpense": -46.9,
        "netIncome": 203.9,
        "netIncomeAfterTaxes": 203.9,
        "nonRecurringItems": -11.1,
        "period": "2020-02-01",
        "pretaxIncome": 226.2,
        "provisionforIncomeTaxes": 22.3,
        "researchDevelopment": 257.1,
        "revenue": 1303.6,
        "sgaExpense": 199.3,
        "totalOperatingExpense": 563.6,
        "totalOtherIncomeExpenseNet": -0.3
      },
      {
        "costOfGoodsSold": 501,
        "depreciationAmortization": 107.2,
        "dilutedAverageSharesOutstanding": 372.6,
        "dilutedEPS": 0.74,
        "ebit": 403.2,
        "grossIncome": 942.2,
        "interestExpense": 50.775,
        "interestIncomeExpense": -48.8,
        "netIncome": 277.2,
        "netIncomeAfterTaxes": 277.7,
        "nonRecurringItems": -64.8,
        "period": "2019-11-02",
        "pretaxIncome": 287.8,
        "provisionforIncomeTaxes": 10.1,
        "researchDevelopment": 277,
        "revenue": 1443.2,
        "sgaExpense": 154.8,
        "totalOperatingExpense": 539.1,
        "totalOtherIncomeExpenseNet": -1.7
      },
      {
        "costOfGoodsSold": 482.3,
        "depreciationAmortization": 107.2,
        "dilutedAverageSharesOutstanding": 373.1,
        "dilutedEPS": 0.97,
        "ebit": 447.6,
        "grossIncome": 997.8,
        "interestExpense": 59.871,
        "interestIncomeExpense": -57.2,
        "netIncome": 361.6,
        "netIncomeAfterTaxes": 362.4,
        "nonRecurringItems": -0.9,
        "period": "2019-08-03",
        "pretaxIncome": 389.6,
        "provisionforIncomeTaxes": 27.2,
        "researchDevelopment": 280.1,
        "revenue": 1480.1,
        "sgaExpense": 162.8,
        "totalOperatingExpense": 550.2,
        "totalOtherIncomeExpenseNet": 0.1
      },
      {
        "costOfGoodsSold": 492.5,
        "depreciationAmortization": 107.3,
        "dilutedAverageSharesOutstanding": 373.5,
        "dilutedEPS": 0.96,
        "ebit": 477.9,
        "grossIncome": 1034.1,
        "interestExpense": 59.701,
        "interestIncomeExpense": -56.8,
        "netIncome": 366,
        "netIncomeAfterTaxes": 360.4,
        "nonRecurringItems": -8.2,
        "period": "2019-05-04",
        "pretaxIncome": 408.4,
        "provisionforIncomeTaxes": 48,
        "researchDevelopment": 285.8,
        "revenue": 1526.6,
        "sgaExpense": 163.1,
        "totalOperatingExpense": 556.2,
        "totalOtherIncomeExpenseNet": -4.5
      },
      {
        "costOfGoodsSold": 501.4,
        "depreciationAmortization": 107.3,
        "dilutedAverageSharesOutstanding": 372.5,
        "dilutedEPS": 0.97,
        "ebit": 477.6,
        "grossIncome": 1039.7,
        "interestExpense": 58.728,
        "interestIncomeExpense": -56,
        "netIncome": 355,
        "netIncomeAfterTaxes": 362.5,
        "nonRecurringItems": -21.8,
        "period": "2019-02-02",
        "pretaxIncome": 399.9,
        "provisionforIncomeTaxes": 37.4,
        "researchDevelopment": 287.4,
        "revenue": 1541.1,
        "sgaExpense": 167.3,
        "totalOperatingExpense": 562.1,
        "totalOtherIncomeExpenseNet": 0.2
      },
      {
        "costOfGoodsSold": 490.4,
        "depreciationAmortization": 107.3,
        "dilutedAverageSharesOutstanding": 375.1,
        "dilutedEPS": 1.07,
        "ebit": 468,
        "grossIncome": 1045.8,
        "interestExpense": 59.102,
        "interestIncomeExpense": -56.3,
        "netIncome": 403.4,
        "netIncomeAfterTaxes": 458.9,
        "nonRecurringItems": -1.8,
        "period": "2018-11-03",
        "pretaxIncome": 409.3,
        "provisionforIncomeTaxes": -49.5,
        "researchDevelopment": 295.3,
        "revenue": 1536.1,
        "sgaExpense": 175,
        "totalOperatingExpense": 577.7,
        "totalOtherIncomeExpenseNet": -0.6
      },
      {
        "costOfGoodsSold": 497.6,
        "depreciationAmortization": 107.4,
        "dilutedAverageSharesOutstanding": 375.8,
        "dilutedEPS": 1.08,
        "ebit": 490.1,
        "grossIncome": 1060.6,
        "interestExpense": 61.665,
        "interestIncomeExpense": -59.1,
        "netIncome": 407,
        "netIncomeAfterTaxes": 408.6,
        "nonRecurringItems": -1.1,
        "period": "2018-08-04",
        "pretaxIncome": 430.5,
        "provisionforIncomeTaxes": 21.9,
        "researchDevelopment": 291.6,
        "revenue": 1558.2,
        "sgaExpense": 171.5,
        "totalOperatingExpense": 570.5,
        "totalOtherIncomeExpenseNet": 0.6
      },
      {
        "costOfGoodsSold": 491.1,
        "depreciationAmortization": 107.1,
        "dilutedAverageSharesOutstanding": 376.1,
        "dilutedEPS": 1.06,
        "ebit": 503.7,
        "grossIncome": 1072.4,
        "interestExpense": 64.792,
        "interestIncomeExpense": -62.9,
        "netIncome": 398.7,
        "netIncomeAfterTaxes": 400.3,
        "nonRecurringItems": -1.1,
        "period": "2018-05-05",
        "pretaxIncome": 440.1,
        "provisionforIncomeTaxes": 39.8,
        "researchDevelopment": 289.5,
        "revenue": 1563.5,
        "sgaExpense": 172.1,
        "totalOperatingExpense": 568.7,
        "totalOtherIncomeExpenseNet": 0.5
      },
      {
        "costOfGoodsSold": 495.2,
        "depreciationAmortization": 107,
        "dilutedAverageSharesOutstanding": 374.6,
        "dilutedEPS": 0.78,
        "ebit": 499.1,
        "grossIncome": 1071.7,
        "interestExpense": 68.03,
        "interestIncomeExpense": -65.9,
        "netIncome": 291.9,
        "netIncomeAfterTaxes": 293.2,
        "nonRecurringItems": -57.3,
        "period": "2018-02-03",
        "pretaxIncome": 375.3,
        "provisionforIncomeTaxes": 82.1,
        "researchDevelopment": 288.6,
        "revenue": 1566.9,
        "sgaExpense": 176.9,
        "totalOperatingExpense": 572.5,
        "totalOtherIncomeExpenseNet": -0.6
      },
      {
        "costOfGoodsSold": 567.4,
        "depreciationAmortization": 98.3,
        "dilutedAverageSharesOutstanding": 372.1,
        "dilutedEPS": 1.14,
        "ebit": 555.8,
        "grossIncome": 1112.7,
        "interestExpense": 63.517,
        "interestIncomeExpense": -61.1,
        "netIncome": 424.5,
        "netIncomeAfterTaxes": 425.8,
        "nonRecurringItems": 0,
        "period": "2017-10-28",
        "pretaxIncome": 487.9,
        "provisionforIncomeTaxes": 62.2,
        "researchDevelopment": 273.3,
        "revenue": 1680,
        "sgaExpense": 185.2,
        "totalOperatingExpense": 556.8,
        "totalOtherIncomeExpenseNet": -6.8
      },
      {
        "costOfGoodsSold": 667.3,
        "depreciationAmortization": 112.2,
        "dilutedAverageSharesOutstanding": 371.2,
        "dilutedEPS": 0.18,
        "ebit": 194.8,
        "grossIncome": 766.6,
        "interestExpense": 73.073,
        "interestIncomeExpense": -67.5,
        "netIncome": 67.9,
        "netIncomeAfterTaxes": 68.9,
        "nonRecurringItems": 0,
        "period": "2017-07-29",
        "pretaxIncome": 126.8,
        "provisionforIncomeTaxes": 57.9,
        "researchDevelopment": 275.7,
        "revenue": 1433.9,
        "sgaExpense": 184,
        "totalOperatingExpense": 571.8,
        "totalOtherIncomeExpenseNet": -0.5
      },
      {
        "costOfGoodsSold": 507.5,
        "depreciationAmortization": 68.7,
        "dilutedAverageSharesOutstanding": 376.9,
        "dilutedEPS": 0.23,
        "ebit": 145.8,
        "grossIncome": 640.4,
        "interestExpense": 71.636,
        "interestIncomeExpense": -59.2,
        "netIncome": 93.6,
        "netIncomeAfterTaxes": 93.6,
        "nonRecurringItems": 0,
        "period": "2017-04-29",
        "pretaxIncome": 86.7,
        "provisionforIncomeTaxes": -6.9,
        "researchDevelopment": 235.2,
        "revenue": 1148,
        "sgaExpense": 190.7,
        "totalOperatingExpense": 494.6,
        "totalOtherIncomeExpenseNet": 0.1
      },
      {
        "costOfGoodsSold": 335.9,
        "depreciationAmortization": 18.2,
        "dilutedAverageSharesOutstanding": 337.5,
        "dilutedEPS": 0.64,
        "ebit": 315.8,
        "grossIncome": 648.5,
        "interestExpense": 42.614,
        "interestIncomeExpense": -32.6,
        "netIncome": 217,
        "netIncomeAfterTaxes": 217.1,
        "nonRecurringItems": -49.5,
        "period": "2017-01-28",
        "pretaxIncome": 233.3,
        "provisionforIncomeTaxes": 16.2,
        "researchDevelopment": 184,
        "revenue": 984.4,
        "sgaExpense": 130.7,
        "totalOperatingExpense": 332.8,
        "totalOtherIncomeExpenseNet": -0.3
      },
      {
        "costOfGoodsSold": 336.9,
        "depreciationAmortization": 17.9,
        "dilutedAverageSharesOutstanding": 311.6,
        "dilutedEPS": 0.95,
        "ebit": 357,
        "grossIncome": 666.7,
        "interestExpense": 38.764,
        "interestIncomeExpense": -31.7,
        "netIncome": 296.2,
        "netIncomeAfterTaxes": 296.2,
        "nonRecurringItems": 0,
        "period": "2016-10-29",
        "pretaxIncome": 323.4,
        "provisionforIncomeTaxes": 27.3,
        "researchDevelopment": 172.9,
        "revenue": 1003.6,
        "sgaExpense": 118.9,
        "totalOperatingExpense": 309.7,
        "totalOtherIncomeExpenseNet": -1.9
      },
      {
        "costOfGoodsSold": 297.3,
        "depreciationAmortization": 17.4,
        "dilutedAverageSharesOutstanding": 310.6,
        "dilutedEPS": 0.74,
        "ebit": 268.7,
        "grossIncome": 572.3,
        "interestExpense": 18.476,
        "interestIncomeExpense": -12.8,
        "netIncome": 230.4,
        "netIncomeAfterTaxes": 230.4,
        "nonRecurringItems": 0,
        "period": "2016-07-30",
        "pretaxIncome": 256.4,
        "provisionforIncomeTaxes": 26,
        "researchDevelopment": 163.2,
        "revenue": 869.6,
        "sgaExpense": 122.9,
        "totalOperatingExpense": 303.6,
        "totalOtherIncomeExpenseNet": 0.5
      },
      {
        "costOfGoodsSold": 267.9,
        "depreciationAmortization": 17.4,
        "dilutedAverageSharesOutstanding": 312.3,
        "dilutedEPS": 0.55,
        "ebit": 221.1,
        "grossIncome": 510.9,
        "interestExpense": 18.455,
        "interestIncomeExpense": -13.2,
        "netIncome": 170.6,
        "netIncomeAfterTaxes": 170.6,
        "nonRecurringItems": -13.7,
        "period": "2016-04-30",
        "pretaxIncome": 194.9,
        "provisionforIncomeTaxes": 24.3,
        "researchDevelopment": 160.2,
        "revenue": 778.8,
        "sgaExpense": 112.2,
        "totalOperatingExpense": 289.8,
        "totalOtherIncomeExpenseNet": 0.7
      },
      {
        "costOfGoodsSold": 292.1,
        "depreciationAmortization": 17.4,
        "dilutedAverageSharesOutstanding": 314.8,
        "dilutedEPS": 0.52,
        "ebit": 195,
        "grossIncome": 477.3,
        "interestExpense": 13.062,
        "interestIncomeExpense": -9.9,
        "netIncome": 164.5,
        "netIncomeAfterTaxes": 164.5,
        "period": "2016-01-30",
        "pretaxIncome": 182.2,
        "provisionforIncomeTaxes": 17.7,
        "researchDevelopment": 157.4,
        "revenue": 769.4,
        "sgaExpense": 107.5,
        "totalOperatingExpense": 282.3,
        "totalOtherIncomeExpenseNet": -3
      },
      {
        "costOfGoodsSold": 336.9,
        "depreciationAmortization": 17.4,
        "dilutedAverageSharesOutstanding": 316.6,
        "dilutedEPS": 0.3,
        "ebit": 108.6,
        "grossIncome": 641.8,
        "interestExpense": 6.739,
        "interestIncomeExpense": -4.4,
        "netIncome": 96.3,
        "netIncomeAfterTaxes": 96.3,
        "nonRecurringItems": 0,
        "otherOperatingExpensesTotal": 223.7,
        "period": "2015-10-31",
        "pretaxIncome": 104.7,
        "provisionforIncomeTaxes": 8.4,
        "researchDevelopment": 170.7,
        "revenue": 978.7,
        "sgaExpense": 121.4,
        "totalOperatingExpense": 533.2,
        "totalOtherIncomeExpenseNet": 0.4
      }
    ],
    "symbol": "ADI"
  }
}