{
  "symbol": "MO",
  "statement": "ic",
  "frequency": "annual",
  "timestamp": "2025-09-19T13:55:40.798623",
  "data": {
    "financials": [
      {
        "costOfGoodsSold": 9678,
        "dilutedAverageSharesOutstanding": 1718,
        "dilutedEPS": 6.54,
        "ebit": 11737,
        "gainLossOnDispositionOfAssets": 2700,
        "grossIncome": 14340,
        "interestExpense": 1124,
        "interestIncomeExpense": -385,
        "netIncome": 11236,
        "netIncomeAfterTaxes": 11264,
        "nonRecurringItems": -496,
        "period": "2024-12-31",
        "pretaxIncome": 13658,
        "provisionforIncomeTaxes": 2394,
        "revenue": 24018,
        "sgaExpense": 2603,
        "totalOperatingExpense": 2603,
        "totalOtherIncomeExpenseNet": 102,
        "year": 2024
      },
      {
        "costOfGoodsSold": 10249,
        "dilutedAverageSharesOutstanding": 1777,
        "dilutedEPS": 4.57,
        "ebit": 11951,
        "grossIncome": 14234,
        "interestExpense": 1149,
        "interestIncomeExpense": -746,
        "netIncome": 8113,
        "netIncomeAfterTaxes": 8130,
        "nonRecurringItems": -404,
        "period": "2023-12-31",
        "pretaxIncome": 10928,
        "provisionforIncomeTaxes": 2798,
        "revenue": 24483,
        "sgaExpense": 2283,
        "totalOperatingExpense": 2283,
        "totalOtherIncomeExpenseNet": 127,
        "year": 2023
      },
      {
        "costOfGoodsSold": 10913,
        "dilutedAverageSharesOutstanding": 1804,
        "dilutedEPS": 3.19,
        "ebit": 11995,
        "grossIncome": 14183,
        "interestExpense": 1128,
        "interestIncomeExpense": -4714,
        "minorityInterest": 0,
        "netIncome": 5751,
        "netIncomeAfterTaxes": 5764,
        "nonRecurringItems": -76,
        "period": "2022-12-31",
        "pretaxIncome": 7389,
        "provisionforIncomeTaxes": 1625,
        "revenue": 25096,
        "sgaExpense": 2188,
        "totalOperatingExpense": 2188,
        "totalOtherIncomeExpenseNet": 184,
        "year": 2022
      },
      {
        "costOfGoodsSold": 12073,
        "dilutedAverageSharesOutstanding": 1845,
        "dilutedEPS": 1.34,
        "ebit": 11800,
        "grossIncome": 13940,
        "interestExpense": 1188,
        "interestIncomeExpense": -7289,
        "minorityInterest": 0,
        "netIncome": 2464,
        "netIncomeAfterTaxes": 2475,
        "nonRecurringItems": -889,
        "period": "2021-12-31",
        "pretaxIncome": 3824,
        "provisionforIncomeTaxes": 1349,
        "revenue": 26013,
        "sgaExpense": 2140,
        "totalOperatingExpense": 2140,
        "totalOtherIncomeExpenseNet": 202,
        "year": 2021
      },
      {
        "costOfGoodsSold": 12669,
        "dilutedAverageSharesOutstanding": 1859,
        "dilutedEPS": 2.41,
        "ebit": 11840,
        "grossIncome": 13484,
        "interestExpense": 1223,
        "interestIncomeExpense": -1460,
        "minorityInterest": 13,
        "netIncome": 4459,
        "netIncomeAfterTaxes": 4477,
        "nonRecurringItems": -3567,
        "period": "2020-12-31",
        "pretaxIncome": 6890,
        "provisionforIncomeTaxes": 2413,
        "revenue": 26153,
        "sgaExpense": 1644,
        "totalOperatingExpense": 1644,
        "totalOtherIncomeExpenseNet": 77,
        "year": 2020
      },
      {
        "costOfGoodsSold": 12397,
        "dilutedAverageSharesOutstanding": 1869,
        "dilutedEPS": -0.69,
        "ebit": 10585,
        "grossIncome": 12713,
        "interestExpense": 1322,
        "interestIncomeExpense": -997,
        "minorityInterest": 5,
        "netIncome": -1300,
        "netIncomeAfterTaxes": -1214,
        "nonRecurringItems": -8888,
        "period": "2019-12-31",
        "pretaxIncome": 766,
        "provisionforIncomeTaxes": 1980,
        "revenue": 25110,
        "sgaExpense": 2128,
        "totalOperatingExpense": 2128,
        "totalOtherIncomeExpenseNet": 66,
        "year": 2019
      },
      {
        "costOfGoodsSold": 12898,
        "dilutedAverageSharesOutstanding": 1888,
        "dilutedEPS": 3.68,
        "ebit": 9823,
        "grossIncome": 12466,
        "interestExpense": 697,
        "interestIncomeExpense": 225,
        "minorityInterest": -4,
        "netIncome": 6955,
        "netIncomeAfterTaxes": 7155,
        "nonRecurringItems": -741,
        "period": "2018-12-31",
        "pretaxIncome": 9341,
        "provisionforIncomeTaxes": 2186,
        "revenue": 25364,
        "sgaExpense": 2643,
        "totalOperatingExpense": 2643,
        "totalOtherIncomeExpenseNet": 34,
        "year": 2018
      },
      {
        "costOfGoodsSold": 13563,
        "dilutedAverageSharesOutstanding": 1921,
        "dilutedEPS": 5.31,
        "ebit": 9747,
        "grossIncome": 12013,
        "interestExpense": 727,
        "interestIncomeExpense": -164,
        "minorityInterest": -5,
        "netIncome": 10208,
        "netIncomeAfterTaxes": 6860,
        "nonRecurringItems": 282,
        "period": "2017-12-31",
        "pretaxIncome": 9828,
        "provisionforIncomeTaxes": 2968,
        "revenue": 25576,
        "sgaExpense": 2266,
        "totalOperatingExpense": 2266,
        "totalOtherIncomeExpenseNet": -37,
        "year": 2017
      },
      {
        "costOfGoodsSold": 14160,
        "dilutedAverageSharesOutstanding": 1952,
        "dilutedEPS": 7.28,
        "ebit": 9010,
        "grossIncome": 11584,
        "interestExpense": 737,
        "interestIncomeExpense": 71,
        "minorityInterest": -5,
        "netIncome": 14215,
        "netIncomeAfterTaxes": 14244,
        "nonRecurringItems": 12770,
        "period": "2016-12-31",
        "pretaxIncome": 21852,
        "provisionforIncomeTaxes": 7608,
        "revenue": 25744,
        "sgaExpense": 2574,
        "totalOperatingExpense": 2574,
        "totalOtherIncomeExpenseNet": 1,
        "year": 2016
      },
      {
        "costOfGoodsSold": 14320,
        "dilutedAverageSharesOutstanding": 1961,
        "dilutedEPS": 2.67,
        "ebit": 8406,
        "grossIncome": 11114,
        "interestExpense": 826,
        "interestIncomeExpense": -60,
        "minorityInterest": -2,
        "netIncome": 5231,
        "netIncomeAfterTaxes": 5243,
        "nonRecurringItems": -268,
        "period": "2015-12-31",
        "pretaxIncome": 8078,
        "provisionforIncomeTaxes": 2835,
        "revenue": 25434,
        "sgaExpense": 2708,
        "totalOperatingExpense": 2708,
        "year": 2015
      }
    ],
    "symbol": "MO"
  }
}