{
  "symbol": "MSI",
  "statement": "ic",
  "frequency": "quarterly",
  "timestamp": "2025-09-19T14:04:23.753454",
  "data": {
    "financials": [
      {
        "costOfGoodsSold": 1352,
        "depreciationAmortization": 39,
        "dilutedAverageSharesOutstanding": 168.8,
        "dilutedEPS": 3.0391,
        "ebit": 693,
        "grossIncome": 1413,
        "interestExpense": 71,
        "interestIncomeExpense": -45,
        "minorityInterest": -2,
        "netIncome": 513,
        "netIncomeAfterTaxes": 515,
        "nonRecurringItems": -1,
        "period": "2025-06-28",
        "pretaxIncome": 680,
        "provisionforIncomeTaxes": 165,
        "researchDevelopment": 231,
        "revenue": 2765,
        "sgaExpense": 450,
        "totalOperatingExpense": 720,
        "totalOtherIncomeExpenseNet": 33
      },
      {
        "costOfGoodsSold": 1228,
        "depreciationAmortization": 37,
        "dilutedAverageSharesOutstanding": 169.8,
        "dilutedEPS": 2.5324,
        "ebit": 594,
        "grossIncome": 1300,
        "interestExpense": 69,
        "interestIncomeExpense": -63,
        "minorityInterest": -2,
        "netIncome": 430,
        "netIncomeAfterTaxes": 432,
        "nonRecurringItems": -12,
        "period": "2025-03-29",
        "pretaxIncome": 547,
        "provisionforIncomeTaxes": 115,
        "researchDevelopment": 233,
        "revenue": 2528,
        "sgaExpense": 436,
        "totalOperatingExpense": 706,
        "totalOtherIncomeExpenseNet": 28
      },
      {
        "costOfGoodsSold": 1462,
        "depreciationAmortization": 38,
        "dilutedAverageSharesOutstanding": 171.4,
        "dilutedEPS": 3.5648,
        "ebit": 775,
        "grossIncome": 1549,
        "interestExpense": 74,
        "interestIncomeExpense": -59,
        "minorityInterest": -1,
        "netIncome": 611,
        "netIncomeAfterTaxes": 612,
        "nonRecurringItems": 39,
        "otherOperatingExpensesTotal": 3,
        "period": "2024-12-31",
        "pretaxIncome": 788,
        "provisionforIncomeTaxes": 176,
        "researchDevelopment": 246,
        "revenue": 3011,
        "sgaExpense": 487,
        "totalOperatingExpense": 774,
        "totalOtherIncomeExpenseNet": 33
      },
      {
        "costOfGoodsSold": 1357,
        "depreciationAmortization": 38,
        "dilutedAverageSharesOutstanding": 170.9,
        "dilutedEPS": 3.29,
        "ebit": 722,
        "grossIncome": 1433,
        "interestExpense": 73,
        "interestIncomeExpense": -53,
        "minorityInterest": -1,
        "netIncome": 562,
        "netIncomeAfterTaxes": 563,
        "nonRecurringItems": -11,
        "period": "2024-09-28",
        "pretaxIncome": 695,
        "provisionforIncomeTaxes": 132,
        "researchDevelopment": 234,
        "revenue": 2790,
        "sgaExpense": 439,
        "totalOperatingExpense": 711,
        "totalOtherIncomeExpenseNet": 37
      },
      {
        "costOfGoodsSold": 1289,
        "depreciationAmortization": 36,
        "dilutedAverageSharesOutstanding": 170.3,
        "dilutedEPS": 2.6,
        "ebit": 653,
        "grossIncome": 1339,
        "interestExpense": 87,
        "interestIncomeExpense": -82,
        "minorityInterest": -2,
        "netIncome": 443,
        "netIncomeAfterTaxes": 445,
        "nonRecurringItems": -9,
        "period": "2024-06-29",
        "pretaxIncome": 580,
        "provisionforIncomeTaxes": 135,
        "researchDevelopment": 220,
        "revenue": 2628,
        "sgaExpense": 430,
        "totalOperatingExpense": 686,
        "totalOtherIncomeExpenseNet": 18
      },
      {
        "costOfGoodsSold": 1197,
        "depreciationAmortization": 39,
        "dilutedAverageSharesOutstanding": 166.3,
        "dilutedEPS": -0.23,
        "ebit": 539,
        "grossIncome": 1192,
        "interestExpense": 61,
        "interestIncomeExpense": -55,
        "minorityInterest": -1,
        "netIncome": -39,
        "netIncomeAfterTaxes": -38,
        "nonRecurringItems": -608,
        "otherOperatingExpensesTotal": -1,
        "period": "2024-03-30",
        "pretaxIncome": -90,
        "provisionforIncomeTaxes": -52,
        "researchDevelopment": 218,
        "revenue": 2389,
        "sgaExpense": 397,
        "totalOperatingExpense": 653,
        "totalOtherIncomeExpenseNet": 34
      },
      {
        "costOfGoodsSold": 1394,
        "depreciationAmortization": 40,
        "dilutedAverageSharesOutstanding": 171.8,
        "dilutedEPS": 3.47,
        "ebit": 777,
        "grossIncome": 1455,
        "interestExpense": 63,
        "interestIncomeExpense": -59,
        "minorityInterest": -1,
        "netIncome": 596,
        "netIncomeAfterTaxes": 597,
        "nonRecurringItems": -39,
        "otherOperatingExpensesTotal": -3,
        "period": "2023-12-31",
        "pretaxIncome": 708,
        "provisionforIncomeTaxes": 111,
        "researchDevelopment": 218,
        "revenue": 2849,
        "sgaExpense": 423,
        "totalOperatingExpense": 678,
        "totalOtherIncomeExpenseNet": 29
      },
      {
        "costOfGoodsSold": 1276,
        "depreciationAmortization": 39,
        "dilutedAverageSharesOutstanding": 171.7,
        "dilutedEPS": 2.7,
        "ebit": 645,
        "grossIncome": 1280,
        "interestExpense": 60,
        "interestIncomeExpense": -64,
        "minorityInterest": -1,
        "netIncome": 464,
        "netIncomeAfterTaxes": 465,
        "nonRecurringItems": -13,
        "otherOperatingExpensesTotal": 1,
        "period": "2023-09-30",
        "pretaxIncome": 592,
        "provisionforIncomeTaxes": 127,
        "researchDevelopment": 215,
        "revenue": 2556,
        "sgaExpense": 380,
        "totalOperatingExpense": 635,
        "totalOtherIncomeExpenseNet": 24
      },
      {
        "costOfGoodsSold": 1214,
        "depreciationAmortization": 43,
        "dilutedAverageSharesOutstanding": 172.6,
        "dilutedEPS": 2.15,
        "ebit": 525,
        "grossIncome": 1189,
        "interestExpense": 63,
        "interestIncomeExpense": -52,
        "minorityInterest": -2,
        "netIncome": 371,
        "netIncomeAfterTaxes": 373,
        "nonRecurringItems": -10,
        "otherOperatingExpensesTotal": 16,
        "period": "2023-07-01",
        "pretaxIncome": 487,
        "provisionforIncomeTaxes": 114,
        "researchDevelopment": 215,
        "revenue": 2403,
        "sgaExpense": 390,
        "totalOperatingExpense": 664,
        "totalOtherIncomeExpenseNet": 24
      },
      {
        "costOfGoodsSold": 1125,
        "depreciationAmortization": 55,
        "dilutedAverageSharesOutstanding": 172.6,
        "dilutedEPS": 1.61,
        "ebit": 413,
        "grossIncome": 1046,
        "interestExpense": 63,
        "interestIncomeExpense": -62,
        "minorityInterest": -1,
        "netIncome": 278,
        "netIncomeAfterTaxes": 279,
        "nonRecurringItems": -20,
        "period": "2023-04-01",
        "pretaxIncome": 358,
        "provisionforIncomeTaxes": 79,
        "researchDevelopment": 210,
        "revenue": 2171,
        "sgaExpense": 368,
        "totalOperatingExpense": 633,
        "totalOtherIncomeExpenseNet": 27
      },
      {
        "costOfGoodsSold": 1356,
        "depreciationAmortization": 63,
        "dilutedAverageSharesOutstanding": 171.9,
        "dilutedEPS": 3.43,
        "ebit": 708,
        "grossIncome": 1351,
        "interestExpense": 61,
        "interestIncomeExpense": -59,
        "minorityInterest": -1,
        "netIncome": 589,
        "netIncomeAfterTaxes": 590,
        "nonRecurringItems": -17,
        "otherOperatingExpensesTotal": -3,
        "period": "2022-12-31",
        "pretaxIncome": 663,
        "provisionforIncomeTaxes": 73,
        "researchDevelopment": 202,
        "revenue": 2707,
        "sgaExpense": 381,
        "totalOperatingExpense": 643,
        "totalOtherIncomeExpenseNet": 31
      },
      {
        "costOfGoodsSold": 1342,
        "depreciationAmortization": 63,
        "dilutedAverageSharesOutstanding": 171.5,
        "dilutedEPS": 1.63,
        "ebit": 394,
        "grossIncome": 1031,
        "interestExpense": 62,
        "interestIncomeExpense": -73,
        "minorityInterest": -1,
        "netIncome": 279,
        "netIncomeAfterTaxes": 280,
        "nonRecurringItems": -21,
        "otherOperatingExpensesTotal": -1,
        "period": "2022-10-01",
        "pretaxIncome": 333,
        "provisionforIncomeTaxes": 53,
        "researchDevelopment": 197,
        "revenue": 2373,
        "sgaExpense": 378,
        "totalOperatingExpense": 637,
        "totalOtherIncomeExpenseNet": 33
      },
      {
        "costOfGoodsSold": 1150,
        "depreciationAmortization": 65,
        "dilutedAverageSharesOutstanding": 170.9,
        "dilutedEPS": 1.33,
        "ebit": 378,
        "grossIncome": 990,
        "interestExpense": 59,
        "interestIncomeExpense": -77,
        "minorityInterest": -1,
        "netIncome": 228,
        "netIncomeAfterTaxes": 229,
        "nonRecurringItems": -26,
        "period": "2022-07-02",
        "pretaxIncome": 300,
        "provisionforIncomeTaxes": 71,
        "researchDevelopment": 191,
        "revenue": 2140,
        "sgaExpense": 356,
        "totalOperatingExpense": 612,
        "totalOtherIncomeExpenseNet": 25
      },
      {
        "costOfGoodsSold": 1035,
        "depreciationAmortization": 66,
        "dilutedAverageSharesOutstanding": 173.1,
        "dilutedEPS": 1.54,
        "ebit": 266,
        "grossIncome": 857,
        "interestExpense": 58,
        "interestIncomeExpense": -51,
        "minorityInterest": -1,
        "netIncome": 267,
        "netIncomeAfterTaxes": 268,
        "nonRecurringItems": -28,
        "otherOperatingExpensesTotal": -1,
        "period": "2022-04-02",
        "pretaxIncome": 219,
        "provisionforIncomeTaxes": -49,
        "researchDevelopment": 188,
        "revenue": 1892,
        "sgaExpense": 338,
        "totalOperatingExpense": 591,
        "totalOtherIncomeExpenseNet": 32
      },
      {
        "costOfGoodsSold": 1137,
        "depreciationAmortization": 64,
        "dilutedAverageSharesOutstanding": 174.2,
        "dilutedEPS": 2.3,
        "ebit": 563,
        "grossIncome": 1183,
        "interestExpense": 55,
        "interestIncomeExpense": -63,
        "minorityInterest": -1,
        "netIncome": 401,
        "netIncomeAfterTaxes": 402,
        "nonRecurringItems": -14,
        "otherOperatingExpensesTotal": -1,
        "period": "2021-12-31",
        "pretaxIncome": 518,
        "provisionforIncomeTaxes": 116,
        "researchDevelopment": 189,
        "revenue": 2320,
        "sgaExpense": 368,
        "totalOperatingExpense": 620,
        "totalOtherIncomeExpenseNet": 32
      },
      {
        "costOfGoodsSold": 1062,
        "depreciationAmortization": 56,
        "dilutedAverageSharesOutstanding": 174.1,
        "dilutedEPS": 1.76,
        "ebit": 455,
        "grossIncome": 1045,
        "interestExpense": 58,
        "interestIncomeExpense": -78,
        "minorityInterest": -1,
        "netIncome": 307,
        "netIncomeAfterTaxes": 308,
        "nonRecurringItems": -4,
        "period": "2021-10-02",
        "pretaxIncome": 405,
        "provisionforIncomeTaxes": 97,
        "researchDevelopment": 183,
        "revenue": 2107,
        "sgaExpense": 351,
        "totalOperatingExpense": 590,
        "totalOtherIncomeExpenseNet": 32
      },
      {
        "costOfGoodsSold": 1019,
        "depreciationAmortization": 58,
        "dilutedAverageSharesOutstanding": 173.1,
        "dilutedEPS": 1.69,
        "ebit": 382,
        "grossIncome": 952,
        "interestExpense": 46,
        "interestIncomeExpense": -41,
        "minorityInterest": -1,
        "netIncome": 293,
        "netIncomeAfterTaxes": 294,
        "nonRecurringItems": -30,
        "period": "2021-07-03",
        "pretaxIncome": 340,
        "provisionforIncomeTaxes": 46,
        "researchDevelopment": 181,
        "revenue": 1971,
        "sgaExpense": 331,
        "totalOperatingExpense": 570,
        "totalOtherIncomeExpenseNet": 29
      },
      {
        "costOfGoodsSold": 913,
        "depreciationAmortization": 58,
        "dilutedAverageSharesOutstanding": 173.2,
        "dilutedEPS": 1.41,
        "ebit": 320,
        "grossIncome": 860,
        "interestExpense": 56,
        "interestIncomeExpense": -41,
        "minorityInterest": -1,
        "netIncome": 244,
        "netIncomeAfterTaxes": 245,
        "nonRecurringItems": -22,
        "otherOperatingExpensesTotal": -1,
        "period": "2021-04-03",
        "pretaxIncome": 289,
        "provisionforIncomeTaxes": 44,
        "researchDevelopment": 180,
        "revenue": 1773,
        "sgaExpense": 303,
        "totalOperatingExpense": 540,
        "totalOtherIncomeExpenseNet": 32
      },
      {
        "costOfGoodsSold": 1127,
        "depreciationAmortization": 57,
        "dilutedAverageSharesOutstanding": 173.5,
        "dilutedEPS": 2.37,
        "ebit": 565,
        "grossIncome": 1146,
        "interestExpense": 58,
        "interestIncomeExpense": -53,
        "minorityInterest": -1,
        "netIncome": 412,
        "netIncomeAfterTaxes": 413,
        "nonRecurringItems": -14,
        "otherOperatingExpensesTotal": 1,
        "period": "2020-12-31",
        "pretaxIncome": 522,
        "provisionforIncomeTaxes": 109,
        "researchDevelopment": 181,
        "revenue": 2273,
        "sgaExpense": 342,
        "totalOperatingExpense": 581,
        "totalOtherIncomeExpenseNet": 24
      },
      {
        "costOfGoodsSold": 959,
        "depreciationAmortization": 54,
        "dilutedAverageSharesOutstanding": 173.5,
        "dilutedEPS": 1.18,
        "ebit": 367,
        "grossIncome": 909,
        "interestExpense": 60,
        "interestIncomeExpense": -67,
        "minorityInterest": -1,
        "netIncome": 205,
        "netIncomeAfterTaxes": 206,
        "nonRecurringItems": -71,
        "period": "2020-09-26",
        "pretaxIncome": 251,
        "provisionforIncomeTaxes": 45,
        "researchDevelopment": 175,
        "revenue": 1868,
        "sgaExpense": 313,
        "totalOperatingExpense": 542,
        "totalOtherIncomeExpenseNet": 22
      },
      {
        "costOfGoodsSold": 852,
        "depreciationAmortization": 51,
        "dilutedAverageSharesOutstanding": 173.6,
        "dilutedEPS": 0.78,
        "ebit": 257,
        "grossIncome": 766,
        "interestExpense": 60,
        "interestIncomeExpense": -63,
        "minorityInterest": -1,
        "netIncome": 135,
        "netIncomeAfterTaxes": 136,
        "nonRecurringItems": -39,
        "period": "2020-06-27",
        "pretaxIncome": 176,
        "provisionforIncomeTaxes": 40,
        "researchDevelopment": 161,
        "revenue": 1618,
        "sgaExpense": 297,
        "totalOperatingExpense": 509,
        "totalOtherIncomeExpenseNet": 21
      },
      {
        "costOfGoodsSold": 868,
        "depreciationAmortization": 53,
        "dilutedAverageSharesOutstanding": 175.9,
        "dilutedEPS": 1.12,
        "ebit": 225,
        "grossIncome": 787,
        "interestExpense": 55,
        "interestIncomeExpense": -48,
        "minorityInterest": -1,
        "netIncome": 197,
        "netIncomeAfterTaxes": 198,
        "nonRecurringItems": 34,
        "period": "2020-03-28",
        "pretaxIncome": 224,
        "provisionforIncomeTaxes": 26,
        "researchDevelopment": 168,
        "revenue": 1655,
        "sgaExpense": 341,
        "totalOperatingExpense": 562,
        "totalOtherIncomeExpenseNet": 13
      },
      {
        "costOfGoodsSold": 1156,
        "depreciationAmortization": 54,
        "dilutedAverageSharesOutstanding": 175.3,
        "dilutedEPS": 1.39,
        "ebit": 615,
        "grossIncome": 1220,
        "interestExpense": 59,
        "interestIncomeExpense": -58,
        "minorityInterest": 0,
        "netIncome": 243,
        "netIncomeAfterTaxes": 243,
        "nonRecurringItems": -27,
        "otherOperatingExpensesTotal": 1,
        "period": "2019-12-31",
        "pretaxIncome": 193,
        "provisionforIncomeTaxes": -50,
        "researchDevelopment": 182,
        "revenue": 2376,
        "sgaExpense": 368,
        "totalOperatingExpense": 605,
        "totalOtherIncomeExpenseNet": -337
      },
      {
        "costOfGoodsSold": 987,
        "depreciationAmortization": 52,
        "dilutedAverageSharesOutstanding": 176.4,
        "dilutedEPS": 1.51,
        "ebit": 424,
        "grossIncome": 1007,
        "interestExpense": 60,
        "interestIncomeExpense": -83,
        "minorityInterest": -1,
        "netIncome": 267,
        "netIncomeAfterTaxes": 268,
        "nonRecurringItems": -19,
        "period": "2019-09-28",
        "pretaxIncome": 348,
        "provisionforIncomeTaxes": 80,
        "researchDevelopment": 172,
        "revenue": 1994,
        "sgaExpense": 359,
        "totalOperatingExpense": 583,
        "totalOtherIncomeExpenseNet": 26
      },
      {
        "costOfGoodsSold": 929,
        "depreciationAmortization": 52,
        "dilutedAverageSharesOutstanding": 176.1,
        "dilutedEPS": 1.18,
        "ebit": 358,
        "grossIncome": 931,
        "interestExpense": 59,
        "interestIncomeExpense": -48,
        "minorityInterest": -1,
        "netIncome": 207,
        "netIncomeAfterTaxes": 208,
        "nonRecurringItems": -55,
        "period": "2019-06-29",
        "pretaxIncome": 275,
        "provisionforIncomeTaxes": 67,
        "researchDevelopment": 170,
        "revenue": 1860,
        "sgaExpense": 351,
        "totalOperatingExpense": 573,
        "totalOtherIncomeExpenseNet": 20
      },
      {
        "costOfGoodsSold": 884,
        "depreciationAmortization": 50,
        "dilutedAverageSharesOutstanding": 174.6,
        "dilutedEPS": 0.86,
        "ebit": 234,
        "grossIncome": 773,
        "interestExpense": 60,
        "interestIncomeExpense": -65,
        "minorityInterest": -1,
        "netIncome": 151,
        "netIncomeAfterTaxes": 152,
        "nonRecurringItems": -13,
        "period": "2019-03-30",
        "pretaxIncome": 185,
        "provisionforIncomeTaxes": 33,
        "researchDevelopment": 162,
        "revenue": 1657,
        "sgaExpense": 327,
        "totalOperatingExpense": 539,
        "totalOtherIncomeExpenseNet": 29
      },
      {
        "costOfGoodsSold": 1166,
        "depreciationAmortization": 48,
        "dilutedAverageSharesOutstanding": 173.2,
        "dilutedEPS": 2.43,
        "ebit": 539,
        "grossIncome": 1088,
        "interestExpense": 62,
        "interestIncomeExpense": -64,
        "minorityInterest": -1,
        "netIncome": 422,
        "netIncomeAfterTaxes": 358,
        "nonRecurringItems": -28,
        "otherOperatingExpensesTotal": 0,
        "period": "2018-12-31",
        "pretaxIncome": 465,
        "provisionforIncomeTaxes": 107,
        "researchDevelopment": 165,
        "revenue": 2254,
        "sgaExpense": 336,
        "totalOperatingExpense": 549,
        "totalOtherIncomeExpenseNet": 18
      },
      {
        "costOfGoodsSold": 961,
        "depreciationAmortization": 46,
        "dilutedAverageSharesOutstanding": 172.6,
        "dilutedEPS": 1.43,
        "ebit": 317,
        "grossIncome": 901,
        "interestExpense": 62,
        "interestIncomeExpense": -43,
        "minorityInterest": -1,
        "netIncome": 247,
        "netIncomeAfterTaxes": 234,
        "nonRecurringItems": -17,
        "otherOperatingExpensesTotal": 57,
        "period": "2018-09-29",
        "pretaxIncome": 270,
        "provisionforIncomeTaxes": 36,
        "researchDevelopment": 158,
        "revenue": 1862,
        "sgaExpense": 323,
        "totalOperatingExpense": 584,
        "totalOtherIncomeExpenseNet": 13
      },
      {
        "costOfGoodsSold": 938,
        "depreciationAmortization": 53,
        "dilutedAverageSharesOutstanding": 171.7,
        "dilutedEPS": 1.05,
        "ebit": 291,
        "grossIncome": 822,
        "interestExpense": 63,
        "interestIncomeExpense": -67,
        "minorityInterest": -1,
        "netIncome": 180,
        "netIncomeAfterTaxes": 181,
        "nonRecurringItems": -18,
        "period": "2018-06-30",
        "pretaxIncome": 227,
        "provisionforIncomeTaxes": 46,
        "researchDevelopment": 162,
        "revenue": 1760,
        "sgaExpense": 316,
        "totalOperatingExpense": 531,
        "totalOtherIncomeExpenseNet": 21
      },
      {
        "costOfGoodsSold": 799,
        "depreciationAmortization": 41,
        "dilutedAverageSharesOutstanding": 170.6,
        "dilutedEPS": 0.69,
        "ebit": 197,
        "grossIncome": 669,
        "interestExpense": 54,
        "interestIncomeExpense": -49,
        "minorityInterest": 0,
        "netIncome": 117,
        "netIncomeAfterTaxes": 117,
        "nonRecurringItems": -26,
        "period": "2018-03-31",
        "pretaxIncome": 140,
        "provisionforIncomeTaxes": 23,
        "researchDevelopment": 152,
        "revenue": 1468,
        "sgaExpense": 279,
        "totalOperatingExpense": 472,
        "totalOtherIncomeExpenseNet": 18
      },
      {
        "costOfGoodsSold": 987,
        "depreciationAmortization": 40,
        "dilutedAverageSharesOutstanding": 162,
        "dilutedEPS": -3.54,
        "ebit": 514,
        "grossIncome": 970,
        "interestExpense": 51,
        "interestIncomeExpense": -48,
        "minorityInterest": -2,
        "netIncome": -575,
        "netIncomeAfterTaxes": 301,
        "nonRecurringItems": -13,
        "otherOperatingExpensesTotal": 42,
        "period": "2017-12-31",
        "pretaxIncome": 466,
        "provisionforIncomeTaxes": 165,
        "researchDevelopment": 155,
        "revenue": 1957,
        "sgaExpense": 219,
        "totalOperatingExpense": 456,
        "totalOtherIncomeExpenseNet": 13
      },
      {
        "costOfGoodsSold": 851,
        "depreciationAmortization": 39,
        "dilutedAverageSharesOutstanding": 169,
        "dilutedEPS": 1.25,
        "ebit": 366,
        "grossIncome": 794,
        "interestExpense": 55,
        "interestIncomeExpense": -55,
        "minorityInterest": -1,
        "netIncome": 212,
        "netIncomeAfterTaxes": 213,
        "nonRecurringItems": -28,
        "period": "2017-09-30",
        "pretaxIncome": 286,
        "provisionforIncomeTaxes": 73,
        "researchDevelopment": 141,
        "revenue": 1645,
        "sgaExpense": 248,
        "totalOperatingExpense": 428,
        "totalOtherIncomeExpenseNet": 3
      },
      {
        "costOfGoodsSold": 807,
        "depreciationAmortization": 37,
        "dilutedAverageSharesOutstanding": 169,
        "dilutedEPS": 0.78,
        "ebit": 261,
        "grossIncome": 690,
        "interestExpense": 55,
        "interestIncomeExpense": -53,
        "minorityInterest": -1,
        "netIncome": 131,
        "netIncomeAfterTaxes": 132,
        "nonRecurringItems": 0,
        "period": "2017-07-01",
        "pretaxIncome": 205,
        "provisionforIncomeTaxes": 73,
        "researchDevelopment": 138,
        "revenue": 1497,
        "sgaExpense": 254,
        "totalOperatingExpense": 429,
        "totalOtherIncomeExpenseNet": -3
      },
      {
        "costOfGoodsSold": 711,
        "depreciationAmortization": 36,
        "dilutedAverageSharesOutstanding": 169.9,
        "dilutedEPS": 0.45,
        "ebit": 167,
        "grossIncome": 570,
        "interestExpense": 54,
        "interestIncomeExpense": -58,
        "minorityInterest": -1,
        "netIncome": 77,
        "netIncomeAfterTaxes": 78,
        "nonRecurringItems": 9,
        "period": "2017-04-01",
        "pretaxIncome": 120,
        "provisionforIncomeTaxes": 42,
        "researchDevelopment": 135,
        "revenue": 1281,
        "sgaExpense": 232,
        "totalOperatingExpense": 403,
        "totalOtherIncomeExpenseNet": 2
      },
      {
        "costOfGoodsSold": 955,
        "depreciationAmortization": 30,
        "dilutedAverageSharesOutstanding": 170.4,
        "dilutedEPS": 1.43,
        "ebit": 434,
        "grossIncome": 928,
        "interestExpense": 56,
        "interestIncomeExpense": -41,
        "minorityInterest": -1,
        "netIncome": 243,
        "netIncomeAfterTaxes": 244,
        "nonRecurringItems": -54,
        "otherOperatingExpensesTotal": 0,
        "period": "2016-12-31",
        "pretaxIncome": 362,
        "provisionforIncomeTaxes": 118,
        "researchDevelopment": 142,
        "revenue": 1883,
        "sgaExpense": 322,
        "totalOperatingExpense": 494,
        "totalOtherIncomeExpenseNet": 23
      },
      {
        "costOfGoodsSold": 770,
        "depreciationAmortization": 31,
        "dilutedAverageSharesOutstanding": 169.6,
        "dilutedEPS": 1.13,
        "ebit": 347,
        "grossIncome": 762,
        "interestExpense": 58,
        "interestIncomeExpense": -51,
        "minorityInterest": -1,
        "netIncome": 192,
        "netIncomeAfterTaxes": 193,
        "nonRecurringItems": -8,
        "period": "2016-10-01",
        "pretaxIncome": 293,
        "provisionforIncomeTaxes": 100,
        "researchDevelopment": 137,
        "revenue": 1532,
        "sgaExpense": 247,
        "totalOperatingExpense": 415,
        "totalOtherIncomeExpenseNet": 5
      },
      {
        "costOfGoodsSold": 754,
        "depreciationAmortization": 38,
        "dilutedAverageSharesOutstanding": 174.8,
        "dilutedEPS": 0.61,
        "ebit": 260,
        "grossIncome": 676,
        "interestExpense": 59,
        "interestIncomeExpense": -57,
        "minorityInterest": -1,
        "netIncome": 107,
        "netIncomeAfterTaxes": 108,
        "nonRecurringItems": -36,
        "period": "2016-07-02",
        "pretaxIncome": 167,
        "provisionforIncomeTaxes": 59,
        "researchDevelopment": 138,
        "revenue": 1430,
        "sgaExpense": 240,
        "totalOperatingExpense": 416,
        "totalOtherIncomeExpenseNet": 0
      },
      {
        "costOfGoodsSold": 691,
        "depreciationAmortization": 13,
        "dilutedAverageSharesOutstanding": 177,
        "dilutedEPS": 0.1,
        "ebit": 120,
        "grossIncome": 502,
        "interestExpense": 53,
        "interestIncomeExpense": -78,
        "minorityInterest": 0,
        "netIncome": 17,
        "netIncomeAfterTaxes": 17,
        "nonRecurringItems": -20,
        "period": "2016-04-02",
        "pretaxIncome": 22,
        "provisionforIncomeTaxes": 5,
        "researchDevelopment": 135,
        "revenue": 1193,
        "sgaExpense": 234,
        "totalOperatingExpense": 382,
        "totalOtherIncomeExpenseNet": 0
      },
      {
        "costOfGoodsSold": 844,
        "depreciationAmortization": 2,
        "dilutedAverageSharesOutstanding": 179.6,
        "dilutedEPS": 1.54,
        "ebit": 432,
        "grossIncome": 838,
        "interestExpense": 54,
        "interestIncomeExpense": -10,
        "minorityInterest": -1,
        "netIncome": 279,
        "netIncomeAfterTaxes": 278,
        "nonRecurringItems": -46,
        "period": "2015-12-31",
        "pretaxIncome": 377,
        "provisionforIncomeTaxes": 99,
        "researchDevelopment": 152,
        "revenue": 1682,
        "sgaExpense": 252,
        "totalOperatingExpense": 406,
        "totalOtherIncomeExpenseNet": 1
      },
      {
        "costOfGoodsSold": 737,
        "depreciationAmortization": 2,
        "dilutedAverageSharesOutstanding": 201.3,
        "dilutedEPS": 0.57,
        "ebit": 271,
        "grossIncome": 685,
        "interestExpense": 47,
        "interestIncomeExpense": -35,
        "minorityInterest": 0,
        "netIncome": 115,
        "netIncomeAfterTaxes": 126,
        "nonRecurringItems": -40,
        "period": "2015-10-03",
        "pretaxIncome": 197,
        "provisionforIncomeTaxes": 71,
        "researchDevelopment": 153,
        "revenue": 1422,
        "sgaExpense": 259,
        "totalOperatingExpense": 414,
        "totalOtherIncomeExpenseNet": 1
      }
    ],
    "symbol": "MSI"
  }
}