{
  "symbol": "SYK",
  "statement": "ic",
  "frequency": "annual",
  "timestamp": "2025-09-19T14:07:01.051626",
  "data": {
    "financials": [
      {
        "costOfGoodsSold": 8076,
        "depreciationAmortization": 623,
        "dilutedAverageSharesOutstanding": 385.6,
        "dilutedEPS": 7.76,
        "ebit": 5046,
        "grossIncome": 14519,
        "interestExpense": 396,
        "interestIncomeExpense": -257,
        "netIncome": 2993,
        "netIncomeAfterTaxes": 2993,
        "nonRecurringItems": -1357,
        "period": "2024-12-31",
        "pretaxIncome": 3492,
        "provisionforIncomeTaxes": 499,
        "researchDevelopment": 1414,
        "revenue": 22595,
        "sgaExpense": 7436,
        "totalOperatingExpense": 9473,
        "totalOtherIncomeExpenseNet": 60,
        "year": 2024
      },
      {
        "costOfGoodsSold": 7399,
        "depreciationAmortization": 635,
        "dilutedAverageSharesOutstanding": 383.7,
        "dilutedEPS": 8.25,
        "ebit": 4376,
        "grossIncome": 13099,
        "interestExpense": 356,
        "interestIncomeExpense": -281,
        "netIncome": 3165,
        "netIncomeAfterTaxes": 3165,
        "nonRecurringItems": -488,
        "period": "2023-12-31",
        "pretaxIncome": 3673,
        "provisionforIncomeTaxes": 508,
        "researchDevelopment": 1293,
        "revenue": 20498,
        "sgaExpense": 6795,
        "totalOperatingExpense": 8723,
        "totalOtherIncomeExpenseNet": 66,
        "year": 2023
      },
      {
        "costOfGoodsSold": 6812,
        "depreciationAmortization": 627,
        "dilutedAverageSharesOutstanding": 382.2,
        "dilutedEPS": 6.17,
        "ebit": 3745,
        "grossIncome": 11637,
        "interestExpense": 337,
        "interestIncomeExpense": -243,
        "netIncome": 2358,
        "netIncomeAfterTaxes": 2358,
        "nonRecurringItems": -904,
        "period": "2022-12-31",
        "pretaxIncome": 2683,
        "provisionforIncomeTaxes": 325,
        "researchDevelopment": 1230,
        "revenue": 18449,
        "sgaExpense": 6035,
        "totalOperatingExpense": 7892,
        "totalOtherIncomeExpenseNet": 85,
        "year": 2022
      },
      {
        "costOfGoodsSold": 6107,
        "depreciationAmortization": 619,
        "dilutedAverageSharesOutstanding": 382.3,
        "dilutedEPS": 5.22,
        "ebit": 3501,
        "grossIncome": 11001,
        "interestExpense": 337,
        "interestIncomeExpense": -269,
        "netIncome": 1994,
        "netIncomeAfterTaxes": 1994,
        "nonRecurringItems": -913,
        "period": "2021-12-31",
        "pretaxIncome": 2281,
        "provisionforIncomeTaxes": 287,
        "researchDevelopment": 1133,
        "revenue": 17108,
        "sgaExpense": 5748,
        "totalOperatingExpense": 7500,
        "totalOtherIncomeExpenseNet": -38,
        "year": 2021
      },
      {
        "costOfGoodsSold": 5241,
        "depreciationAmortization": 472,
        "dilutedAverageSharesOutstanding": 380.3,
        "dilutedEPS": 4.2,
        "ebit": 2899,
        "grossIncome": 9110,
        "interestExpense": 315,
        "interestIncomeExpense": -213,
        "netIncome": 1599,
        "netIncomeAfterTaxes": 1599,
        "nonRecurringItems": -676,
        "period": "2020-12-31",
        "pretaxIncome": 1954,
        "provisionforIncomeTaxes": 355,
        "researchDevelopment": 984,
        "revenue": 14351,
        "sgaExpense": 4755,
        "totalOperatingExpense": 6211,
        "totalOtherIncomeExpenseNet": -56,
        "year": 2020
      },
      {
        "costOfGoodsSold": 5150,
        "depreciationAmortization": 464,
        "dilutedAverageSharesOutstanding": 379.9,
        "dilutedEPS": 5.48,
        "ebit": 3315,
        "grossIncome": 9734,
        "interestExpense": 287,
        "interestIncomeExpense": -125,
        "netIncome": 2083,
        "netIncomeAfterTaxes": 2083,
        "nonRecurringItems": -602,
        "period": "2019-12-31",
        "pretaxIncome": 2562,
        "provisionforIncomeTaxes": 479,
        "researchDevelopment": 971,
        "revenue": 14884,
        "sgaExpense": 4984,
        "totalOperatingExpense": 6419,
        "totalOtherIncomeExpenseNet": -26,
        "year": 2019
      },
      {
        "costOfGoodsSold": 4636,
        "depreciationAmortization": 417,
        "dilutedAverageSharesOutstanding": 380.3,
        "dilutedEPS": 9.34,
        "ebit": 3072,
        "grossIncome": 8965,
        "interestExpense": 264,
        "interestIncomeExpense": -139,
        "netIncome": 3553,
        "netIncomeAfterTaxes": 1994,
        "nonRecurringItems": -535,
        "period": "2018-12-31",
        "pretaxIncome": 2356,
        "provisionforIncomeTaxes": 362,
        "researchDevelopment": 862,
        "revenue": 13601,
        "sgaExpense": 4614,
        "totalOperatingExpense": 5893,
        "totalOtherIncomeExpenseNet": -42,
        "year": 2018
      },
      {
        "costOfGoodsSold": 4207,
        "depreciationAmortization": 371,
        "dilutedAverageSharesOutstanding": 380.1,
        "dilutedEPS": 2.68,
        "ebit": 2745,
        "grossIncome": 8237,
        "interestExpense": 247,
        "interestIncomeExpense": -178,
        "netIncome": 1020,
        "netIncomeAfterTaxes": 1853,
        "nonRecurringItems": -448,
        "period": "2017-12-31",
        "pretaxIncome": 2063,
        "provisionforIncomeTaxes": 210,
        "researchDevelopment": 787,
        "revenue": 12444,
        "sgaExpense": 4334,
        "totalOperatingExpense": 5492,
        "totalOtherIncomeExpenseNet": -56,
        "year": 2017
      },
      {
        "costOfGoodsSold": 3806,
        "depreciationAmortization": 319,
        "dilutedAverageSharesOutstanding": 378.5,
        "dilutedEPS": 4.35,
        "ebit": 2541,
        "grossIncome": 7519,
        "interestExpense": 228,
        "interestIncomeExpense": -180,
        "netIncome": 1647,
        "netIncomeAfterTaxes": 1647,
        "nonRecurringItems": -366,
        "period": "2016-12-31",
        "pretaxIncome": 1921,
        "provisionforIncomeTaxes": 274,
        "researchDevelopment": 715,
        "revenue": 11325,
        "sgaExpense": 3944,
        "totalOperatingExpense": 4978,
        "totalOtherIncomeExpenseNet": -74,
        "year": 2016
      },
      {
        "costOfGoodsSold": 3344,
        "depreciationAmortization": 210,
        "dilutedAverageSharesOutstanding": 380.9,
        "dilutedEPS": 3.78,
        "ebit": 2257,
        "grossIncome": 6602,
        "interestExpense": 108,
        "interestIncomeExpense": -55,
        "netIncome": 1439,
        "netIncomeAfterTaxes": 1439,
        "nonRecurringItems": -396,
        "period": "2015-12-31",
        "pretaxIncome": 1735,
        "provisionforIncomeTaxes": 296,
        "researchDevelopment": 625,
        "revenue": 9946,
        "sgaExpense": 3510,
        "totalOperatingExpense": 4345,
        "totalOtherIncomeExpenseNet": -71,
        "year": 2015
      }
    ],
    "symbol": "SYK"
  }
}