{
  "symbol": "MAR",
  "statement": "ic",
  "frequency": "quarterly",
  "timestamp": "2025-09-19T14:03:33.497603",
  "data": {
    "financials": [
      {
        "costOfGoodsSold": 5202,
        "depreciationAmortization": 53,
        "dilutedAverageSharesOutstanding": 274.7,
        "dilutedEPS": 2.78,
        "ebit": 1244,
        "grossIncome": 1542,
        "interestExpense": 203,
        "interestIncomeExpense": -182,
        "netIncome": 763,
        "netIncomeAfterTaxes": 763,
        "nonRecurringItems": -8,
        "period": "2025-06-30",
        "pretaxIncome": 1054,
        "provisionforIncomeTaxes": 291,
        "revenue": 6744,
        "sgaExpense": 245,
        "totalOperatingExpense": 298
      },
      {
        "costOfGoodsSold": 5018,
        "depreciationAmortization": 51,
        "dilutedAverageSharesOutstanding": 277.7,
        "dilutedEPS": 2.39,
        "ebit": 949,
        "grossIncome": 1245,
        "interestExpense": 192,
        "interestIncomeExpense": -184,
        "netIncome": 665,
        "netIncomeAfterTaxes": 665,
        "nonRecurringItems": -1,
        "period": "2025-03-31",
        "pretaxIncome": 764,
        "provisionforIncomeTaxes": 99,
        "revenue": 6263,
        "sgaExpense": 245,
        "totalOperatingExpense": 296
      },
      {
        "costOfGoodsSold": 5290,
        "depreciationAmortization": 46,
        "dilutedAverageSharesOutstanding": 280.1,
        "dilutedEPS": 1.62,
        "ebit": 804,
        "gainLossOnDispositionOfAssets": 24,
        "grossIncome": 1139,
        "interestExpense": 180,
        "interestIncomeExpense": -170,
        "netIncome": 455,
        "netIncomeAfterTaxes": 455,
        "nonRecurringItems": -52,
        "period": "2024-12-31",
        "pretaxIncome": 598,
        "provisionforIncomeTaxes": 143,
        "revenue": 6429,
        "sgaExpense": 289,
        "totalOperatingExpense": 335,
        "totalOtherIncomeExpenseNet": -8
      },
      {
        "costOfGoodsSold": 4981,
        "depreciationAmortization": 45,
        "dilutedAverageSharesOutstanding": 282.4,
        "dilutedEPS": 2.07,
        "ebit": 953,
        "grossIncome": 1274,
        "interestExpense": 179,
        "interestIncomeExpense": -165,
        "netIncome": 584,
        "netIncomeAfterTaxes": 584,
        "nonRecurringItems": -9,
        "period": "2024-09-30",
        "pretaxIncome": 786,
        "provisionforIncomeTaxes": 202,
        "revenue": 6255,
        "sgaExpense": 276,
        "totalOperatingExpense": 321,
        "totalOtherIncomeExpenseNet": 7
      },
      {
        "costOfGoodsSold": 4941,
        "depreciationAmortization": 47,
        "dilutedAverageSharesOutstanding": 286.6,
        "dilutedEPS": 2.69,
        "ebit": 1203,
        "grossIncome": 1498,
        "interestExpense": 173,
        "interestIncomeExpense": -159,
        "netIncome": 772,
        "netIncomeAfterTaxes": 772,
        "nonRecurringItems": -8,
        "period": "2024-06-30",
        "pretaxIncome": 1040,
        "provisionforIncomeTaxes": 268,
        "revenue": 6439,
        "sgaExpense": 248,
        "totalOperatingExpense": 295,
        "totalOtherIncomeExpenseNet": 4
      },
      {
        "costOfGoodsSold": 4787,
        "depreciationAmortization": 45,
        "dilutedAverageSharesOutstanding": 291.6,
        "dilutedEPS": 1.93,
        "ebit": 884,
        "grossIncome": 1190,
        "interestExpense": 163,
        "interestIncomeExpense": -153,
        "netIncome": 564,
        "netIncomeAfterTaxes": 564,
        "nonRecurringItems": -8,
        "period": "2024-03-31",
        "pretaxIncome": 727,
        "provisionforIncomeTaxes": 163,
        "revenue": 5977,
        "sgaExpense": 261,
        "totalOperatingExpense": 306,
        "totalOtherIncomeExpenseNet": 4
      },
      {
        "costOfGoodsSold": 4988,
        "depreciationAmortization": 51,
        "dilutedAverageSharesOutstanding": 295.7,
        "dilutedEPS": 2.87,
        "ebit": 726,
        "gainLossOnDispositionOfAssets": 0,
        "grossIncome": 1107,
        "interestExpense": 153,
        "interestIncomeExpense": -144,
        "netIncome": 848,
        "netIncomeAfterTaxes": 848,
        "nonRecurringItems": -8,
        "period": "2023-12-31",
        "pretaxIncome": 581,
        "provisionforIncomeTaxes": -267,
        "revenue": 6095,
        "sgaExpense": 330,
        "totalOperatingExpense": 381,
        "totalOtherIncomeExpenseNet": 7
      },
      {
        "costOfGoodsSold": 4531,
        "depreciationAmortization": 46,
        "dilutedAverageSharesOutstanding": 300.1,
        "dilutedEPS": 2.51,
        "ebit": 1112,
        "gainLossOnDispositionOfAssets": 24,
        "grossIncome": 1397,
        "interestExpense": 146,
        "interestIncomeExpense": -138,
        "netIncome": 752,
        "netIncomeAfterTaxes": 752,
        "nonRecurringItems": -13,
        "period": "2023-09-30",
        "pretaxIncome": 989,
        "provisionforIncomeTaxes": 237,
        "revenue": 5928,
        "sgaExpense": 239,
        "totalOperatingExpense": 285,
        "totalOtherIncomeExpenseNet": 4
      },
      {
        "costOfGoodsSold": 4653,
        "depreciationAmortization": 48,
        "dilutedAverageSharesOutstanding": 305,
        "dilutedEPS": 2.38,
        "ebit": 1134,
        "grossIncome": 1422,
        "interestExpense": 140,
        "interestIncomeExpense": -134,
        "netIncome": 726,
        "netIncomeAfterTaxes": 726,
        "nonRecurringItems": -38,
        "period": "2023-06-30",
        "pretaxIncome": 964,
        "provisionforIncomeTaxes": 238,
        "revenue": 6075,
        "sgaExpense": 240,
        "totalOperatingExpense": 288,
        "totalOtherIncomeExpenseNet": 2
      },
      {
        "costOfGoodsSold": 4417,
        "depreciationAmortization": 44,
        "dilutedAverageSharesOutstanding": 311,
        "dilutedEPS": 2.43,
        "ebit": 952,
        "grossIncome": 1198,
        "interestExpense": 126,
        "interestIncomeExpense": -110,
        "netIncome": 757,
        "netIncomeAfterTaxes": 757,
        "nonRecurringItems": -1,
        "period": "2023-03-31",
        "pretaxIncome": 844,
        "provisionforIncomeTaxes": 87,
        "revenue": 5615,
        "sgaExpense": 202,
        "totalOperatingExpense": 246,
        "totalOtherIncomeExpenseNet": 3
      },
      {
        "costOfGoodsSold": 4644,
        "depreciationAmortization": 46,
        "dilutedAverageSharesOutstanding": 318,
        "dilutedEPS": 2.12,
        "ebit": 997,
        "grossIncome": 1279,
        "interestExpense": 115,
        "interestIncomeExpense": -105,
        "netIncome": 673,
        "netIncomeAfterTaxes": 673,
        "nonRecurringItems": -1,
        "period": "2022-12-31",
        "pretaxIncome": 891,
        "provisionforIncomeTaxes": 218,
        "revenue": 5923,
        "sgaExpense": 236,
        "totalOperatingExpense": 282
      },
      {
        "costOfGoodsSold": 4087,
        "depreciationAmortization": 50,
        "dilutedAverageSharesOutstanding": 325.7,
        "dilutedEPS": 1.93,
        "ebit": 960,
        "grossIncome": 1226,
        "interestExpense": 100,
        "interestIncomeExpense": -89,
        "netIncome": 630,
        "netIncomeAfterTaxes": 630,
        "nonRecurringItems": -2,
        "period": "2022-09-30",
        "pretaxIncome": 869,
        "provisionforIncomeTaxes": 239,
        "revenue": 5313,
        "sgaExpense": 216,
        "totalOperatingExpense": 266
      },
      {
        "costOfGoodsSold": 4108,
        "depreciationAmortization": 49,
        "dilutedAverageSharesOutstanding": 329.5,
        "dilutedEPS": 2.06,
        "ebit": 950,
        "grossIncome": 1230,
        "interestExpense": 95,
        "interestIncomeExpense": -72,
        "netIncome": 678,
        "netIncomeAfterTaxes": 678,
        "nonRecurringItems": 0,
        "period": "2022-06-30",
        "pretaxIncome": 878,
        "provisionforIncomeTaxes": 200,
        "revenue": 5338,
        "sgaExpense": 231,
        "totalOperatingExpense": 280
      },
      {
        "costOfGoodsSold": 3376,
        "depreciationAmortization": 48,
        "dilutedAverageSharesOutstanding": 330,
        "dilutedEPS": 1.14,
        "ebit": 567,
        "grossIncome": 823,
        "interestExpense": 93,
        "interestIncomeExpense": -82,
        "netIncome": 377,
        "netIncomeAfterTaxes": 377,
        "nonRecurringItems": -9,
        "period": "2022-03-31",
        "pretaxIncome": 476,
        "provisionforIncomeTaxes": 99,
        "revenue": 4199,
        "sgaExpense": 208,
        "totalOperatingExpense": 256
      },
      {
        "costOfGoodsSold": 3544,
        "depreciationAmortization": 54,
        "dilutedAverageSharesOutstanding": 329.9,
        "dilutedEPS": 1.42,
        "ebit": 635,
        "grossIncome": 902,
        "interestExpense": 97,
        "interestIncomeExpense": -87,
        "netIncome": 468,
        "netIncomeAfterTaxes": 468,
        "nonRecurringItems": 0,
        "period": "2021-12-31",
        "pretaxIncome": 548,
        "provisionforIncomeTaxes": 80,
        "revenue": 4446,
        "sgaExpense": 213,
        "totalOperatingExpense": 267
      },
      {
        "costOfGoodsSold": 3121,
        "depreciationAmortization": 64,
        "dilutedAverageSharesOutstanding": 329.3,
        "dilutedEPS": 0.67,
        "ebit": 549,
        "grossIncome": 825,
        "interestExpense": 107,
        "interestIncomeExpense": -103,
        "netIncome": 220,
        "netIncomeAfterTaxes": 220,
        "nonRecurringItems": -168,
        "period": "2021-09-30",
        "pretaxIncome": 278,
        "provisionforIncomeTaxes": 58,
        "revenue": 3946,
        "sgaExpense": 212,
        "totalOperatingExpense": 276
      },
      {
        "costOfGoodsSold": 2423,
        "depreciationAmortization": 50,
        "dilutedAverageSharesOutstanding": 329.1,
        "dilutedEPS": 1.28,
        "ebit": 489,
        "grossIncome": 726,
        "interestExpense": 109,
        "interestIncomeExpense": -105,
        "netIncome": 422,
        "netIncomeAfterTaxes": 422,
        "nonRecurringItems": -3,
        "period": "2021-06-30",
        "pretaxIncome": 381,
        "provisionforIncomeTaxes": -41,
        "revenue": 3149,
        "sgaExpense": 187,
        "totalOperatingExpense": 237
      },
      {
        "costOfGoodsSold": 1968,
        "depreciationAmortization": 52,
        "dilutedAverageSharesOutstanding": 326.7,
        "dilutedEPS": -0.03,
        "ebit": 85,
        "grossIncome": 348,
        "interestExpense": 107,
        "interestIncomeExpense": -111,
        "netIncome": -11,
        "netIncomeAfterTaxes": -11,
        "nonRecurringItems": -1,
        "period": "2021-03-31",
        "pretaxIncome": -27,
        "provisionforIncomeTaxes": -16,
        "revenue": 2316,
        "sgaExpense": 211,
        "totalOperatingExpense": 263
      },
      {
        "costOfGoodsSold": 1733,
        "depreciationAmortization": 60,
        "dilutedAverageSharesOutstanding": 326.1,
        "dilutedEPS": -0.5,
        "ebit": 196,
        "grossIncome": 439,
        "interestExpense": 112,
        "interestIncomeExpense": -186,
        "netIncome": -164,
        "netIncomeAfterTaxes": -164,
        "nonRecurringItems": -324,
        "period": "2020-12-31",
        "pretaxIncome": -314,
        "provisionforIncomeTaxes": -150,
        "revenue": 2172,
        "sgaExpense": 183,
        "totalOperatingExpense": 243
      },
      {
        "costOfGoodsSold": 1578,
        "depreciationAmortization": 53,
        "dilutedAverageSharesOutstanding": 326.8,
        "dilutedEPS": 0.31,
        "ebit": 492,
        "grossIncome": 676,
        "interestExpense": 113,
        "interestIncomeExpense": -125,
        "netIncome": 100,
        "netIncomeAfterTaxes": 100,
        "nonRecurringItems": -240,
        "period": "2020-09-30",
        "pretaxIncome": 127,
        "provisionforIncomeTaxes": 27,
        "revenue": 2254,
        "sgaExpense": 131,
        "totalOperatingExpense": 184
      },
      {
        "costOfGoodsSold": 1342,
        "depreciationAmortization": 57,
        "dilutedAverageSharesOutstanding": 325.6,
        "dilutedEPS": -0.72,
        "ebit": -113,
        "grossIncome": 122,
        "interestExpense": 127,
        "interestIncomeExpense": -144,
        "netIncome": -234,
        "netIncomeAfterTaxes": -234,
        "nonRecurringItems": -41,
        "period": "2020-06-30",
        "pretaxIncome": -298,
        "provisionforIncomeTaxes": -64,
        "revenue": 1464,
        "sgaExpense": 178,
        "totalOperatingExpense": 235
      },
      {
        "costOfGoodsSold": 4149,
        "depreciationAmortization": 60,
        "dilutedAverageSharesOutstanding": 327.4,
        "dilutedEPS": 0.09,
        "ebit": 202,
        "grossIncome": 532,
        "interestExpense": 93,
        "interestIncomeExpense": -95,
        "netIncome": 31,
        "netIncomeAfterTaxes": 31,
        "nonRecurringItems": -88,
        "period": "2020-03-31",
        "pretaxIncome": 19,
        "provisionforIncomeTaxes": -12,
        "revenue": 4681,
        "sgaExpense": 270,
        "totalOperatingExpense": 330
      },
      {
        "costOfGoodsSold": 4704,
        "depreciationAmortization": 179,
        "dilutedAverageSharesOutstanding": 330.4,
        "dilutedEPS": 0.84,
        "ebit": 221,
        "grossIncome": 667,
        "interestExpense": 95,
        "interestIncomeExpense": 52,
        "netIncome": 279,
        "netIncomeAfterTaxes": 279,
        "nonRecurringItems": 53,
        "period": "2019-12-31",
        "pretaxIncome": 326,
        "provisionforIncomeTaxes": 47,
        "revenue": 5371,
        "sgaExpense": 267,
        "totalOperatingExpense": 446
      },
      {
        "costOfGoodsSold": 4396,
        "depreciationAmortization": 52,
        "dilutedAverageSharesOutstanding": 332.5,
        "dilutedEPS": 1.16,
        "ebit": 616,
        "grossIncome": 888,
        "interestExpense": 100,
        "interestIncomeExpense": -80,
        "netIncome": 387,
        "netIncomeAfterTaxes": 387,
        "nonRecurringItems": -9,
        "period": "2019-09-30",
        "pretaxIncome": 527,
        "provisionforIncomeTaxes": 140,
        "revenue": 5284,
        "sgaExpense": 220,
        "totalOperatingExpense": 272
      },
      {
        "costOfGoodsSold": 4438,
        "depreciationAmortization": 56,
        "dilutedAverageSharesOutstanding": 336.4,
        "dilutedEPS": 0.69,
        "ebit": 582,
        "grossIncome": 867,
        "interestExpense": 102,
        "interestIncomeExpense": -95,
        "netIncome": 232,
        "netIncomeAfterTaxes": 232,
        "nonRecurringItems": -173,
        "period": "2019-06-30",
        "pretaxIncome": 314,
        "provisionforIncomeTaxes": 82,
        "revenue": 5305,
        "sgaExpense": 229,
        "totalOperatingExpense": 285
      },
      {
        "costOfGoodsSold": 4217,
        "depreciationAmortization": 54,
        "dilutedAverageSharesOutstanding": 342.8,
        "dilutedEPS": 1.09,
        "ebit": 519,
        "grossIncome": 795,
        "interestExpense": 97,
        "interestIncomeExpense": -78,
        "netIncome": 375,
        "netIncomeAfterTaxes": 375,
        "nonRecurringItems": -9,
        "period": "2019-03-31",
        "pretaxIncome": 432,
        "provisionforIncomeTaxes": 57,
        "revenue": 5012,
        "sgaExpense": 222,
        "totalOperatingExpense": 276
      },
      {
        "costOfGoodsSold": 4406,
        "depreciationAmortization": 62,
        "dilutedAverageSharesOutstanding": 345.5,
        "dilutedEPS": 1.2,
        "ebit": 647,
        "grossIncome": 951,
        "interestExpense": 94,
        "interestIncomeExpense": -77,
        "netIncome": 416,
        "netIncomeAfterTaxes": 353,
        "nonRecurringItems": -91,
        "period": "2018-12-31",
        "pretaxIncome": 479,
        "provisionforIncomeTaxes": 126,
        "revenue": 5357,
        "sgaExpense": 242,
        "totalOperatingExpense": 304
      },
      {
        "costOfGoodsSold": 4170,
        "depreciationAmortization": 52,
        "dilutedAverageSharesOutstanding": 350.6,
        "dilutedEPS": 1.43,
        "ebit": 608,
        "grossIncome": 881,
        "interestExpense": 86,
        "interestIncomeExpense": -2,
        "netIncome": 503,
        "netIncomeAfterTaxes": 503,
        "nonRecurringItems": -12,
        "period": "2018-09-30",
        "pretaxIncome": 594,
        "provisionforIncomeTaxes": 91,
        "revenue": 5051,
        "sgaExpense": 221,
        "totalOperatingExpense": 273
      },
      {
        "costOfGoodsSold": 4298,
        "depreciationAmortization": 58,
        "dilutedAverageSharesOutstanding": 357.3,
        "dilutedEPS": 1.87,
        "ebit": 836,
        "grossIncome": 1111,
        "interestExpense": 85,
        "interestIncomeExpense": 56,
        "netIncome": 667,
        "netIncomeAfterTaxes": 667,
        "nonRecurringItems": -18,
        "period": "2018-06-30",
        "pretaxIncome": 874,
        "provisionforIncomeTaxes": 207,
        "revenue": 5409,
        "sgaExpense": 217,
        "totalOperatingExpense": 275
      },
      {
        "costOfGoodsSold": 4144,
        "depreciationAmortization": 54,
        "dilutedAverageSharesOutstanding": 363.3,
        "dilutedEPS": 1.16,
        "ebit": 564,
        "grossIncome": 865,
        "interestExpense": 75,
        "interestIncomeExpense": 2,
        "netIncome": 420,
        "netIncomeAfterTaxes": 420,
        "nonRecurringItems": -34,
        "period": "2018-03-31",
        "pretaxIncome": 532,
        "provisionforIncomeTaxes": 112,
        "revenue": 5009,
        "sgaExpense": 247,
        "totalOperatingExpense": 301
      },
      {
        "costOfGoodsSold": 4445,
        "depreciationAmortization": 53,
        "dilutedAverageSharesOutstanding": 370,
        "dilutedEPS": 0.3,
        "ebit": 483,
        "grossIncome": 806,
        "interestExpense": 72,
        "interestIncomeExpense": 610,
        "netIncome": 114,
        "netIncomeAfterTaxes": 706,
        "nonRecurringItems": -59,
        "period": "2017-12-31",
        "pretaxIncome": 1034,
        "provisionforIncomeTaxes": 328,
        "revenue": 5251,
        "sgaExpense": 270,
        "totalOperatingExpense": 323
      },
      {
        "costOfGoodsSold": 4001,
        "depreciationAmortization": 54,
        "dilutedAverageSharesOutstanding": 376.6,
        "dilutedEPS": 1.29,
        "ebit": 818,
        "grossIncome": 1077,
        "interestExpense": 73,
        "interestIncomeExpense": -52,
        "netIncome": 485,
        "netIncomeAfterTaxes": 485,
        "nonRecurringItems": -28,
        "period": "2017-09-30",
        "pretaxIncome": 738,
        "provisionforIncomeTaxes": 253,
        "revenue": 5078,
        "sgaExpense": 205,
        "totalOperatingExpense": 259
      },
      {
        "costOfGoodsSold": 4141,
        "depreciationAmortization": 71,
        "dilutedAverageSharesOutstanding": 383,
        "dilutedEPS": 1.28,
        "ebit": 765,
        "grossIncome": 1070,
        "interestExpense": 73,
        "interestIncomeExpense": -28,
        "netIncome": 489,
        "netIncomeAfterTaxes": 489,
        "nonRecurringItems": -21,
        "period": "2017-06-30",
        "pretaxIncome": 716,
        "provisionforIncomeTaxes": 227,
        "revenue": 5211,
        "sgaExpense": 234,
        "totalOperatingExpense": 305
      },
      {
        "costOfGoodsSold": 4052,
        "depreciationAmortization": 51,
        "dilutedAverageSharesOutstanding": 390,
        "dilutedEPS": 0.95,
        "ebit": 597,
        "grossIncome": 860,
        "interestExpense": 70,
        "interestIncomeExpense": -52,
        "netIncome": 371,
        "netIncomeAfterTaxes": 371,
        "nonRecurringItems": -51,
        "period": "2017-03-31",
        "pretaxIncome": 494,
        "provisionforIncomeTaxes": 123,
        "revenue": 4912,
        "sgaExpense": 212,
        "totalOperatingExpense": 263
      },
      {
        "costOfGoodsSold": 4574,
        "depreciationAmortization": 71,
        "dilutedAverageSharesOutstanding": 394.7,
        "dilutedEPS": 0.62,
        "ebit": 577,
        "grossIncome": 882,
        "interestExpense": 75,
        "interestIncomeExpense": -58,
        "netIncome": 244,
        "netIncomeAfterTaxes": 244,
        "nonRecurringItems": -136,
        "period": "2016-12-31",
        "pretaxIncome": 383,
        "provisionforIncomeTaxes": 139,
        "revenue": 5456,
        "sgaExpense": 234,
        "totalOperatingExpense": 305
      },
      {
        "costOfGoodsSold": 3346,
        "depreciationAmortization": 36,
        "dilutedAverageSharesOutstanding": 270.5,
        "dilutedEPS": 0.26,
        "ebit": 399,
        "grossIncome": 596,
        "interestExpense": 55,
        "interestIncomeExpense": -40,
        "netIncome": 70,
        "netIncomeAfterTaxes": 70,
        "nonRecurringItems": -228,
        "period": "2016-09-30",
        "pretaxIncome": 131,
        "provisionforIncomeTaxes": 61,
        "revenue": 3942,
        "sgaExpense": 161,
        "totalOperatingExpense": 197
      },
      {
        "costOfGoodsSold": 3315,
        "depreciationAmortization": 30,
        "dilutedAverageSharesOutstanding": 258,
        "dilutedEPS": 0.96,
        "ebit": 389,
        "grossIncome": 587,
        "interestExpense": 57,
        "interestIncomeExpense": -45,
        "netIncome": 247,
        "netIncomeAfterTaxes": 247,
        "period": "2016-06-30",
        "pretaxIncome": 344,
        "provisionforIncomeTaxes": 97,
        "revenue": 3902,
        "sgaExpense": 168,
        "totalOperatingExpense": 198
      },
      {
        "costOfGoodsSold": 3211,
        "depreciationAmortization": 31,
        "dilutedAverageSharesOutstanding": 258.9,
        "dilutedEPS": 0.85,
        "ebit": 367,
        "grossIncome": 561,
        "interestExpense": 47,
        "interestIncomeExpense": -41,
        "netIncome": 219,
        "netIncomeAfterTaxes": 219,
        "period": "2016-03-31",
        "pretaxIncome": 326,
        "provisionforIncomeTaxes": 107,
        "revenue": 3772,
        "sgaExpense": 163,
        "totalOperatingExpense": 194
      },
      {
        "costOfGoodsSold": 3176,
        "depreciationAmortization": 32,
        "dilutedAverageSharesOutstanding": 262.9,
        "dilutedEPS": 0.77,
        "ebit": 310,
        "grossIncome": 530,
        "interestExpense": 46,
        "interestIncomeExpense": -26,
        "netIncome": 202,
        "netIncomeAfterTaxes": 202,
        "period": "2015-12-31",
        "pretaxIncome": 284,
        "provisionforIncomeTaxes": 82,
        "revenue": 3706,
        "sgaExpense": 188,
        "totalOperatingExpense": 220
      },
      {
        "costOfGoodsSold": 3059,
        "depreciationAmortization": 31,
        "dilutedAverageSharesOutstanding": 267.3,
        "dilutedEPS": 0.79,
        "ebit": 339,
        "grossIncome": 519,
        "interestExpense": 43,
        "interestIncomeExpense": -30,
        "netIncome": 210,
        "netIncomeAfterTaxes": 210,
        "period": "2015-09-30",
        "pretaxIncome": 309,
        "provisionforIncomeTaxes": 99,
        "revenue": 3578,
        "sgaExpense": 149,
        "totalOperatingExpense": 180
      }
    ],
    "symbol": "MAR"
  }
}