{
  "symbol": "KKR",
  "statement": "ic",
  "frequency": "annual",
  "timestamp": "2025-09-19T14:02:51.462603",
  "data": {
    "financials": [
      {
        "costOfGoodsSold": 15177.101,
        "depreciationAmortization": 71.6,
        "dilutedAverageSharesOutstanding": 938.9046,
        "dilutedEPS": 3.2764,
        "ebit": 892.838,
        "grossIncome": 7818.825,
        "interestExpense": 3034.145,
        "interestIncomeExpense": 4967.595,
        "minorityInterest": -1829.792,
        "netIncome": 3076.245,
        "netIncomeAfterTaxes": 4906.037,
        "otherOperatingExpensesTotal": 421.137,
        "period": "2024-12-31",
        "pretaxIncome": 5860.433,
        "provisionforIncomeTaxes": 954.396,
        "revenue": 22995.926,
        "sgaExpense": 6433.25,
        "totalOperatingExpense": 6925.987,
        "year": 2024
      },
      {
        "costOfGoodsSold": 7747.349,
        "depreciationAmortization": 68.4,
        "dilutedAverageSharesOutstanding": 911.7874,
        "dilutedEPS": 4.0366,
        "ebit": 2167.448,
        "grossIncome": 7456.243,
        "interestExpense": 2772.088,
        "interestIncomeExpense": 4413.902,
        "minorityInterest": -1624.825,
        "netIncome": 3680.514,
        "netIncomeAfterTaxes": 5357.086,
        "nonRecurringItems": -26.741,
        "otherOperatingExpensesTotal": 379.603,
        "period": "2023-12-31",
        "pretaxIncome": 6554.609,
        "provisionforIncomeTaxes": 1197.523,
        "revenue": 15203.592,
        "sgaExpense": 4840.792,
        "totalOperatingExpense": 5288.795,
        "year": 2023
      },
      {
        "costOfGoodsSold": 4380,
        "depreciationAmortization": 55,
        "dilutedAverageSharesOutstanding": 750,
        "dilutedEPS": -1.21,
        "ebit": -634,
        "grossIncome": 2300,
        "interestExpense": 1550.777,
        "interestIncomeExpense": 1,
        "minorityInterest": 182,
        "netIncome": -910,
        "netIncomeAfterTaxes": -1024,
        "nonRecurringItems": -427,
        "period": "2022-12-31",
        "pretaxIncome": -1059,
        "provisionforIncomeTaxes": -36,
        "revenue": 6680,
        "sgaExpense": 2879,
        "totalOperatingExpense": 2934,
        "year": 2022
      },
      {
        "costOfGoodsSold": 5875,
        "depreciationAmortization": 47,
        "dilutedAverageSharesOutstanding": 633,
        "dilutedEPS": 7.2,
        "ebit": 4814,
        "grossIncome": 10826,
        "interestExpense": 1070.368,
        "interestIncomeExpense": 8835,
        "minorityInterest": -7629,
        "netIncome": 4561,
        "netIncomeAfterTaxes": 12295,
        "period": "2021-12-31",
        "pretaxIncome": 13648,
        "provisionforIncomeTaxes": 1353,
        "revenue": 16701,
        "sgaExpense": 5966,
        "totalOperatingExpense": 6012,
        "year": 2021
      },
      {
        "costOfGoodsSold": 299,
        "depreciationAmortization": 19,
        "dilutedAverageSharesOutstanding": 584,
        "dilutedEPS": 3.33,
        "ebit": 1298,
        "grossIncome": 4231,
        "interestExpense": 969.871,
        "interestIncomeExpense": 4429,
        "minorityInterest": -3115,
        "netIncome": 1946,
        "netIncomeAfterTaxes": 5118,
        "period": "2020-12-31",
        "pretaxIncome": 5727,
        "provisionforIncomeTaxes": 609,
        "revenue": 4530,
        "sgaExpense": 2915,
        "totalOperatingExpense": 2934,
        "year": 2020
      },
      {
        "costOfGoodsSold": 341,
        "depreciationAmortization": 18,
        "dilutedAverageSharesOutstanding": 558,
        "dilutedEPS": 3.54,
        "ebit": 1312,
        "grossIncome": 4221,
        "interestExpense": 1043.551,
        "interestIncomeExpense": 3856,
        "minorityInterest": -2634,
        "netIncome": 1972,
        "netIncomeAfterTaxes": 4640,
        "period": "2019-12-31",
        "pretaxIncome": 5168,
        "provisionforIncomeTaxes": 529,
        "revenue": 4562,
        "sgaExpense": 2891,
        "totalOperatingExpense": 2908,
        "year": 2019
      },
      {
        "costOfGoodsSold": 232,
        "depreciationAmortization": 23,
        "dilutedAverageSharesOutstanding": 534,
        "dilutedEPS": 2.06,
        "ebit": 306,
        "grossIncome": 2396,
        "interestExpense": 876.029,
        "interestIncomeExpense": 1950,
        "minorityInterest": -1320,
        "netIncome": 1098,
        "netIncomeAfterTaxes": 2451,
        "period": "2018-12-31",
        "pretaxIncome": 2257,
        "provisionforIncomeTaxes": -194,
        "revenue": 2628,
        "sgaExpense": 2067,
        "totalOperatingExpense": 2089,
        "year": 2018
      },
      {
        "costOfGoodsSold": 257,
        "depreciationAmortization": 33,
        "dilutedAverageSharesOutstanding": 506,
        "dilutedEPS": 1.94,
        "ebit": 1221,
        "grossIncome": 3557,
        "interestExpense": 808.898,
        "interestIncomeExpense": 1564,
        "minorityInterest": -1542,
        "netIncome": 985,
        "netIncomeAfterTaxes": 2658,
        "period": "2017-12-31",
        "pretaxIncome": 2784,
        "provisionforIncomeTaxes": 126,
        "revenue": 3815,
        "sgaExpense": 2304,
        "totalOperatingExpense": 2337,
        "year": 2017
      },
      {
        "costOfGoodsSold": 129,
        "depreciationAmortization": 16,
        "dilutedAverageSharesOutstanding": 483,
        "dilutedEPS": 0.59,
        "ebit": 345,
        "grossIncome": 2040,
        "interestExpense": 789.953,
        "interestIncomeExpense": 631,
        "minorityInterest": -641,
        "netIncome": 287,
        "netIncomeAfterTaxes": 951,
        "period": "2016-12-31",
        "pretaxIncome": 975,
        "provisionforIncomeTaxes": 25,
        "revenue": 2169,
        "sgaExpense": 1679,
        "totalOperatingExpense": 1695,
        "year": 2016
      },
      {
        "dilutedAverageSharesOutstanding": 483,
        "dilutedEPS": 1.01,
        "ebit": -827,
        "interestExpense": 573.226,
        "interestIncomeExpense": 6169,
        "minorityInterest": -4787,
        "netIncome": 488,
        "netIncomeAfterTaxes": 5275,
        "period": "2015-12-31",
        "pretaxIncome": 5342,
        "provisionforIncomeTaxes": 67,
        "revenue": 1044,
        "sgaExpense": 1871,
        "totalOperatingExpense": 1871,
        "year": 2015
      }
    ],
    "symbol": "KKR"
  }
}