{
  "symbol": "HSY",
  "statement": "ic",
  "frequency": "annual",
  "timestamp": "2025-09-19T14:01:27.397405",
  "data": {
    "financials": [
      {
        "costOfGoodsSold": 5901.375,
        "dilutedAverageSharesOutstanding": 203.487,
        "dilutedEPS": 10.91,
        "ebit": 2927.267,
        "grossIncome": 5300.888,
        "interestExpense": 174.317,
        "interestIncomeExpense": -165.655,
        "netIncome": 2221.239,
        "netIncomeAfterTaxes": 2221.239,
        "nonRecurringItems": -29.035,
        "period": "2024-12-31",
        "pretaxIncome": 2473.936,
        "provisionforIncomeTaxes": 252.697,
        "revenue": 11202.263,
        "sgaExpense": 2373.621,
        "totalOperatingExpense": 2373.621,
        "totalOtherIncomeExpenseNet": -258.641,
        "year": 2024
      },
      {
        "costOfGoodsSold": 6167.176,
        "dilutedAverageSharesOutstanding": 205.496,
        "dilutedEPS": 9.06,
        "ebit": 2561.308,
        "grossIncome": 4997.816,
        "interestExpense": 161.511,
        "interestIncomeExpense": -151.785,
        "netIncome": 1861.787,
        "netIncomeAfterTaxes": 1861.787,
        "nonRecurringItems": -0.441,
        "period": "2023-12-31",
        "pretaxIncome": 2171.864,
        "provisionforIncomeTaxes": 310.077,
        "revenue": 11164.992,
        "sgaExpense": 2436.508,
        "totalOperatingExpense": 2436.508,
        "totalOtherIncomeExpenseNet": -237.218,
        "year": 2023
      },
      {
        "costOfGoodsSold": 5920.506,
        "dilutedAverageSharesOutstanding": 206.575,
        "dilutedEPS": 7.96,
        "ebit": 2265.204,
        "grossIncome": 4498.788,
        "interestExpense": 140.095,
        "interestIncomeExpense": -137.557,
        "minorityInterest": 0,
        "netIncome": 1644.817,
        "netIncomeAfterTaxes": 1644.817,
        "nonRecurringItems": -192.703,
        "period": "2022-12-31",
        "pretaxIncome": 1917.071,
        "provisionforIncomeTaxes": 272.254,
        "researchDevelopment": 46.943,
        "revenue": 10419.294,
        "sgaExpense": 2186.641,
        "totalOperatingExpense": 2233.584,
        "totalOtherIncomeExpenseNet": -17.873,
        "year": 2022
      },
      {
        "costOfGoodsSold": 4917.519,
        "dilutedAverageSharesOutstanding": 268.372,
        "dilutedEPS": 5.51,
        "ebit": 2060.321,
        "grossIncome": 4053.818,
        "interestExpense": 129.846,
        "interestIncomeExpense": -127.417,
        "minorityInterest": -5.307,
        "netIncome": 1477.512,
        "netIncomeAfterTaxes": 1482.819,
        "nonRecurringItems": -130.355,
        "period": "2021-12-31",
        "pretaxIncome": 1797.224,
        "provisionforIncomeTaxes": 314.405,
        "researchDevelopment": 40.107,
        "revenue": 8971.337,
        "sgaExpense": 1953.39,
        "totalOperatingExpense": 1993.497,
        "totalOtherIncomeExpenseNet": -5.325,
        "year": 2021
      },
      {
        "costOfGoodsSold": 4446.241,
        "dilutedAverageSharesOutstanding": 209.414,
        "dilutedEPS": 6.11,
        "ebit": 1823.354,
        "grossIncome": 3703.478,
        "interestExpense": 153.471,
        "interestIncomeExpense": -149.374,
        "minorityInterest": 3.295,
        "netIncome": 1278.708,
        "netIncomeAfterTaxes": 1275.413,
        "nonRecurringItems": -166.235,
        "period": "2020-12-31",
        "pretaxIncome": 1494.997,
        "provisionforIncomeTaxes": 219.584,
        "researchDevelopment": 37.577,
        "revenue": 8149.719,
        "sgaExpense": 1842.547,
        "totalOperatingExpense": 1880.124,
        "totalOtherIncomeExpenseNet": -12.748,
        "year": 2020
      },
      {
        "costOfGoodsSold": 4363.774,
        "dilutedAverageSharesOutstanding": 210.702,
        "dilutedEPS": 5.46,
        "ebit": 1710.527,
        "grossIncome": 3622.478,
        "interestExpense": 147.655,
        "interestIncomeExpense": -136.977,
        "minorityInterest": 2.94,
        "netIncome": 1149.692,
        "netIncomeAfterTaxes": 1146.752,
        "nonRecurringItems": -172.18,
        "period": "2019-12-31",
        "pretaxIncome": 1380.784,
        "provisionforIncomeTaxes": 234.032,
        "researchDevelopment": 37.146,
        "revenue": 7986.252,
        "sgaExpense": 1874.805,
        "totalOperatingExpense": 1911.951,
        "totalOtherIncomeExpenseNet": -20.586,
        "year": 2019
      },
      {
        "costOfGoodsSold": 4204.421,
        "dilutedAverageSharesOutstanding": 210.989,
        "dilutedEPS": 5.58,
        "ebit": 1734.421,
        "grossIncome": 3586.648,
        "interestExpense": 146.858,
        "interestIncomeExpense": -140.038,
        "minorityInterest": 6.511,
        "netIncome": 1177.562,
        "netIncomeAfterTaxes": 1163.251,
        "nonRecurringItems": -159.885,
        "period": "2018-12-31",
        "pretaxIncome": 1410.061,
        "provisionforIncomeTaxes": 246.81,
        "researchDevelopment": 38.521,
        "revenue": 7791.069,
        "sgaExpense": 1813.706,
        "totalOperatingExpense": 1852.227,
        "totalOtherIncomeExpenseNet": -24.437,
        "year": 2018
      },
      {
        "costOfGoodsSold": 4054.903,
        "dilutedAverageSharesOutstanding": 213.742,
        "dilutedEPS": 3.66,
        "ebit": 1587.006,
        "grossIncome": 3460.523,
        "interestExpense": 100.066,
        "interestIncomeExpense": -93.808,
        "minorityInterest": 26.444,
        "netIncome": 782.981,
        "netIncomeAfterTaxes": 724.037,
        "nonRecurringItems": -344.28,
        "period": "2017-12-31",
        "pretaxIncome": 1110.668,
        "provisionforIncomeTaxes": 386.631,
        "researchDevelopment": 45.85,
        "revenue": 7515.426,
        "sgaExpense": 1827.667,
        "totalOperatingExpense": 1873.517,
        "totalOtherIncomeExpenseNet": -38.25,
        "year": 2017
      },
      {
        "costOfGoodsSold": 4212.536,
        "dilutedAverageSharesOutstanding": 215.304,
        "dilutedEPS": 3.34,
        "ebit": 1353.279,
        "grossIncome": 3227.645,
        "interestExpense": 91.948,
        "interestIncomeExpense": -90.143,
        "netIncome": 720.044,
        "netIncomeAfterTaxes": 720.044,
        "nonRecurringItems": -114.938,
        "period": "2016-12-31",
        "pretaxIncome": 1099.481,
        "provisionforIncomeTaxes": 379.437,
        "researchDevelopment": 47.268,
        "revenue": 7440.181,
        "sgaExpense": 1827.098,
        "totalOperatingExpense": 1874.366,
        "totalOtherIncomeExpenseNet": -48.717,
        "year": 2016
      },
      {
        "costOfGoodsSold": 3996.137,
        "dilutedAverageSharesOutstanding": 220.651,
        "dilutedEPS": 2.32,
        "ebit": 1438.549,
        "gainLossOnDispositionOfAssets": 9.95,
        "grossIncome": 3390.489,
        "interestExpense": 80.983,
        "interestIncomeExpense": -76.46,
        "netIncome": 512.951,
        "netIncomeAfterTaxes": 512.951,
        "nonRecurringItems": -469.592,
        "period": "2015-12-31",
        "pretaxIncome": 901.847,
        "provisionforIncomeTaxes": 388.896,
        "researchDevelopment": 49.281,
        "revenue": 7386.626,
        "sgaExpense": 1902.659,
        "totalOperatingExpense": 1951.94,
        "totalOtherIncomeExpenseNet": -0.6,
        "year": 2015
      }
    ],
    "symbol": "HSY"
  }
}