{
  "symbol": "IT",
  "statement": "ic",
  "frequency": "annual",
  "timestamp": "2025-09-19T14:00:50.711743",
  "data": {
    "financials": [
      {
        "costOfGoodsSold": 2023.022,
        "depreciationAmortization": 202.315,
        "dilutedAverageSharesOutstanding": 78.338,
        "dilutedEPS": 16.0039,
        "ebit": 1168.16,
        "grossIncome": 4244.389,
        "interestExpense": 131.046,
        "interestIncomeExpense": -69.488,
        "netIncome": 1253.715,
        "netIncomeAfterTaxes": 1253.715,
        "nonRecurringItems": -11.873,
        "period": "2024-12-31",
        "pretaxIncome": 1387.374,
        "provisionforIncomeTaxes": 133.659,
        "revenue": 6267.411,
        "sgaExpense": 2873.914,
        "totalOperatingExpense": 3076.229,
        "totalOtherIncomeExpenseNet": 300.575,
        "year": 2024
      },
      {
        "costOfGoodsSold": 1903.24,
        "depreciationAmortization": 191.103,
        "dilutedAverageSharesOutstanding": 79.68,
        "dilutedEPS": 11.0751,
        "ebit": 1131.471,
        "grossIncome": 4003.716,
        "interestExpense": 132.772,
        "interestIncomeExpense": -94.246,
        "netIncome": 882.466,
        "netIncomeAfterTaxes": 882.466,
        "nonRecurringItems": 105.423,
        "period": "2023-12-31",
        "pretaxIncome": 1147.129,
        "provisionforIncomeTaxes": 264.663,
        "revenue": 5906.956,
        "sgaExpense": 2681.142,
        "totalOperatingExpense": 2872.245,
        "totalOtherIncomeExpenseNet": 4.481,
        "year": 2023
      },
      {
        "costOfGoodsSold": 1693.8,
        "depreciationAmortization": 191.9,
        "dilutedAverageSharesOutstanding": 81.1,
        "dilutedEPS": 9.96,
        "ebit": 1163.2,
        "grossIncome": 3782.1,
        "interestExpense": 126.203,
        "interestIncomeExpense": -121.3,
        "netIncome": 807.8,
        "netIncomeAfterTaxes": 807.8,
        "nonRecurringItems": -63.1,
        "period": "2022-12-31",
        "pretaxIncome": 1027.2,
        "provisionforIncomeTaxes": 219.4,
        "revenue": 5475.8,
        "sgaExpense": 2426.9,
        "totalOperatingExpense": 2618.8,
        "totalOtherIncomeExpenseNet": 48.4,
        "year": 2022
      },
      {
        "costOfGoodsSold": 1444.1,
        "depreciationAmortization": 212.4,
        "dilutedAverageSharesOutstanding": 86.2,
        "dilutedEPS": 9.21,
        "ebit": 921.9,
        "grossIncome": 3289.9,
        "interestExpense": 118.513,
        "interestIncomeExpense": -96.4,
        "netIncome": 793.6,
        "netIncomeAfterTaxes": 793.6,
        "nonRecurringItems": -6.1,
        "period": "2021-12-31",
        "pretaxIncome": 969.9,
        "provisionforIncomeTaxes": 176.3,
        "revenue": 4734,
        "sgaExpense": 2155.7,
        "totalOperatingExpense": 2368,
        "totalOtherIncomeExpenseNet": 150.5,
        "year": 2021
      },
      {
        "costOfGoodsSold": 1345,
        "depreciationAmortization": 219,
        "dilutedAverageSharesOutstanding": 90,
        "dilutedEPS": 2.96,
        "ebit": 496.4,
        "grossIncome": 2754.4,
        "interestExpense": 115.636,
        "interestIncomeExpense": -113.5,
        "netIncome": 266.7,
        "netIncomeAfterTaxes": 266.7,
        "nonRecurringItems": -51.1,
        "period": "2020-12-31",
        "pretaxIncome": 326.1,
        "provisionforIncomeTaxes": 59.4,
        "revenue": 4099.4,
        "sgaExpense": 2039,
        "totalOperatingExpense": 2258,
        "totalOtherIncomeExpenseNet": -5.7,
        "year": 2020
      },
      {
        "costOfGoodsSold": 1550.6,
        "depreciationAmortization": 211.8,
        "dilutedAverageSharesOutstanding": 91,
        "dilutedEPS": 2.56,
        "ebit": 379.5,
        "grossIncome": 2694.8,
        "interestExpense": 106.192,
        "interestIncomeExpense": -102.3,
        "netIncome": 233.3,
        "netIncomeAfterTaxes": 233.3,
        "nonRecurringItems": -11.5,
        "period": "2019-12-31",
        "pretaxIncome": 275.7,
        "provisionforIncomeTaxes": 42.4,
        "revenue": 4245.3,
        "sgaExpense": 2103.4,
        "totalOperatingExpense": 2315.2,
        "totalOtherIncomeExpenseNet": 10,
        "year": 2019
      },
      {
        "costOfGoodsSold": 1468.8,
        "depreciationAmortization": 255.6,
        "dilutedAverageSharesOutstanding": 92.1,
        "dilutedEPS": 1.33,
        "ebit": 367,
        "grossIncome": 2506.7,
        "interestExpense": 128.674,
        "interestIncomeExpense": -134.6,
        "netIncome": 122.5,
        "netIncomeAfterTaxes": 117.1,
        "nonRecurringItems": -61.8,
        "period": "2018-12-31",
        "pretaxIncome": 181.1,
        "provisionforIncomeTaxes": 64.1,
        "revenue": 3975.5,
        "sgaExpense": 1884.1,
        "totalOperatingExpense": 2139.7,
        "totalOtherIncomeExpenseNet": 10.6,
        "year": 2018
      },
      {
        "costOfGoodsSold": 1320.2,
        "depreciationAmortization": 240.2,
        "dilutedAverageSharesOutstanding": 89.8,
        "dilutedEPS": 0.03,
        "ebit": 134.6,
        "grossIncome": 1991.3,
        "interestExpense": 120.047,
        "interestIncomeExpense": -125.7,
        "netIncome": 3.3,
        "netIncomeAfterTaxes": -56.3,
        "nonRecurringItems": -140.9,
        "period": "2017-12-31",
        "pretaxIncome": -127.8,
        "provisionforIncomeTaxes": -71.5,
        "revenue": 3311.5,
        "sgaExpense": 1616.6,
        "totalOperatingExpense": 1856.7,
        "totalOtherIncomeExpenseNet": 4.2,
        "year": 2017
      },
      {
        "costOfGoodsSold": 945.6,
        "depreciationAmortization": 62,
        "dilutedAverageSharesOutstanding": 83.8,
        "dilutedEPS": 2.31,
        "ebit": 347.7,
        "grossIncome": 1498.9,
        "interestIncomeExpense": -25.4,
        "netIncome": 193.6,
        "netIncomeAfterTaxes": 193.6,
        "nonRecurringItems": -42.6,
        "period": "2016-12-31",
        "pretaxIncome": 288.4,
        "provisionforIncomeTaxes": 94.8,
        "revenue": 2444.5,
        "sgaExpense": 1089.2,
        "totalOperatingExpense": 1151.2,
        "totalOtherIncomeExpenseNet": 8.7,
        "year": 2016
      },
      {
        "costOfGoodsSold": 839.1,
        "depreciationAmortization": 47.1,
        "dilutedAverageSharesOutstanding": 85.1,
        "dilutedEPS": 2.06,
        "ebit": 314.2,
        "grossIncome": 1324,
        "interestIncomeExpense": -20.8,
        "netIncome": 175.6,
        "netIncomeAfterTaxes": 175.6,
        "nonRecurringItems": -26.2,
        "period": "2015-12-31",
        "pretaxIncome": 272.2,
        "provisionforIncomeTaxes": 96.6,
        "revenue": 2163.1,
        "sgaExpense": 962.7,
        "totalOperatingExpense": 1009.8,
        "totalOtherIncomeExpenseNet": 5,
        "year": 2015
      }
    ],
    "symbol": "IT"
  }
}