{
  "symbol": "CL",
  "statement": "ic",
  "frequency": "quarterly",
  "timestamp": "2025-09-19T13:58:17.949392",
  "data": {
    "financials": [
      {
        "costOfGoodsSold": 2041,
        "dilutedAverageSharesOutstanding": 813.3,
        "dilutedEPS": 0.9136,
        "ebit": 1089,
        "grossIncome": 3069,
        "interestExpense": 71,
        "interestIncomeExpense": -50,
        "minorityInterest": -30,
        "netIncome": 743,
        "netIncomeAfterTaxes": 773,
        "nonRecurringItems": -9,
        "otherOperatingExpensesTotal": 17,
        "period": "2025-06-30",
        "pretaxIncome": 1007,
        "provisionforIncomeTaxes": 234,
        "revenue": 5110,
        "sgaExpense": 1963,
        "totalOperatingExpense": 1980,
        "totalOtherIncomeExpenseNet": -23
      },
      {
        "costOfGoodsSold": 1924,
        "dilutedAverageSharesOutstanding": 815,
        "dilutedEPS": 0.8466,
        "ebit": 1091,
        "grossIncome": 2987,
        "interestExpense": 66,
        "interestIncomeExpense": -51,
        "minorityInterest": -36,
        "netIncome": 690,
        "netIncomeAfterTaxes": 726,
        "nonRecurringItems": -65,
        "otherOperatingExpensesTotal": 13,
        "period": "2025-03-31",
        "pretaxIncome": 953,
        "provisionforIncomeTaxes": 227,
        "revenue": 4911,
        "sgaExpense": 1883,
        "totalOperatingExpense": 1896,
        "totalOtherIncomeExpenseNet": -22
      },
      {
        "costOfGoodsSold": 1963,
        "dilutedAverageSharesOutstanding": 820.2,
        "dilutedEPS": 0.901,
        "ebit": 1070,
        "grossIncome": 2982,
        "interestExpense": 66,
        "interestIncomeExpense": -50,
        "minorityInterest": -40,
        "netIncome": 739,
        "netIncomeAfterTaxes": 779,
        "nonRecurringItems": -7,
        "otherOperatingExpensesTotal": 18,
        "period": "2024-12-31",
        "pretaxIncome": 993,
        "provisionforIncomeTaxes": 214,
        "revenue": 4945,
        "sgaExpense": 1894,
        "totalOperatingExpense": 1912,
        "totalOtherIncomeExpenseNet": -20
      },
      {
        "costOfGoodsSold": 1959,
        "dilutedAverageSharesOutstanding": 822.5,
        "dilutedEPS": 0.8961,
        "ebit": 1069,
        "grossIncome": 3074,
        "interestIncomeExpense": -56,
        "minorityInterest": -39,
        "netIncome": 737,
        "netIncomeAfterTaxes": 776,
        "nonRecurringItems": -4,
        "otherOperatingExpensesTotal": 27,
        "period": "2024-09-30",
        "pretaxIncome": 986,
        "provisionforIncomeTaxes": 210,
        "revenue": 5033,
        "sgaExpense": 1978,
        "totalOperatingExpense": 2005,
        "totalOtherIncomeExpenseNet": -23
      },
      {
        "costOfGoodsSold": 1992,
        "dilutedAverageSharesOutstanding": 823.7,
        "dilutedEPS": 0.8875,
        "ebit": 1110,
        "grossIncome": 3066,
        "interestIncomeExpense": -60,
        "minorityInterest": -36,
        "netIncome": 731,
        "netIncomeAfterTaxes": 767,
        "nonRecurringItems": -18,
        "otherOperatingExpensesTotal": 19,
        "period": "2024-06-30",
        "pretaxIncome": 1010,
        "provisionforIncomeTaxes": 243,
        "revenue": 5058,
        "sgaExpense": 1937,
        "totalOperatingExpense": 1956,
        "totalOtherIncomeExpenseNet": -22
      },
      {
        "costOfGoodsSold": 2026,
        "dilutedAverageSharesOutstanding": 825.9,
        "dilutedEPS": 0.827,
        "ebit": 1083,
        "grossIncome": 3039,
        "interestIncomeExpense": -58,
        "minorityInterest": -46,
        "netIncome": 683,
        "netIncomeAfterTaxes": 729,
        "nonRecurringItems": -36,
        "otherOperatingExpensesTotal": 41,
        "period": "2024-03-31",
        "pretaxIncome": 967,
        "provisionforIncomeTaxes": 238,
        "revenue": 5065,
        "sgaExpense": 1915,
        "totalOperatingExpense": 1956,
        "totalOtherIncomeExpenseNet": -22
      },
      {
        "costOfGoodsSold": 2000,
        "dilutedAverageSharesOutstanding": 825.3,
        "dilutedEPS": 0.87,
        "ebit": 1074,
        "grossIncome": 2950,
        "interestIncomeExpense": -62,
        "minorityInterest": -42,
        "netIncome": 718,
        "netIncomeAfterTaxes": 760,
        "nonRecurringItems": -3,
        "otherOperatingExpensesTotal": 73,
        "period": "2023-12-31",
        "pretaxIncome": 988,
        "provisionforIncomeTaxes": 228,
        "revenue": 4950,
        "sgaExpense": 1803,
        "totalOperatingExpense": 1876,
        "totalOtherIncomeExpenseNet": -21
      },
      {
        "costOfGoodsSold": 2038,
        "dilutedAverageSharesOutstanding": 827.3,
        "dilutedEPS": 0.8558,
        "ebit": 1030,
        "grossIncome": 2877,
        "interestIncomeExpense": -58,
        "minorityInterest": -39,
        "netIncome": 708,
        "netIncomeAfterTaxes": 747,
        "nonRecurringItems": -1,
        "otherOperatingExpensesTotal": 25,
        "period": "2023-09-30",
        "pretaxIncome": 956,
        "provisionforIncomeTaxes": 209,
        "revenue": 4915,
        "sgaExpense": 1822,
        "totalOperatingExpense": 1847,
        "totalOtherIncomeExpenseNet": -15
      },
      {
        "costOfGoodsSold": 2035,
        "dilutedAverageSharesOutstanding": 831.3,
        "dilutedEPS": 0.6039,
        "ebit": 992,
        "grossIncome": 2787,
        "interestIncomeExpense": -58,
        "minorityInterest": -32,
        "netIncome": 502,
        "netIncomeAfterTaxes": 534,
        "nonRecurringItems": -21,
        "otherOperatingExpensesTotal": 29,
        "period": "2023-06-30",
        "pretaxIncome": 887,
        "provisionforIncomeTaxes": 353,
        "revenue": 4822,
        "sgaExpense": 1766,
        "totalOperatingExpense": 1795,
        "totalOtherIncomeExpenseNet": -26
      },
      {
        "costOfGoodsSold": 2058,
        "dilutedAverageSharesOutstanding": 833,
        "dilutedEPS": 0.4466,
        "ebit": 939,
        "grossIncome": 2712,
        "interestIncomeExpense": -54,
        "minorityInterest": -42,
        "netIncome": 372,
        "netIncomeAfterTaxes": 414,
        "nonRecurringItems": -298,
        "otherOperatingExpensesTotal": 15,
        "period": "2023-03-31",
        "pretaxIncome": 561,
        "provisionforIncomeTaxes": 147,
        "revenue": 4770,
        "sgaExpense": 1758,
        "totalOperatingExpense": 1773,
        "totalOtherIncomeExpenseNet": -26
      },
      {
        "costOfGoodsSold": 2055,
        "dilutedAverageSharesOutstanding": 834,
        "dilutedEPS": 0.006,
        "ebit": 941,
        "grossIncome": 2574,
        "interestIncomeExpense": -55,
        "minorityInterest": -38,
        "netIncome": 5,
        "netIncomeAfterTaxes": 43,
        "nonRecurringItems": -741,
        "otherOperatingExpensesTotal": 1,
        "period": "2022-12-31",
        "pretaxIncome": 132,
        "provisionforIncomeTaxes": 89,
        "revenue": 4629,
        "sgaExpense": 1632,
        "totalOperatingExpense": 1633,
        "totalOtherIncomeExpenseNet": -13
      },
      {
        "costOfGoodsSold": 1907,
        "dilutedAverageSharesOutstanding": 838.5,
        "dilutedEPS": 0.737,
        "ebit": 920,
        "grossIncome": 2548,
        "interestIncomeExpense": -40,
        "minorityInterest": -64,
        "netIncome": 618,
        "netIncomeAfterTaxes": 682,
        "nonRecurringItems": 28,
        "otherOperatingExpensesTotal": -5,
        "period": "2022-09-30",
        "pretaxIncome": 892,
        "provisionforIncomeTaxes": 210,
        "revenue": 4455,
        "sgaExpense": 1633,
        "totalOperatingExpense": 1628,
        "totalOtherIncomeExpenseNet": -16
      },
      {
        "costOfGoodsSold": 1930,
        "dilutedAverageSharesOutstanding": 839.4,
        "dilutedEPS": 0.7184,
        "ebit": 897,
        "grossIncome": 2554,
        "interestIncomeExpense": -31,
        "minorityInterest": -36,
        "netIncome": 603,
        "netIncomeAfterTaxes": 639,
        "nonRecurringItems": -8,
        "otherOperatingExpensesTotal": 3,
        "period": "2022-06-30",
        "pretaxIncome": 841,
        "provisionforIncomeTaxes": 202,
        "revenue": 4484,
        "sgaExpense": 1654,
        "totalOperatingExpense": 1657,
        "totalOtherIncomeExpenseNet": -17
      },
      {
        "costOfGoodsSold": 1827,
        "dilutedAverageSharesOutstanding": 843.7,
        "dilutedEPS": 0.6626,
        "ebit": 923,
        "grossIncome": 2572,
        "interestIncomeExpense": -27,
        "minorityInterest": -44,
        "netIncome": 559,
        "netIncomeAfterTaxes": 603,
        "nonRecurringItems": -82,
        "otherOperatingExpensesTotal": 8,
        "period": "2022-03-31",
        "pretaxIncome": 795,
        "provisionforIncomeTaxes": 192,
        "revenue": 4399,
        "sgaExpense": 1641,
        "totalOperatingExpense": 1649,
        "totalOtherIncomeExpenseNet": -19
      },
      {
        "costOfGoodsSold": 1844,
        "dilutedAverageSharesOutstanding": 846.2,
        "dilutedEPS": 0.1749,
        "ebit": 936,
        "grossIncome": 2559,
        "interestIncomeExpense": -23,
        "minorityInterest": -40,
        "netIncome": 148,
        "netIncomeAfterTaxes": 188,
        "nonRecurringItems": -571,
        "otherOperatingExpensesTotal": 25,
        "period": "2021-12-31",
        "pretaxIncome": 324,
        "provisionforIncomeTaxes": 136,
        "revenue": 4403,
        "sgaExpense": 1598,
        "totalOperatingExpense": 1623,
        "totalOtherIncomeExpenseNet": -18
      },
      {
        "costOfGoodsSold": 1791,
        "dilutedAverageSharesOutstanding": 846.4,
        "dilutedEPS": 0.7491,
        "ebit": 967,
        "grossIncome": 2623,
        "interestIncomeExpense": -98,
        "minorityInterest": -47,
        "netIncome": 634,
        "netIncomeAfterTaxes": 681,
        "otherOperatingExpensesTotal": 20,
        "period": "2021-09-30",
        "pretaxIncome": 853,
        "provisionforIncomeTaxes": 172,
        "revenue": 4414,
        "sgaExpense": 1636,
        "totalOperatingExpense": 1656,
        "totalOtherIncomeExpenseNet": -16
      },
      {
        "costOfGoodsSold": 1704,
        "dilutedAverageSharesOutstanding": 849.4,
        "dilutedEPS": 0.8276,
        "ebit": 996,
        "grossIncome": 2556,
        "interestIncomeExpense": -25,
        "minorityInterest": -38,
        "netIncome": 703,
        "netIncomeAfterTaxes": 741,
        "otherOperatingExpensesTotal": -8,
        "period": "2021-06-30",
        "pretaxIncome": 953,
        "provisionforIncomeTaxes": 212,
        "revenue": 4260,
        "sgaExpense": 1568,
        "totalOperatingExpense": 1560,
        "totalOtherIncomeExpenseNet": -18
      },
      {
        "costOfGoodsSold": 1707,
        "dilutedAverageSharesOutstanding": 851.4,
        "dilutedEPS": 0.8,
        "ebit": 1004,
        "grossIncome": 2637,
        "interestIncomeExpense": -29,
        "minorityInterest": -47,
        "netIncome": 681,
        "netIncomeAfterTaxes": 728,
        "otherOperatingExpensesTotal": 28,
        "period": "2021-03-31",
        "pretaxIncome": 957,
        "provisionforIncomeTaxes": 229,
        "revenue": 4344,
        "sgaExpense": 1605,
        "totalOperatingExpense": 1633,
        "totalOtherIncomeExpenseNet": -18
      },
      {
        "costOfGoodsSold": 1681,
        "dilutedAverageSharesOutstanding": 858.7,
        "dilutedEPS": 0.75,
        "ebit": 969,
        "grossIncome": 2643,
        "interestIncomeExpense": -57,
        "minorityInterest": -45,
        "netIncome": 647,
        "netIncomeAfterTaxes": 692,
        "otherOperatingExpensesTotal": 41,
        "period": "2020-12-31",
        "pretaxIncome": 894,
        "provisionforIncomeTaxes": 202,
        "revenue": 4324,
        "sgaExpense": 1633,
        "totalOperatingExpense": 1674,
        "totalOtherIncomeExpenseNet": -18
      },
      {
        "costOfGoodsSold": 1613,
        "dilutedAverageSharesOutstanding": 861.8,
        "dilutedEPS": 0.81,
        "ebit": 1018,
        "grossIncome": 2540,
        "interestIncomeExpense": -36,
        "minorityInterest": -47,
        "netIncome": 698,
        "netIncomeAfterTaxes": 745,
        "otherOperatingExpensesTotal": 4,
        "period": "2020-09-30",
        "pretaxIncome": 967,
        "provisionforIncomeTaxes": 222,
        "revenue": 4153,
        "sgaExpense": 1518,
        "totalOperatingExpense": 1522,
        "totalOtherIncomeExpenseNet": -15
      },
      {
        "costOfGoodsSold": 1528,
        "dilutedAverageSharesOutstanding": 858.9,
        "dilutedEPS": 0.74,
        "ebit": 946,
        "grossIncome": 2369,
        "interestIncomeExpense": -35,
        "minorityInterest": -40,
        "netIncome": 635,
        "netIncomeAfterTaxes": 675,
        "otherOperatingExpensesTotal": 28,
        "period": "2020-06-30",
        "pretaxIncome": 891,
        "provisionforIncomeTaxes": 216,
        "revenue": 3897,
        "sgaExpense": 1395,
        "totalOperatingExpense": 1423,
        "totalOtherIncomeExpenseNet": -20
      },
      {
        "costOfGoodsSold": 1632,
        "dilutedAverageSharesOutstanding": 858.4,
        "dilutedEPS": 0.83,
        "ebit": 952,
        "grossIncome": 2465,
        "interestIncomeExpense": -36,
        "minorityInterest": -33,
        "netIncome": 715,
        "netIncomeAfterTaxes": 748,
        "otherOperatingExpensesTotal": 40,
        "period": "2020-03-31",
        "pretaxIncome": 895,
        "provisionforIncomeTaxes": 147,
        "revenue": 4097,
        "sgaExpense": 1473,
        "totalOperatingExpense": 1513,
        "totalOtherIncomeExpenseNet": -21
      },
      {
        "costOfGoodsSold": 1602,
        "dilutedAverageSharesOutstanding": 857.2,
        "dilutedEPS": 0.75,
        "ebit": 962,
        "grossIncome": 2413,
        "interestIncomeExpense": -32,
        "minorityInterest": -39,
        "netIncome": 643,
        "netIncomeAfterTaxes": 682,
        "nonRecurringItems": -34,
        "otherOperatingExpensesTotal": 57,
        "period": "2019-12-31",
        "pretaxIncome": 870,
        "provisionforIncomeTaxes": 188,
        "revenue": 4015,
        "sgaExpense": 1394,
        "totalOperatingExpense": 1451,
        "totalOtherIncomeExpenseNet": -26
      },
      {
        "costOfGoodsSold": 1611,
        "dilutedAverageSharesOutstanding": 861.2,
        "dilutedEPS": 0.67,
        "ebit": 882,
        "grossIncome": 2317,
        "interestIncomeExpense": -35,
        "minorityInterest": -49,
        "netIncome": 578,
        "netIncomeAfterTaxes": 627,
        "nonRecurringItems": -27,
        "otherOperatingExpensesTotal": 34,
        "period": "2019-09-30",
        "pretaxIncome": 794,
        "provisionforIncomeTaxes": 167,
        "revenue": 3928,
        "sgaExpense": 1401,
        "totalOperatingExpense": 1435,
        "totalOtherIncomeExpenseNet": -26
      },
      {
        "costOfGoodsSold": 1561,
        "dilutedAverageSharesOutstanding": 861.9,
        "dilutedEPS": 0.68,
        "ebit": 928,
        "grossIncome": 2305,
        "interestIncomeExpense": -38,
        "minorityInterest": -32,
        "netIncome": 586,
        "netIncomeAfterTaxes": 618,
        "nonRecurringItems": -42,
        "otherOperatingExpensesTotal": 18,
        "period": "2019-06-30",
        "pretaxIncome": 823,
        "provisionforIncomeTaxes": 205,
        "revenue": 3866,
        "sgaExpense": 1359,
        "totalOperatingExpense": 1377,
        "totalOtherIncomeExpenseNet": -25
      },
      {
        "costOfGoodsSold": 1586,
        "dilutedAverageSharesOutstanding": 863.2,
        "dilutedEPS": 0.65,
        "ebit": 907,
        "grossIncome": 2298,
        "interestIncomeExpense": -40,
        "minorityInterest": -40,
        "netIncome": 560,
        "netIncomeAfterTaxes": 600,
        "nonRecurringItems": -29,
        "otherOperatingExpensesTotal": 30,
        "period": "2019-03-31",
        "pretaxIncome": 814,
        "provisionforIncomeTaxes": 214,
        "revenue": 3884,
        "sgaExpense": 1361,
        "totalOperatingExpense": 1391,
        "totalOtherIncomeExpenseNet": -24
      },
      {
        "costOfGoodsSold": 1546,
        "dilutedAverageSharesOutstanding": 867,
        "dilutedEPS": 0.69,
        "ebit": 936,
        "grossIncome": 2265,
        "interestIncomeExpense": -37,
        "minorityInterest": -37,
        "netIncome": 606,
        "netIncomeAfterTaxes": 723,
        "nonRecurringItems": -46,
        "otherOperatingExpensesTotal": 10,
        "period": "2018-12-31",
        "pretaxIncome": 832,
        "provisionforIncomeTaxes": 109,
        "revenue": 3811,
        "sgaExpense": 1319,
        "totalOperatingExpense": 1329,
        "totalOtherIncomeExpenseNet": -21
      },
      {
        "costOfGoodsSold": 1568,
        "dilutedAverageSharesOutstanding": 871.1,
        "dilutedEPS": 0.6,
        "ebit": 899,
        "grossIncome": 2277,
        "interestIncomeExpense": -36,
        "minorityInterest": -39,
        "netIncome": 523,
        "netIncomeAfterTaxes": 562,
        "nonRecurringItems": -26,
        "otherOperatingExpensesTotal": 18,
        "period": "2018-09-30",
        "pretaxIncome": 820,
        "provisionforIncomeTaxes": 258,
        "revenue": 3845,
        "sgaExpense": 1360,
        "totalOperatingExpense": 1378,
        "totalOtherIncomeExpenseNet": -17
      },
      {
        "costOfGoodsSold": 1580,
        "dilutedAverageSharesOutstanding": 874,
        "dilutedEPS": 0.73,
        "ebit": 1004,
        "grossIncome": 2306,
        "interestIncomeExpense": -35,
        "minorityInterest": -38,
        "netIncome": 637,
        "netIncomeAfterTaxes": 675,
        "nonRecurringItems": -61,
        "otherOperatingExpensesTotal": 12,
        "period": "2018-06-30",
        "pretaxIncome": 888,
        "provisionforIncomeTaxes": 213,
        "revenue": 3886,
        "sgaExpense": 1290,
        "totalOperatingExpense": 1302,
        "totalOtherIncomeExpenseNet": -20
      },
      {
        "costOfGoodsSold": 1588,
        "dilutedAverageSharesOutstanding": 879.9,
        "dilutedEPS": 0.72,
        "ebit": 1007,
        "grossIncome": 2414,
        "interestIncomeExpense": -35,
        "minorityInterest": -44,
        "netIncome": 634,
        "netIncomeAfterTaxes": 678,
        "nonRecurringItems": -28,
        "otherOperatingExpensesTotal": 20,
        "period": "2018-03-31",
        "pretaxIncome": 924,
        "provisionforIncomeTaxes": 246,
        "revenue": 4002,
        "sgaExpense": 1387,
        "totalOperatingExpense": 1407,
        "totalOtherIncomeExpenseNet": -20
      },
      {
        "costOfGoodsSold": 1540,
        "dilutedAverageSharesOutstanding": 883.3,
        "dilutedEPS": 0.36,
        "ebit": 1040,
        "grossIncome": 2352,
        "interestIncomeExpense": -28,
        "minorityInterest": -30,
        "netIncome": 323,
        "netIncomeAfterTaxes": 628,
        "nonRecurringItems": -87,
        "otherOperatingExpensesTotal": -7,
        "period": "2017-12-31",
        "pretaxIncome": 896,
        "provisionforIncomeTaxes": 268,
        "revenue": 3892,
        "sgaExpense": 1319,
        "totalOperatingExpense": 1312,
        "totalOtherIncomeExpenseNet": -29
      },
      {
        "costOfGoodsSold": 1575,
        "dilutedAverageSharesOutstanding": 886.3,
        "dilutedEPS": 0.68,
        "ebit": 1004,
        "grossIncome": 2399,
        "interestIncomeExpense": -27,
        "minorityInterest": -43,
        "netIncome": 607,
        "netIncomeAfterTaxes": 650,
        "nonRecurringItems": -58,
        "otherOperatingExpensesTotal": 7,
        "period": "2017-09-30",
        "pretaxIncome": 900,
        "provisionforIncomeTaxes": 250,
        "revenue": 3974,
        "sgaExpense": 1388,
        "totalOperatingExpense": 1395,
        "totalOtherIncomeExpenseNet": -19
      },
      {
        "costOfGoodsSold": 1505,
        "dilutedAverageSharesOutstanding": 890.8,
        "dilutedEPS": 0.59,
        "ebit": 1019,
        "grossIncome": 2321,
        "interestIncomeExpense": -24,
        "minorityInterest": -36,
        "netIncome": 524,
        "netIncomeAfterTaxes": 560,
        "nonRecurringItems": -142,
        "otherOperatingExpensesTotal": 10,
        "period": "2017-06-30",
        "pretaxIncome": 829,
        "provisionforIncomeTaxes": 269,
        "revenue": 3826,
        "sgaExpense": 1292,
        "totalOperatingExpense": 1302,
        "totalOtherIncomeExpenseNet": -24
      },
      {
        "costOfGoodsSold": 1479,
        "dilutedAverageSharesOutstanding": 891,
        "dilutedEPS": 0.64,
        "ebit": 957,
        "grossIncome": 2283,
        "interestIncomeExpense": -23,
        "minorityInterest": -41,
        "netIncome": 570,
        "netIncomeAfterTaxes": 611,
        "nonRecurringItems": -46,
        "otherOperatingExpensesTotal": 11,
        "period": "2017-03-31",
        "pretaxIncome": 862,
        "provisionforIncomeTaxes": 251,
        "revenue": 3762,
        "sgaExpense": 1315,
        "totalOperatingExpense": 1326,
        "totalOtherIncomeExpenseNet": -26
      },
      {
        "costOfGoodsSold": 1459,
        "dilutedAverageSharesOutstanding": 893,
        "dilutedEPS": 0.68,
        "ebit": 1133,
        "grossIncome": 2262,
        "interestIncomeExpense": -21,
        "minorityInterest": -22,
        "netIncome": 606,
        "netIncomeAfterTaxes": 628,
        "nonRecurringItems": -60,
        "otherOperatingExpensesTotal": 10,
        "period": "2016-12-31",
        "pretaxIncome": 934,
        "provisionforIncomeTaxes": 306,
        "revenue": 3721,
        "sgaExpense": 1119,
        "totalOperatingExpense": 1129,
        "totalOtherIncomeExpenseNet": -118
      },
      {
        "costOfGoodsSold": 1532,
        "dilutedAverageSharesOutstanding": 899.2,
        "dilutedEPS": 0.78,
        "ebit": 1113,
        "grossIncome": 2335,
        "interestIncomeExpense": -25,
        "minorityInterest": -44,
        "netIncome": 702,
        "netIncomeAfterTaxes": 746,
        "nonRecurringItems": -42,
        "otherOperatingExpensesTotal": -91,
        "period": "2016-09-30",
        "pretaxIncome": 1046,
        "provisionforIncomeTaxes": 300,
        "revenue": 3867,
        "sgaExpense": 1313,
        "totalOperatingExpense": 1222
      },
      {
        "costOfGoodsSold": 1529,
        "dilutedAverageSharesOutstanding": 901.1,
        "dilutedEPS": 0.67,
        "ebit": 1003,
        "grossIncome": 2316,
        "interestIncomeExpense": -25,
        "minorityInterest": -38,
        "netIncome": 600,
        "netIncomeAfterTaxes": 638,
        "nonRecurringItems": -59,
        "otherOperatingExpensesTotal": 7,
        "period": "2016-06-30",
        "pretaxIncome": 919,
        "provisionforIncomeTaxes": 281,
        "revenue": 3845,
        "sgaExpense": 1306,
        "totalOperatingExpense": 1313
      },
      {
        "costOfGoodsSold": 1506,
        "dilutedAverageSharesOutstanding": 900.2,
        "dilutedEPS": 0.59,
        "ebit": 922,
        "grossIncome": 2256,
        "interestIncomeExpense": -28,
        "minorityInterest": -41,
        "netIncome": 533,
        "netIncomeAfterTaxes": 574,
        "nonRecurringItems": -55,
        "otherOperatingExpensesTotal": 6,
        "period": "2016-03-31",
        "pretaxIncome": 839,
        "provisionforIncomeTaxes": 265,
        "revenue": 3762,
        "sgaExpense": 1328,
        "totalOperatingExpense": 1334
      },
      {
        "costOfGoodsSold": 1597,
        "dilutedAverageSharesOutstanding": 896.5,
        "dilutedEPS": -0.51,
        "ebit": 1001,
        "grossIncome": 2302,
        "interestIncomeExpense": -7,
        "minorityInterest": -37,
        "netIncome": -458,
        "netIncomeAfterTaxes": -421,
        "nonRecurringItems": -1140,
        "otherOperatingExpensesTotal": 35,
        "period": "2015-12-31",
        "pretaxIncome": -146,
        "provisionforIncomeTaxes": 275,
        "revenue": 3899,
        "sgaExpense": 1266,
        "totalOperatingExpense": 1301
      },
      {
        "costOfGoodsSold": 1649,
        "dilutedAverageSharesOutstanding": 906.9,
        "dilutedEPS": 0.8,
        "ebit": 1182,
        "grossIncome": 2350,
        "interestIncomeExpense": -5,
        "minorityInterest": -44,
        "netIncome": 726,
        "netIncomeAfterTaxes": 770,
        "nonRecurringItems": -46,
        "otherOperatingExpensesTotal": -164,
        "period": "2015-09-30",
        "pretaxIncome": 1131,
        "provisionforIncomeTaxes": 361,
        "revenue": 3999,
        "sgaExpense": 1332,
        "totalOperatingExpense": 1168
      }
    ],
    "symbol": "CL"
  }
}