{
  "symbol": "SWK",
  "statement": "ic",
  "frequency": "quarterly",
  "timestamp": "2025-09-19T14:06:53.314783",
  "data": {
    "financials": [
      {
        "costOfGoodsSold": 2858.7,
        "dilutedAverageSharesOutstanding": 151.728,
        "dilutedEPS": 0.6716,
        "ebit": 189.4,
        "grossIncome": 1086.5,
        "interestExpense": 129.1,
        "interestIncomeExpense": -80.2,
        "netIncome": 101.9,
        "netIncomeAfterTaxes": 101.9,
        "nonRecurringItems": -82.5,
        "otherOperatingExpensesTotal": 76.1,
        "period": "2025-06-28",
        "pretaxIncome": 26.7,
        "provisionforIncomeTaxes": -75.2,
        "revenue": 3945.2,
        "sgaExpense": 821,
        "totalOperatingExpense": 897.1
      },
      {
        "costOfGoodsSold": 2607.1,
        "dilutedAverageSharesOutstanding": 151.699,
        "dilutedEPS": 0.5959,
        "ebit": 236.3,
        "grossIncome": 1137.5,
        "interestExpense": 126.4,
        "interestIncomeExpense": -77.2,
        "netIncome": 90.4,
        "netIncomeAfterTaxes": 90.4,
        "nonRecurringItems": -31.5,
        "otherOperatingExpensesTotal": 56.2,
        "period": "2025-03-29",
        "pretaxIncome": 127.6,
        "provisionforIncomeTaxes": 37.2,
        "revenue": 3744.6,
        "sgaExpense": 845,
        "totalOperatingExpense": 901.2
      },
      {
        "costOfGoodsSold": 2560.3,
        "dilutedAverageSharesOutstanding": 151.71,
        "dilutedEPS": 1.2847,
        "ebit": 285.9,
        "grossIncome": 1160.2,
        "interestExpense": 114.4,
        "interestIncomeExpense": -74.6,
        "netIncome": 194.9,
        "netIncomeAfterTaxes": 194.9,
        "nonRecurringItems": -85.9,
        "otherOperatingExpensesTotal": 37.6,
        "period": "2024-12-31",
        "pretaxIncome": 125.4,
        "provisionforIncomeTaxes": -69.5,
        "revenue": 3720.5,
        "sgaExpense": 836.7,
        "totalOperatingExpense": 874.3
      },
      {
        "costOfGoodsSold": 2605.9,
        "dilutedAverageSharesOutstanding": 151.465,
        "dilutedEPS": 0.6015,
        "ebit": 275.7,
        "grossIncome": 1145.4,
        "interestExpense": 131.4,
        "interestIncomeExpense": -78.6,
        "netIncome": 91.1,
        "netIncomeAfterTaxes": 91.1,
        "nonRecurringItems": -107.6,
        "otherOperatingExpensesTotal": 87.7,
        "period": "2024-09-28",
        "pretaxIncome": 89.5,
        "provisionforIncomeTaxes": -1.6,
        "revenue": 3751.3,
        "sgaExpense": 782,
        "totalOperatingExpense": 869.7
      },
      {
        "costOfGoodsSold": 2849.7,
        "dilutedAverageSharesOutstanding": 150.394,
        "dilutedEPS": -0.07,
        "ebit": 147.2,
        "grossIncome": 1174.7,
        "interestExpense": 121.3,
        "interestIncomeExpense": -78.4,
        "netIncome": -11.2,
        "netIncomeAfterTaxes": -19.2,
        "nonRecurringItems": -90.9,
        "otherOperatingExpensesTotal": 226.5,
        "period": "2024-06-29",
        "pretaxIncome": -22.1,
        "provisionforIncomeTaxes": -2.9,
        "revenue": 4024.4,
        "sgaExpense": 801,
        "totalOperatingExpense": 1027.5
      },
      {
        "costOfGoodsSold": 2746.6,
        "dilutedAverageSharesOutstanding": 150.941,
        "dilutedEPS": 0.1292,
        "ebit": 211.2,
        "grossIncome": 1122.9,
        "interestExpense": 131.5,
        "interestIncomeExpense": -87.9,
        "netIncome": 19.5,
        "netIncomeAfterTaxes": 19.5,
        "nonRecurringItems": -75,
        "otherOperatingExpensesTotal": 80,
        "period": "2024-03-30",
        "pretaxIncome": 48.3,
        "provisionforIncomeTaxes": 28.8,
        "revenue": 3869.5,
        "sgaExpense": 831.7,
        "totalOperatingExpense": 911.7
      },
      {
        "costOfGoodsSold": 2622.2,
        "dilutedAverageSharesOutstanding": 149.933,
        "dilutedEPS": -2.03,
        "ebit": 210.7,
        "grossIncome": 1114.3,
        "interestExpense": 139.3,
        "interestIncomeExpense": -87.6,
        "minorityInterest": 0,
        "netIncome": -304.4,
        "netIncomeAfterTaxes": -276.1,
        "nonRecurringItems": -201.9,
        "otherOperatingExpensesTotal": 93.5,
        "period": "2023-12-31",
        "pretaxIncome": -78.8,
        "provisionforIncomeTaxes": 197.3,
        "revenue": 3736.5,
        "sgaExpense": 810.1,
        "totalOperatingExpense": 903.6
      },
      {
        "costOfGoodsSold": 2861.1,
        "dilutedAverageSharesOutstanding": 150.545,
        "dilutedEPS": 0.0312,
        "ebit": 228.4,
        "grossIncome": 1092.8,
        "interestExpense": 144.6,
        "interestIncomeExpense": -94.4,
        "minorityInterest": 0,
        "netIncome": 4.7,
        "netIncomeAfterTaxes": 4.7,
        "nonRecurringItems": -191,
        "otherOperatingExpensesTotal": 99.5,
        "period": "2023-09-30",
        "pretaxIncome": -57,
        "provisionforIncomeTaxes": -61.7,
        "revenue": 3953.9,
        "sgaExpense": 764.9,
        "totalOperatingExpense": 864.4
      },
      {
        "costOfGoodsSold": 3175.4,
        "dilutedAverageSharesOutstanding": 150.227,
        "dilutedEPS": 1.1816,
        "ebit": 94.7,
        "grossIncome": 983.5,
        "interestExpense": 144.6,
        "interestIncomeExpense": -99.4,
        "minorityInterest": 0,
        "netIncome": 177,
        "netIncomeAfterTaxes": 177.5,
        "nonRecurringItems": -71.1,
        "otherOperatingExpensesTotal": 76.9,
        "period": "2023-07-01",
        "pretaxIncome": -75.8,
        "provisionforIncomeTaxes": -253.3,
        "revenue": 4158.9,
        "sgaExpense": 811.9,
        "totalOperatingExpense": 888.8
      },
      {
        "costOfGoodsSold": 3022.9,
        "dilutedAverageSharesOutstanding": 149.574,
        "dilutedEPS": -1.2556,
        "ebit": 33.8,
        "equityEarningsAffiliates": 0,
        "grossIncome": 908.9,
        "interestExpense": 130.9,
        "interestIncomeExpense": -91.1,
        "minorityInterest": 0,
        "netIncome": -187.8,
        "netIncomeAfterTaxes": -187.8,
        "nonRecurringItems": -106.8,
        "otherOperatingExpensesTotal": 70.7,
        "period": "2023-04-01",
        "pretaxIncome": -164.1,
        "provisionforIncomeTaxes": 23.7,
        "revenue": 3931.8,
        "sgaExpense": 804.4,
        "totalOperatingExpense": 875.1
      },
      {
        "costOfGoodsSold": 3208.8,
        "dilutedAverageSharesOutstanding": 147.528,
        "dilutedEPS": -0.34,
        "ebit": -14.3,
        "equityEarningsAffiliates": 0,
        "grossIncome": 778,
        "interestExpense": 113.9,
        "interestIncomeExpense": -83.9,
        "minorityInterest": 0,
        "netIncome": -50.6,
        "netIncomeAfterTaxes": -100.6,
        "nonRecurringItems": -54,
        "otherOperatingExpensesTotal": 62.3,
        "period": "2022-12-31",
        "pretaxIncome": -152.2,
        "provisionforIncomeTaxes": -51.6,
        "revenue": 3986.8,
        "sgaExpense": 730,
        "totalOperatingExpense": 792.3
      },
      {
        "costOfGoodsSold": 3104,
        "dilutedAverageSharesOutstanding": 153.6,
        "dilutedEPS": 5.5,
        "ebit": 190.7,
        "equityEarningsAffiliates": 0,
        "grossIncome": 1015.6,
        "interestExpense": 91.7,
        "interestIncomeExpense": -76.3,
        "minorityInterest": 0,
        "netIncome": 844.9,
        "netIncomeAfterTaxes": 36.6,
        "nonRecurringItems": -118.7,
        "otherOperatingExpensesTotal": 66.4,
        "period": "2022-10-01",
        "pretaxIncome": -4.3,
        "provisionforIncomeTaxes": -40.9,
        "revenue": 4119.6,
        "sgaExpense": 758.5,
        "totalOperatingExpense": 824.9
      },
      {
        "costOfGoodsSold": 3169.3,
        "dilutedAverageSharesOutstanding": 154.814,
        "dilutedEPS": 0.56,
        "ebit": 335.7,
        "equityEarningsAffiliates": 0,
        "grossIncome": 1223.7,
        "interestExpense": 78.2,
        "interestIncomeExpense": -71.7,
        "minorityInterest": -0.1,
        "netIncome": 88,
        "netIncomeAfterTaxes": 78.7,
        "nonRecurringItems": -248.1,
        "otherOperatingExpensesTotal": 68.2,
        "period": "2022-07-02",
        "pretaxIncome": 15.9,
        "provisionforIncomeTaxes": -62.8,
        "revenue": 4393,
        "sgaExpense": 819.8,
        "totalOperatingExpense": 888
      },
      {
        "costOfGoodsSold": 3053.8,
        "dilutedAverageSharesOutstanding": 165.413,
        "dilutedEPS": 1.06,
        "ebit": 451.8,
        "equityEarningsAffiliates": 0,
        "grossIncome": 1394.2,
        "interestExpense": 54.7,
        "interestIncomeExpense": -51.9,
        "minorityInterest": -0.1,
        "netIncome": 175.6,
        "netIncomeAfterTaxes": 155.6,
        "nonRecurringItems": -221.4,
        "otherOperatingExpensesTotal": 61,
        "period": "2022-04-02",
        "pretaxIncome": 178.5,
        "provisionforIncomeTaxes": 22.9,
        "revenue": 4448,
        "sgaExpense": 881.4,
        "totalOperatingExpense": 942.4
      },
      {
        "costOfGoodsSold": 2826.7,
        "dilutedAverageSharesOutstanding": 165.396,
        "dilutedEPS": 1.98,
        "ebit": 297.2,
        "equityEarningsAffiliates": 3,
        "grossIncome": 1155.2,
        "interestExpense": 45.8,
        "interestIncomeExpense": 24.2,
        "minorityInterest": 0,
        "netIncome": 328.5,
        "netIncomeAfterTaxes": 276.2,
        "nonRecurringItems": -172.4,
        "otherOperatingExpensesTotal": 56.1,
        "period": "2022-01-01",
        "pretaxIncome": 149,
        "provisionforIncomeTaxes": -127.2,
        "revenue": 3981.9,
        "sgaExpense": 801.9,
        "totalOperatingExpense": 858
      },
      {
        "costOfGoodsSold": 2559,
        "dilutedAverageSharesOutstanding": 165.336,
        "dilutedEPS": 2.5,
        "ebit": 445.1,
        "equityEarningsAffiliates": 9.8,
        "grossIncome": 1220.7,
        "interestExpense": 45.6,
        "interestIncomeExpense": -43.4,
        "minorityInterest": 0.1,
        "netIncome": 414.6,
        "netIncomeAfterTaxes": 369.7,
        "nonRecurringItems": -32.5,
        "otherOperatingExpensesTotal": 20.8,
        "period": "2021-10-02",
        "pretaxIncome": 369.2,
        "provisionforIncomeTaxes": -0.5,
        "revenue": 3779.7,
        "sgaExpense": 754.8,
        "totalOperatingExpense": 775.6
      },
      {
        "costOfGoodsSold": 2435.8,
        "dilutedAverageSharesOutstanding": 165.187,
        "dilutedEPS": 2.75,
        "ebit": 572.4,
        "equityEarningsAffiliates": 4.4,
        "grossIncome": 1363.1,
        "interestExpense": 46.5,
        "interestIncomeExpense": -43.8,
        "minorityInterest": 1,
        "netIncome": 455,
        "netIncomeAfterTaxes": 428.1,
        "nonRecurringItems": -33.2,
        "otherOperatingExpensesTotal": 42,
        "period": "2021-07-03",
        "pretaxIncome": 495.4,
        "provisionforIncomeTaxes": 67.3,
        "revenue": 3798.9,
        "sgaExpense": 748.7,
        "totalOperatingExpense": 790.7
      },
      {
        "costOfGoodsSold": 2627.6,
        "dilutedAverageSharesOutstanding": 160.2,
        "dilutedEPS": 2.98,
        "ebit": 679.1,
        "equityEarningsAffiliates": 1.8,
        "grossIncome": 1569.5,
        "interestExpense": 47.5,
        "interestIncomeExpense": -44.6,
        "minorityInterest": 0.6,
        "netIncome": 478,
        "netIncomeAfterTaxes": 485,
        "nonRecurringItems": -30,
        "otherOperatingExpensesTotal": 57.5,
        "period": "2021-04-03",
        "pretaxIncome": 604.5,
        "provisionforIncomeTaxes": 119.5,
        "revenue": 4197.1,
        "sgaExpense": 832.9,
        "totalOperatingExpense": 890.4
      },
      {
        "costOfGoodsSold": 2839.8,
        "dilutedAverageSharesOutstanding": 159.2,
        "dilutedEPS": 2.88,
        "ebit": 669.9,
        "equityEarningsAffiliates": -5,
        "grossIncome": 1567.8,
        "interestExpense": 53,
        "interestIncomeExpense": -50,
        "minorityInterest": -0.4,
        "netIncome": 458,
        "netIncomeAfterTaxes": 472.7,
        "nonRecurringItems": -79.8,
        "otherOperatingExpensesTotal": 58.7,
        "period": "2021-01-02",
        "pretaxIncome": 540.1,
        "provisionforIncomeTaxes": 67.4,
        "revenue": 4407.6,
        "sgaExpense": 839.2,
        "totalOperatingExpense": 897.9
      },
      {
        "costOfGoodsSold": 2466.9,
        "dilutedAverageSharesOutstanding": 158,
        "dilutedEPS": 2.44,
        "ebit": 609.1,
        "equityEarningsAffiliates": 4,
        "grossIncome": 1383.3,
        "interestExpense": 52.7,
        "interestIncomeExpense": -50.7,
        "minorityInterest": -0.3,
        "netIncome": 385.5,
        "netIncomeAfterTaxes": 391.2,
        "nonRecurringItems": -88.8,
        "otherOperatingExpensesTotal": 71.3,
        "period": "2020-09-26",
        "pretaxIncome": 469.6,
        "provisionforIncomeTaxes": 78.4,
        "revenue": 3850.2,
        "sgaExpense": 702.9,
        "totalOperatingExpense": 774.2
      },
      {
        "costOfGoodsSold": 2091.7,
        "dilutedAverageSharesOutstanding": 154.2,
        "dilutedEPS": 1.52,
        "ebit": 334.8,
        "equityEarningsAffiliates": 10.3,
        "grossIncome": 1055.7,
        "interestExpense": 57.3,
        "interestIncomeExpense": -54.8,
        "minorityInterest": -0.3,
        "netIncome": 233.7,
        "netIncomeAfterTaxes": 228.4,
        "nonRecurringItems": -168.9,
        "otherOperatingExpensesTotal": 67.9,
        "period": "2020-06-27",
        "pretaxIncome": 111.1,
        "provisionforIncomeTaxes": -117.3,
        "revenue": 3147.4,
        "sgaExpense": 653,
        "totalOperatingExpense": 720.9
      },
      {
        "costOfGoodsSold": 2097.3,
        "dilutedAverageSharesOutstanding": 151.9,
        "dilutedEPS": 0.88,
        "ebit": 270.1,
        "equityEarningsAffiliates": -0.2,
        "grossIncome": 1032.1,
        "interestExpense": 59.7,
        "interestIncomeExpense": -62,
        "minorityInterest": 0.1,
        "netIncome": 133.2,
        "netIncomeAfterTaxes": 133.3,
        "nonRecurringItems": -61.9,
        "otherOperatingExpensesTotal": 43.5,
        "period": "2020-03-28",
        "pretaxIncome": 146.2,
        "provisionforIncomeTaxes": 12.9,
        "revenue": 3129.4,
        "sgaExpense": 718.5,
        "totalOperatingExpense": 762
      },
      {
        "costOfGoodsSold": 2535.6,
        "dilutedAverageSharesOutstanding": 149.1,
        "dilutedEPS": 1.34,
        "ebit": 458.2,
        "equityEarningsAffiliates": -12.4,
        "grossIncome": 1178.6,
        "interestExpense": 63,
        "interestIncomeExpense": -57.4,
        "minorityInterest": 0,
        "netIncome": 199.1,
        "netIncomeAfterTaxes": 211.5,
        "nonRecurringItems": -164,
        "otherOperatingExpensesTotal": 48.7,
        "period": "2019-12-28",
        "pretaxIncome": 236.8,
        "provisionforIncomeTaxes": 25.3,
        "revenue": 3714.2,
        "sgaExpense": 671.7,
        "totalOperatingExpense": 720.4
      },
      {
        "costOfGoodsSold": 2388.6,
        "dilutedAverageSharesOutstanding": 150.6,
        "dilutedEPS": 1.53,
        "ebit": 465.4,
        "equityEarningsAffiliates": -4.4,
        "grossIncome": 1244.5,
        "interestExpense": 72.4,
        "interestIncomeExpense": -57.7,
        "minorityInterest": -0.6,
        "netIncome": 230.5,
        "netIncomeAfterTaxes": 235.5,
        "nonRecurringItems": -113,
        "otherOperatingExpensesTotal": 60,
        "period": "2019-09-28",
        "pretaxIncome": 294.7,
        "provisionforIncomeTaxes": 59.2,
        "revenue": 3633.1,
        "sgaExpense": 719.1,
        "totalOperatingExpense": 779.1
      },
      {
        "costOfGoodsSold": 2450.5,
        "dilutedAverageSharesOutstanding": 150.4,
        "dilutedEPS": 2.37,
        "ebit": 500.9,
        "equityEarningsAffiliates": 5.3,
        "grossIncome": 1310.8,
        "interestExpense": 72.4,
        "interestIncomeExpense": -63.9,
        "minorityInterest": -1.1,
        "netIncome": 356.3,
        "netIncomeAfterTaxes": 352.1,
        "nonRecurringItems": -33.3,
        "otherOperatingExpensesTotal": 54.6,
        "period": "2019-06-29",
        "pretaxIncome": 403.7,
        "provisionforIncomeTaxes": 51.6,
        "revenue": 3761.3,
        "sgaExpense": 755.3,
        "totalOperatingExpense": 809.9
      },
      {
        "costOfGoodsSold": 2221,
        "dilutedAverageSharesOutstanding": 149.9,
        "dilutedEPS": 1.13,
        "ebit": 305,
        "equityEarningsAffiliates": 0.3,
        "grossIncome": 1112.6,
        "interestExpense": 74.4,
        "interestIncomeExpense": -55.5,
        "minorityInterest": -0.5,
        "netIncome": 169.9,
        "netIncomeAfterTaxes": 170.1,
        "nonRecurringItems": -54.7,
        "otherOperatingExpensesTotal": 51.7,
        "period": "2019-03-30",
        "pretaxIncome": 194.8,
        "provisionforIncomeTaxes": 24.7,
        "revenue": 3333.6,
        "sgaExpense": 755.9,
        "totalOperatingExpense": 807.6
      },
      {
        "costOfGoodsSold": 2422.8,
        "dilutedAverageSharesOutstanding": 147.7,
        "dilutedEPS": -0.72,
        "ebit": 431.2,
        "grossIncome": 1211.9,
        "interestExpense": 73.6,
        "interestIncomeExpense": -47,
        "minorityInterest": -0.8,
        "netIncome": -106.8,
        "netIncomeAfterTaxes": 70.5,
        "nonRecurringItems": -213.2,
        "otherOperatingExpensesTotal": 51.3,
        "period": "2018-12-29",
        "pretaxIncome": 171,
        "provisionforIncomeTaxes": 100.5,
        "revenue": 3634.7,
        "sgaExpense": 729.4,
        "totalOperatingExpense": 780.7
      },
      {
        "costOfGoodsSold": 2253.4,
        "dilutedAverageSharesOutstanding": 150.6,
        "dilutedEPS": 1.65,
        "ebit": 461,
        "grossIncome": 1241.4,
        "interestExpense": 72.1,
        "interestIncomeExpense": -59.3,
        "minorityInterest": -0.5,
        "netIncome": 247.8,
        "netIncomeAfterTaxes": 248.3,
        "nonRecurringItems": -96.8,
        "otherOperatingExpensesTotal": 45.5,
        "period": "2018-09-29",
        "pretaxIncome": 304.9,
        "provisionforIncomeTaxes": 56.6,
        "revenue": 3494.8,
        "sgaExpense": 734.9,
        "totalOperatingExpense": 780.4
      },
      {
        "costOfGoodsSold": 2347.5,
        "dilutedAverageSharesOutstanding": 152.5,
        "dilutedEPS": 1.93,
        "ebit": 486.2,
        "grossIncome": 1296.1,
        "interestExpense": 69,
        "interestIncomeExpense": -55.6,
        "minorityInterest": 0.2,
        "netIncome": 293.6,
        "netIncomeAfterTaxes": 293.4,
        "nonRecurringItems": -136.2,
        "otherOperatingExpensesTotal": 30.1,
        "period": "2018-06-30",
        "pretaxIncome": 294.4,
        "provisionforIncomeTaxes": 1,
        "revenue": 3643.6,
        "sgaExpense": 779.8,
        "totalOperatingExpense": 809.9
      },
      {
        "costOfGoodsSold": 2041.6,
        "dilutedAverageSharesOutstanding": 153.9,
        "dilutedEPS": 1.1,
        "ebit": 329,
        "grossIncome": 1167.7,
        "interestExpense": 63.2,
        "interestIncomeExpense": -30.3,
        "minorityInterest": 0.5,
        "netIncome": 170.6,
        "netIncomeAfterTaxes": 193.2,
        "nonRecurringItems": -46.9,
        "otherOperatingExpensesTotal": 69.1,
        "period": "2018-03-31",
        "pretaxIncome": 251.8,
        "provisionforIncomeTaxes": 58.6,
        "revenue": 3209.3,
        "sgaExpense": 769.6,
        "totalOperatingExpense": 838.7
      },
      {
        "costOfGoodsSold": 2214.2,
        "dilutedAverageSharesOutstanding": 153.5,
        "dilutedEPS": 1.83,
        "ebit": 430,
        "grossIncome": 1250,
        "interestExpense": 58.1,
        "interestIncomeExpense": -38.7,
        "minorityInterest": 0.4,
        "netIncome": 281.5,
        "netIncomeAfterTaxes": 304.7,
        "nonRecurringItems": -49.6,
        "otherOperatingExpensesTotal": 36.2,
        "period": "2017-12-30",
        "pretaxIncome": 341.7,
        "provisionforIncomeTaxes": 37,
        "revenue": 3464.2,
        "sgaExpense": 783.8,
        "totalOperatingExpense": 820
      },
      {
        "costOfGoodsSold": 2096.4,
        "dilutedAverageSharesOutstanding": 152.6,
        "dilutedEPS": 1.8,
        "ebit": 431.7,
        "grossIncome": 1263,
        "interestExpense": 57.2,
        "interestIncomeExpense": -33,
        "minorityInterest": 0,
        "netIncome": 274.5,
        "netIncomeAfterTaxes": 274.5,
        "nonRecurringItems": -44.3,
        "otherOperatingExpensesTotal": 69.4,
        "period": "2017-09-30",
        "pretaxIncome": 354.4,
        "provisionforIncomeTaxes": 79.9,
        "revenue": 3359.4,
        "sgaExpense": 761.9,
        "totalOperatingExpense": 831.3
      },
      {
        "costOfGoodsSold": 2047.4,
        "dilutedAverageSharesOutstanding": 152.2,
        "dilutedEPS": 1.82,
        "ebit": 454.4,
        "grossIncome": 1239.3,
        "interestExpense": 56,
        "interestIncomeExpense": -45.2,
        "minorityInterest": 0,
        "netIncome": 277.6,
        "netIncomeAfterTaxes": 277.6,
        "nonRecurringItems": -50.9,
        "otherOperatingExpensesTotal": 50.7,
        "period": "2017-07-01",
        "pretaxIncome": 358.3,
        "provisionforIncomeTaxes": 80.7,
        "revenue": 3286.7,
        "sgaExpense": 734.2,
        "totalOperatingExpense": 784.9
      },
      {
        "costOfGoodsSold": 1783.3,
        "dilutedAverageSharesOutstanding": 151.5,
        "dilutedEPS": 2.6,
        "ebit": 292.1,
        "grossIncome": 1073,
        "interestExpense": 51.3,
        "interestIncomeExpense": -14.1,
        "minorityInterest": 0,
        "netIncome": 393.7,
        "netIncomeAfterTaxes": 393.7,
        "nonRecurringItems": 195.4,
        "otherOperatingExpensesTotal": 101.6,
        "period": "2017-04-01",
        "pretaxIncome": 473.4,
        "provisionforIncomeTaxes": 79.7,
        "revenue": 2856.3,
        "sgaExpense": 679.3,
        "totalOperatingExpense": 780.9
      },
      {
        "costOfGoodsSold": 1843.8,
        "dilutedAverageSharesOutstanding": 149.7,
        "dilutedEPS": 1.71,
        "ebit": 346.5,
        "grossIncome": 1076.6,
        "interestExpense": 49.3,
        "interestIncomeExpense": -42.5,
        "minorityInterest": -0.3,
        "netIncome": 255.5,
        "netIncomeAfterTaxes": 255.8,
        "nonRecurringItems": -21.7,
        "otherOperatingExpensesTotal": 46.3,
        "period": "2016-12-31",
        "pretaxIncome": 282.3,
        "provisionforIncomeTaxes": 26.5,
        "revenue": 2920.4,
        "sgaExpense": 683.8,
        "totalOperatingExpense": 730.1
      },
      {
        "costOfGoodsSold": 1797.9,
        "dilutedAverageSharesOutstanding": 148,
        "dilutedEPS": 1.68,
        "ebit": 381.9,
        "grossIncome": 1084.1,
        "interestExpense": 50.2,
        "interestIncomeExpense": -45.1,
        "minorityInterest": -0.1,
        "netIncome": 248.9,
        "netIncomeAfterTaxes": 249,
        "nonRecurringItems": -9.1,
        "otherOperatingExpensesTotal": 56.8,
        "period": "2016-10-01",
        "pretaxIncome": 327.7,
        "provisionforIncomeTaxes": 78.7,
        "revenue": 2882,
        "sgaExpense": 645.4,
        "totalOperatingExpense": 702.2
      },
      {
        "costOfGoodsSold": 1803.5,
        "dilutedAverageSharesOutstanding": 147.3,
        "dilutedEPS": 1.84,
        "ebit": 414.4,
        "grossIncome": 1128.9,
        "interestExpense": 47.7,
        "interestIncomeExpense": -42.2,
        "minorityInterest": 0,
        "netIncome": 271.5,
        "netIncomeAfterTaxes": 271.5,
        "nonRecurringItems": -10.2,
        "otherOperatingExpensesTotal": 47.6,
        "period": "2016-07-02",
        "pretaxIncome": 362,
        "provisionforIncomeTaxes": 90.5,
        "revenue": 2932.4,
        "sgaExpense": 666.9,
        "totalOperatingExpense": 714.5
      },
      {
        "costOfGoodsSold": 1694.5,
        "dilutedAverageSharesOutstanding": 147.6,
        "dilutedEPS": 1.28,
        "ebit": 303.6,
        "grossIncome": 977.6,
        "interestExpense": 47.3,
        "interestIncomeExpense": -41.5,
        "minorityInterest": 0.8,
        "netIncome": 189.4,
        "netIncomeAfterTaxes": 188.6,
        "nonRecurringItems": -8,
        "otherOperatingExpensesTotal": 46.2,
        "period": "2016-04-02",
        "pretaxIncome": 254.1,
        "provisionforIncomeTaxes": 65.5,
        "revenue": 2672.1,
        "sgaExpense": 627.8,
        "totalOperatingExpense": 674
      },
      {
        "costOfGoodsSold": 1831.2,
        "dilutedAverageSharesOutstanding": 150.6,
        "dilutedEPS": 1.77,
        "ebit": 349.8,
        "grossIncome": 1014.2,
        "interestExpense": 44.6,
        "interestIncomeExpense": -39.7,
        "minorityInterest": -0.1,
        "netIncome": 265.5,
        "netIncomeAfterTaxes": 267.3,
        "nonRecurringItems": -3.7,
        "otherOperatingExpensesTotal": 53.8,
        "period": "2016-01-02",
        "pretaxIncome": 306.4,
        "provisionforIncomeTaxes": 39.1,
        "revenue": 2845.4,
        "sgaExpense": 610.6,
        "totalOperatingExpense": 664.4
      },
      {
        "costOfGoodsSold": 1802.5,
        "dilutedAverageSharesOutstanding": 150.8,
        "dilutedEPS": 1.51,
        "ebit": 364.7,
        "grossIncome": 1027,
        "interestExpense": 45.2,
        "interestIncomeExpense": -41.6,
        "minorityInterest": 0.7,
        "netIncome": 228.7,
        "netIncomeAfterTaxes": 233.4,
        "nonRecurringItems": -14,
        "otherOperatingExpensesTotal": 54,
        "period": "2015-10-03",
        "pretaxIncome": 309.1,
        "provisionforIncomeTaxes": 75.7,
        "revenue": 2829.5,
        "sgaExpense": 608.3,
        "totalOperatingExpense": 662.3
      }
    ],
    "symbol": "SWK"
  }
}