{
  "symbol": "SW",
  "statement": "ic",
  "frequency": "annual",
  "timestamp": "2025-09-19T14:06:44.511847",
  "data": {
    "financials": [
      {
        "costOfGoodsSold": 16914,
        "dilutedAverageSharesOutstanding": 389,
        "dilutedEPS": 0.82,
        "ebit": 1402,
        "grossIncome": 4195,
        "interestExpense": 525,
        "interestIncomeExpense": -398,
        "minorityInterest": 0,
        "netIncome": 319,
        "netIncomeAfterTaxes": 319,
        "nonRecurringItems": -395,
        "period": "2024-12-31",
        "pretaxIncome": 560,
        "provisionforIncomeTaxes": 241,
        "revenue": 21109,
        "sgaExpense": 2793,
        "totalOperatingExpense": 2793,
        "totalOtherIncomeExpenseNet": -49,
        "year": 2024
      },
      {
        "costOfGoodsSold": 8092.191,
        "dilutedAverageSharesOutstanding": 260,
        "dilutedEPS": 3.15,
        "ebit": 1524.381,
        "grossIncome": 4094.205,
        "interestExpense": 171.8982,
        "interestIncomeExpense": -149.195,
        "minorityInterest": -1.081,
        "netIncome": 819.49,
        "netIncomeAfterTaxes": 820.571,
        "nonRecurringItems": -185.953,
        "period": "2023-12-31",
        "pretaxIncome": 1140.583,
        "provisionforIncomeTaxes": 320.012,
        "researchDevelopment": 10.811,
        "revenue": 12186.396,
        "sgaExpense": 2559.013,
        "totalOperatingExpense": 2569.824,
        "totalOtherIncomeExpenseNet": -48.65,
        "year": 2023
      },
      {
        "costOfGoodsSold": 9199.595,
        "dilutedAverageSharesOutstanding": 261,
        "dilutedEPS": 3.8,
        "ebit": 1755.407,
        "grossIncome": 4270.79,
        "interestExpense": 157.6713,
        "interestIncomeExpense": -154.518,
        "minorityInterest": -1.051,
        "netIncome": 992.278,
        "netIncomeAfterTaxes": 993.329,
        "nonRecurringItems": -242.814,
        "period": "2022-12-31",
        "pretaxIncome": 1359.127,
        "provisionforIncomeTaxes": 365.797,
        "researchDevelopment": 8.409,
        "revenue": 13470.385,
        "sgaExpense": 2506.974,
        "totalOperatingExpense": 2515.382,
        "totalOtherIncomeExpenseNet": 1.051,
        "year": 2022
      },
      {
        "costOfGoodsSold": 8292.852,
        "dilutedAverageSharesOutstanding": 260,
        "dilutedEPS": 3.09,
        "ebit": 1268.458,
        "grossIncome": 3655.239,
        "interestExpense": 143.0414,
        "interestIncomeExpense": -140.677,
        "minorityInterest": 0,
        "netIncome": 802.687,
        "netIncomeAfterTaxes": 802.687,
        "nonRecurringItems": -36.647,
        "otherOperatingExpensesTotal": 0,
        "period": "2021-12-31",
        "pretaxIncome": 1079.312,
        "provisionforIncomeTaxes": 276.625,
        "researchDevelopment": 8.275,
        "revenue": 11948.091,
        "sgaExpense": 2378.506,
        "totalOperatingExpense": 2386.781,
        "totalOtherIncomeExpenseNet": -11.822,
        "year": 2021
      },
      {
        "costOfGoodsSold": 6446.392,
        "dilutedAverageSharesOutstanding": 241,
        "dilutedEPS": 2.58,
        "ebit": 1050.844,
        "grossIncome": 3275.624,
        "interestExpense": 145.8872,
        "interestIncomeExpense": -150.446,
        "minorityInterest": -2.279,
        "netIncome": 621.16,
        "netIncomeAfterTaxes": 623.44,
        "nonRecurringItems": -35.332,
        "period": "2020-12-31",
        "pretaxIncome": 852.529,
        "provisionforIncomeTaxes": 229.089,
        "researchDevelopment": 9.118,
        "revenue": 9722.016,
        "sgaExpense": 2215.662,
        "totalOperatingExpense": 2224.78,
        "totalOtherIncomeExpenseNet": -12.537,
        "year": 2020
      },
      {
        "costOfGoodsSold": 6762.963,
        "dilutedAverageSharesOutstanding": 238,
        "dilutedEPS": 2.24,
        "ebit": 1188.526,
        "grossIncome": 3363.016,
        "interestExpense": 190.2539,
        "interestIncomeExpense": -195.85,
        "minorityInterest": -8.953,
        "netIncome": 532.711,
        "netIncomeAfterTaxes": 541.664,
        "nonRecurringItems": -218.232,
        "period": "2019-12-31",
        "pretaxIncome": 757.658,
        "provisionforIncomeTaxes": 215.994,
        "researchDevelopment": 8.953,
        "revenue": 10125.979,
        "sgaExpense": 2165.536,
        "totalOperatingExpense": 2174.489,
        "totalOtherIncomeExpenseNet": -16.787,
        "year": 2019
      },
      {
        "costOfGoodsSold": 7063.834,
        "dilutedAverageSharesOutstanding": 236,
        "dilutedEPS": -3.23,
        "ebit": 1303.312,
        "grossIncome": 3487.687,
        "interestExpense": 192.2534,
        "interestIncomeExpense": -162.767,
        "minorityInterest": -8.256,
        "netIncome": -761.936,
        "netIncomeAfterTaxes": -753.68,
        "nonRecurringItems": -1580.487,
        "period": "2018-12-31",
        "pretaxIncome": -476.505,
        "provisionforIncomeTaxes": 277.175,
        "researchDevelopment": 8.256,
        "revenue": 10551.521,
        "sgaExpense": 2176.118,
        "totalOperatingExpense": 2184.375,
        "totalOtherIncomeExpenseNet": -36.564,
        "year": 2018
      },
      {
        "costOfGoodsSold": 6762.937,
        "dilutedAverageSharesOutstanding": 237,
        "dilutedEPS": 1.98,
        "ebit": 924.73,
        "grossIncome": 2892.602,
        "interestExpense": 193.9678,
        "interestIncomeExpense": -191.712,
        "minorityInterest": -6.766,
        "netIncome": 470.259,
        "netIncomeAfterTaxes": 477.026,
        "nonRecurringItems": -28.193,
        "otherOperatingExpensesTotal": 0,
        "period": "2017-12-31",
        "pretaxIncome": 649.567,
        "provisionforIncomeTaxes": 172.541,
        "researchDevelopment": 7.894,
        "revenue": 9655.539,
        "sgaExpense": 1959.977,
        "totalOperatingExpense": 1967.871,
        "totalOtherIncomeExpenseNet": -55.258,
        "year": 2017
      },
      {
        "costOfGoodsSold": 6293.481,
        "dilutedAverageSharesOutstanding": 237,
        "dilutedEPS": 2.07,
        "ebit": 918.03,
        "grossIncome": 2730.862,
        "interestExpense": 179.1818,
        "interestIncomeExpense": -155.954,
        "minorityInterest": -15.485,
        "netIncome": 491.091,
        "netIncomeAfterTaxes": 506.575,
        "nonRecurringItems": -16.591,
        "otherOperatingExpensesTotal": 0,
        "period": "2016-12-31",
        "pretaxIncome": 723.363,
        "provisionforIncomeTaxes": 216.788,
        "researchDevelopment": 7.742,
        "revenue": 9024.344,
        "sgaExpense": 1805.09,
        "totalOperatingExpense": 1812.833,
        "totalOtherIncomeExpenseNet": -22.121,
        "year": 2016
      },
      {
        "costOfGoodsSold": 6292.307,
        "dilutedAverageSharesOutstanding": 236,
        "dilutedEPS": 1.88,
        "ebit": 865.303,
        "grossIncome": 2703.518,
        "interestExpense": 151.9828,
        "interestIncomeExpense": -132.014,
        "minorityInterest": -14.422,
        "netIncome": 443.745,
        "netIncomeAfterTaxes": 458.167,
        "nonRecurringItems": -61.015,
        "otherOperatingExpensesTotal": -2.219,
        "period": "2015-12-31",
        "pretaxIncome": 664.508,
        "provisionforIncomeTaxes": 206.342,
        "researchDevelopment": 11.094,
        "revenue": 8995.825,
        "sgaExpense": 1829.34,
        "totalOperatingExpense": 1838.214,
        "totalOtherIncomeExpenseNet": -7.766,
        "year": 2015
      }
    ],
    "symbol": "SW"
  }
}