{
  "symbol": "ROL",
  "statement": "ic",
  "frequency": "annual",
  "timestamp": "2025-09-19T14:06:19.724565",
  "data": {
    "financials": [
      {
        "costOfGoodsSold": 1603.197,
        "depreciationAmortization": 113.22,
        "dilutedAverageSharesOutstanding": 484.295,
        "dilutedEPS": 0.963,
        "ebit": 657.224,
        "grossIncome": 1785.511,
        "interestIncomeExpense": -27.677,
        "netIncome": 466.379,
        "netIncomeAfterTaxes": 466.379,
        "nonRecurringItems": 0,
        "period": "2024-12-31",
        "pretaxIncome": 630.23,
        "provisionforIncomeTaxes": 163.851,
        "revenue": 3388.708,
        "sgaExpense": 1015.067,
        "totalOperatingExpense": 1128.287,
        "totalOtherIncomeExpenseNet": 0.683,
        "year": 2024
      },
      {
        "costOfGoodsSold": 1469.871,
        "depreciationAmortization": 99.752,
        "dilutedAverageSharesOutstanding": 490.13,
        "dilutedEPS": 0.8874,
        "ebit": 588.422,
        "grossIncome": 1603.407,
        "interestIncomeExpense": -19.055,
        "netIncome": 434.957,
        "netIncomeAfterTaxes": 434.957,
        "nonRecurringItems": -5.196,
        "period": "2023-12-31",
        "pretaxIncome": 586.257,
        "provisionforIncomeTaxes": 151.3,
        "revenue": 3073.278,
        "sgaExpense": 915.233,
        "totalOperatingExpense": 1014.985,
        "totalOtherIncomeExpenseNet": 22.086,
        "year": 2023
      },
      {
        "costOfGoodsSold": 1308.399,
        "depreciationAmortization": 91.326,
        "dilutedAverageSharesOutstanding": 492.413,
        "dilutedEPS": 0.7486,
        "ebit": 493.388,
        "grossIncome": 1387.424,
        "interestIncomeExpense": -2.638,
        "netIncome": 368.599,
        "netIncomeAfterTaxes": 368.599,
        "period": "2022-12-31",
        "pretaxIncome": 498.917,
        "provisionforIncomeTaxes": 130.318,
        "revenue": 2695.823,
        "sgaExpense": 802.71,
        "totalOperatingExpense": 894.036,
        "totalOtherIncomeExpenseNet": 8.167,
        "year": 2022
      },
      {
        "costOfGoodsSold": 1162.617,
        "depreciationAmortization": 86.558,
        "dilutedAverageSharesOutstanding": 492.054,
        "dilutedEPS": 0.7247,
        "ebit": 447.636,
        "gainLossOnDispositionOfAssets": 31.5,
        "grossIncome": 1261.683,
        "interestIncomeExpense": -0.83,
        "netIncome": 356.565,
        "netIncomeAfterTaxes": 356.565,
        "period": "2021-12-31",
        "pretaxIncome": 482.485,
        "provisionforIncomeTaxes": 125.92,
        "revenue": 2424.3,
        "sgaExpense": 727.489,
        "totalOperatingExpense": 814.047,
        "totalOtherIncomeExpenseNet": 4.179,
        "year": 2021
      },
      {
        "costOfGoodsSold": 1048.6,
        "depreciationAmortization": 88.3,
        "dilutedAverageSharesOutstanding": 491.6,
        "dilutedEPS": 0.53,
        "ebit": 361.4,
        "gainLossOnDispositionOfAssets": -1.6,
        "grossIncome": 1112.6,
        "interestIncomeExpense": -5.1,
        "netIncome": 260.8,
        "netIncomeAfterTaxes": 260.8,
        "nonRecurringItems": 0,
        "period": "2020-12-31",
        "pretaxIncome": 354.7,
        "provisionforIncomeTaxes": 93.9,
        "revenue": 2161.2,
        "sgaExpense": 662.9,
        "totalOperatingExpense": 751.2,
        "year": 2020
      },
      {
        "costOfGoodsSold": 993.6,
        "depreciationAmortization": 81.1,
        "dilutedAverageSharesOutstanding": 491.2,
        "dilutedEPS": 0.41,
        "ebit": 317.4,
        "gainLossOnDispositionOfAssets": 0.6,
        "grossIncome": 1021.9,
        "interestIncomeExpense": -6.9,
        "netIncome": 203.3,
        "netIncomeAfterTaxes": 202.5,
        "nonRecurringItems": -49.9,
        "period": "2019-12-31",
        "pretaxIncome": 261.2,
        "provisionforIncomeTaxes": 58.7,
        "revenue": 2015.5,
        "sgaExpense": 623.4,
        "totalOperatingExpense": 704.5,
        "year": 2019
      },
      {
        "costOfGoodsSold": 894.4,
        "depreciationAmortization": 66.8,
        "dilutedAverageSharesOutstanding": 490.9,
        "dilutedEPS": 0.47,
        "ebit": 309.6,
        "gainLossOnDispositionOfAssets": 0.9,
        "grossIncome": 927.1,
        "interestIncomeExpense": 0.2,
        "netIncome": 231.7,
        "netIncomeAfterTaxes": 232.9,
        "period": "2018-12-31",
        "pretaxIncome": 310.7,
        "provisionforIncomeTaxes": 77.8,
        "revenue": 1821.6,
        "sgaExpense": 550.7,
        "totalOperatingExpense": 617.5,
        "year": 2018
      },
      {
        "costOfGoodsSold": 819.9,
        "depreciationAmortization": 56.6,
        "dilutedAverageSharesOutstanding": 490.5,
        "dilutedEPS": 0.36,
        "ebit": 294,
        "gainLossOnDispositionOfAssets": 0.2,
        "grossIncome": 854,
        "interestIncomeExpense": 0.3,
        "netIncome": 179.1,
        "netIncomeAfterTaxes": 190,
        "period": "2017-12-31",
        "pretaxIncome": 294.5,
        "provisionforIncomeTaxes": 104.5,
        "revenue": 1674,
        "sgaExpense": 503.4,
        "totalOperatingExpense": 560.1,
        "year": 2017
      },
      {
        "costOfGoodsSold": 772.3,
        "depreciationAmortization": 50.9,
        "dilutedAverageSharesOutstanding": 491,
        "dilutedEPS": 0.34,
        "ebit": 259.7,
        "gainLossOnDispositionOfAssets": 0.8,
        "grossIncome": 801.1,
        "interestIncomeExpense": 0.2,
        "netIncome": 167.4,
        "netIncomeAfterTaxes": 167.4,
        "period": "2016-12-31",
        "pretaxIncome": 260.6,
        "provisionforIncomeTaxes": 93.3,
        "revenue": 1573.5,
        "sgaExpense": 490.5,
        "totalOperatingExpense": 541.5,
        "year": 2016
      },
      {
        "costOfGoodsSold": 736,
        "depreciationAmortization": 44.5,
        "dilutedAverageSharesOutstanding": 491.8,
        "dilutedEPS": 0.31,
        "ebit": 241.1,
        "gainLossOnDispositionOfAssets": 2,
        "grossIncome": 749.3,
        "interestIncomeExpense": 0.2,
        "netIncome": 152.1,
        "netIncomeAfterTaxes": 152.1,
        "period": "2015-12-31",
        "pretaxIncome": 243.2,
        "provisionforIncomeTaxes": 91,
        "revenue": 1485.3,
        "sgaExpense": 463.7,
        "totalOperatingExpense": 508.2,
        "year": 2015
      }
    ],
    "symbol": "ROL"
  }
}