{
  "symbol": "AIZ",
  "statement": "ic",
  "frequency": "annual",
  "timestamp": "2025-09-19T13:56:20.726774",
  "data": {
    "financials": [
      {
        "benefitsClaimsLossAdjustment": 2766.5,
        "dilutedAverageSharesOutstanding": 52.5811,
        "dilutedEPS": 14.4577,
        "ebit": 1059.4,
        "grossPremiumsEarned": 11434.4,
        "interestExpense": 107,
        "interestIncomeExpense": -107,
        "netIncome": 760.2,
        "netIncomeAfterTaxes": 760.2,
        "nonRecurringItems": -25.1,
        "period": "2024-12-31",
        "pretaxIncome": 927.3,
        "provisionforIncomeTaxes": 167.1,
        "revenue": 11877.5,
        "sgaExpense": 8076.7,
        "totalOperatingExpense": 10843.2,
        "year": 2024
      },
      {
        "benefitsClaimsLossAdjustment": 2521.8,
        "dilutedAverageSharesOutstanding": 53.7831,
        "dilutedEPS": 11.9461,
        "ebit": 931.7,
        "grossPremiumsEarned": 10711.2,
        "interestExpense": 108,
        "interestIncomeExpense": -108,
        "netIncome": 642.5,
        "netIncomeAfterTaxes": 642.5,
        "nonRecurringItems": -16.9,
        "period": "2023-12-31",
        "pretaxIncome": 806.8,
        "provisionforIncomeTaxes": 164.3,
        "revenue": 11131.6,
        "sgaExpense": 7695.1,
        "totalOperatingExpense": 10216.9,
        "year": 2023
      },
      {
        "benefitsClaimsLossAdjustment": 2360,
        "dilutedAverageSharesOutstanding": 55,
        "dilutedEPS": 5.05,
        "ebit": 471,
        "grossPremiumsEarned": 10009,
        "interestExpense": 108.3,
        "interestIncomeExpense": -108,
        "minorityInterest": 0,
        "netIncome": 277,
        "netIncomeAfterTaxes": 277,
        "nonRecurringItems": -13,
        "period": "2022-12-31",
        "pretaxIncome": 350,
        "provisionforIncomeTaxes": 73,
        "revenue": 10198,
        "sgaExpense": 7366,
        "totalOperatingExpense": 9726,
        "year": 2022
      },
      {
        "benefitsClaimsLossAdjustment": 2202,
        "dilutedAverageSharesOutstanding": 60,
        "dilutedEPS": 22.61,
        "ebit": 904,
        "grossPremiumsEarned": 9745,
        "interestExpense": 111.8,
        "interestIncomeExpense": -112,
        "minorityInterest": 0,
        "netIncome": 1357,
        "netIncomeAfterTaxes": 603,
        "nonRecurringItems": -21,
        "period": "2021-12-31",
        "pretaxIncome": 771,
        "provisionforIncomeTaxes": 168,
        "revenue": 10188,
        "sgaExpense": 7082,
        "totalOperatingExpense": 9284,
        "year": 2021
      },
      {
        "benefitsClaimsLossAdjustment": 2275,
        "dilutedAverageSharesOutstanding": 63,
        "dilutedEPS": 6.69,
        "ebit": 683,
        "grossPremiumsEarned": 9320,
        "interestExpense": 104.5,
        "interestIncomeExpense": -85,
        "minorityInterest": -1,
        "netIncome": 422,
        "netIncomeAfterTaxes": 519,
        "nonRecurringItems": -20,
        "period": "2020-12-31",
        "pretaxIncome": 578,
        "provisionforIncomeTaxes": 59,
        "revenue": 9598,
        "sgaExpense": 6640,
        "totalOperatingExpense": 8915,
        "year": 2020
      },
      {
        "benefitsClaimsLossAdjustment": 2386,
        "deferredPolicyAcquisitionExpense": 3237,
        "dilutedAverageSharesOutstanding": 62,
        "dilutedEPS": 5.87,
        "ebit": 713,
        "grossPremiumsEarned": 9129,
        "interestExpense": 110.6,
        "interestIncomeExpense": -225,
        "minorityInterest": -4,
        "netIncome": 364,
        "netIncomeAfterTaxes": 306,
        "nonRecurringItems": -34,
        "period": "2019-12-31",
        "pretaxIncome": 455,
        "provisionforIncomeTaxes": 148,
        "revenue": 9522,
        "sgaExpense": 3187,
        "totalOperatingExpense": 8809,
        "year": 2019
      },
      {
        "benefitsClaimsLossAdjustment": 2343,
        "deferredPolicyAcquisitionExpense": 2301,
        "dilutedAverageSharesOutstanding": 60,
        "dilutedEPS": 3.95,
        "ebit": 435,
        "grossPremiumsEarned": 7522,
        "interestExpense": 100.3,
        "interestIncomeExpense": -100,
        "minorityInterest": -2,
        "netIncome": 237,
        "netIncomeAfterTaxes": 254,
        "nonRecurringItems": -1,
        "period": "2018-12-31",
        "pretaxIncome": 334,
        "provisionforIncomeTaxes": 79,
        "revenue": 8058,
        "sgaExpense": 2980,
        "totalOperatingExpense": 7623,
        "year": 2018
      },
      {
        "benefitsClaimsLossAdjustment": 1871,
        "deferredPolicyAcquisitionExpense": 1340,
        "dilutedAverageSharesOutstanding": 55,
        "dilutedEPS": 9.45,
        "ebit": 495,
        "grossPremiumsEarned": 5891,
        "interestExpense": 49.5,
        "interestIncomeExpense": -50,
        "netIncome": 520,
        "netIncomeAfterTaxes": 343,
        "nonRecurringItems": -1,
        "period": "2017-12-31",
        "pretaxIncome": 445,
        "provisionforIncomeTaxes": 102,
        "revenue": 6416,
        "sgaExpense": 2710,
        "totalOperatingExpense": 5921,
        "year": 2017
      },
      {
        "benefitsClaimsLossAdjustment": 1808,
        "deferredPolicyAcquisitionExpense": 1351,
        "dilutedAverageSharesOutstanding": 62,
        "dilutedEPS": 9.13,
        "ebit": 936,
        "grossPremiumsEarned": 6824,
        "interestExpense": 57.619,
        "interestIncomeExpense": -58,
        "netIncome": 565,
        "netIncomeAfterTaxes": 565,
        "nonRecurringItems": -30,
        "period": "2016-12-31",
        "pretaxIncome": 849,
        "provisionforIncomeTaxes": 283,
        "revenue": 7539,
        "sgaExpense": 3443,
        "totalOperatingExpense": 6602,
        "year": 2016
      },
      {
        "benefitsClaimsLossAdjustment": 4743,
        "deferredPolicyAcquisitionExpense": 1403,
        "dilutedAverageSharesOutstanding": 69,
        "dilutedEPS": 2.05,
        "ebit": 261,
        "grossPremiumsEarned": 9667,
        "interestExpense": 55.116,
        "interestIncomeExpense": -55,
        "netIncome": 142,
        "netIncomeAfterTaxes": 142,
        "nonRecurringItems": -5,
        "period": "2015-12-31",
        "pretaxIncome": 201,
        "provisionforIncomeTaxes": 60,
        "revenue": 10331,
        "sgaExpense": 3924,
        "totalOperatingExpense": 10069,
        "year": 2015
      }
    ],
    "symbol": "AIZ"
  }
}