{
  "symbol": "ISRG",
  "statement": "ic",
  "frequency": "annual",
  "timestamp": "2025-09-19T14:02:16.246881",
  "data": {
    "financials": [
      {
        "costOfGoodsSold": 2717.9,
        "depreciationAmortization": 2.4,
        "dilutedAverageSharesOutstanding": 362,
        "dilutedEPS": 6.42,
        "ebit": 2356.7,
        "grossIncome": 5634.2,
        "interestIncomeExpense": 324.9,
        "minorityInterest": -14.9,
        "netIncome": 2322.6,
        "netIncomeAfterTaxes": 2337.5,
        "nonRecurringItems": -7.8,
        "period": "2024-12-31",
        "pretaxIncome": 2673.8,
        "provisionforIncomeTaxes": 336.3,
        "researchDevelopment": 1137.5,
        "revenue": 8352.1,
        "sgaExpense": 2137.6,
        "totalOperatingExpense": 3277.5,
        "year": 2024
      },
      {
        "costOfGoodsSold": 2394.6,
        "depreciationAmortization": 3.3,
        "dilutedAverageSharesOutstanding": 357.4,
        "dilutedEPS": 5.03,
        "ebit": 1780.3,
        "grossIncome": 4729.5,
        "interestIncomeExpense": 192.1,
        "minorityInterest": -19.3,
        "netIncome": 1798,
        "netIncomeAfterTaxes": 1817.3,
        "nonRecurringItems": -13.5,
        "period": "2023-12-31",
        "pretaxIncome": 1958.9,
        "provisionforIncomeTaxes": 141.6,
        "researchDevelopment": 985.3,
        "revenue": 7124.1,
        "sgaExpense": 1960.6,
        "totalOperatingExpense": 2949.2,
        "year": 2023
      },
      {
        "costOfGoodsSold": 2026.2,
        "depreciationAmortization": 5.9,
        "dilutedAverageSharesOutstanding": 362,
        "dilutedEPS": 3.65,
        "ebit": 1597.4,
        "grossIncome": 4196,
        "interestIncomeExpense": 29.7,
        "minorityInterest": -22.1,
        "netIncome": 1322.3,
        "netIncomeAfterTaxes": 1344.4,
        "nonRecurringItems": -20.3,
        "period": "2022-12-31",
        "pretaxIncome": 1606.8,
        "provisionforIncomeTaxes": 262.4,
        "researchDevelopment": 858.7,
        "revenue": 6222.2,
        "sgaExpense": 1734,
        "totalOperatingExpense": 2598.6,
        "year": 2022
      },
      {
        "costOfGoodsSold": 1751.6,
        "depreciationAmortization": 7.3,
        "dilutedAverageSharesOutstanding": 365.8,
        "dilutedEPS": 4.66,
        "ebit": 1832.1,
        "grossIncome": 3958.5,
        "interestIncomeExpense": 69.3,
        "minorityInterest": -23.5,
        "netIncome": 1704.6,
        "netIncomeAfterTaxes": 1728.1,
        "nonRecurringItems": -11.1,
        "period": "2021-12-31",
        "pretaxIncome": 1890.3,
        "provisionforIncomeTaxes": 162.2,
        "researchDevelopment": 659.9,
        "revenue": 5710.1,
        "sgaExpense": 1459.2,
        "totalOperatingExpense": 2126.4,
        "year": 2021
      },
      {
        "costOfGoodsSold": 1497.2,
        "dilutedAverageSharesOutstanding": 360.904,
        "dilutedEPS": 2.94,
        "ebit": 1065.6,
        "grossIncome": 2861.2,
        "interestIncomeExpense": 157.2,
        "minorityInterest": -6.2,
        "netIncome": 1060.6,
        "netIncomeAfterTaxes": 1066.8,
        "nonRecurringItems": -15.8,
        "period": "2020-12-31",
        "pretaxIncome": 1207,
        "provisionforIncomeTaxes": 140.2,
        "researchDevelopment": 579.3,
        "revenue": 4358.4,
        "sgaExpense": 1216.3,
        "totalOperatingExpense": 1795.6,
        "year": 2020
      },
      {
        "costOfGoodsSold": 1368.3,
        "dilutedAverageSharesOutstanding": 358.504,
        "dilutedEPS": 3.85,
        "ebit": 1375.3,
        "grossIncome": 3110.2,
        "interestIncomeExpense": 127.7,
        "minorityInterest": -2.5,
        "netIncome": 1379.3,
        "netIncomeAfterTaxes": 1381.8,
        "nonRecurringItems": -0.8,
        "period": "2019-12-31",
        "pretaxIncome": 1502.2,
        "provisionforIncomeTaxes": 120.4,
        "researchDevelopment": 557.3,
        "revenue": 4478.5,
        "sgaExpense": 1177.6,
        "totalOperatingExpense": 1734.9,
        "year": 2019
      },
      {
        "costOfGoodsSold": 1120.1,
        "dilutedAverageSharesOutstanding": 356.404,
        "dilutedEPS": 3.17,
        "ebit": 1244.6,
        "grossIncome": 2604.1,
        "interestIncomeExpense": 80.1,
        "minorityInterest": 2.9,
        "netIncome": 1127.9,
        "netIncomeAfterTaxes": 1125.5,
        "nonRecurringItems": -45.2,
        "period": "2018-12-31",
        "pretaxIncome": 1279.5,
        "provisionforIncomeTaxes": 154,
        "researchDevelopment": 418.1,
        "revenue": 3724.2,
        "sgaExpense": 941.4,
        "totalOperatingExpense": 1359.5,
        "year": 2018
      },
      {
        "costOfGoodsSold": 936.2,
        "dilutedAverageSharesOutstanding": 348.903,
        "dilutedEPS": 1.92,
        "ebit": 1080.4,
        "grossIncome": 2202,
        "interestIncomeExpense": 41.9,
        "minorityInterest": 0,
        "netIncome": 670.9,
        "netIncomeAfterTaxes": 988.7,
        "nonRecurringItems": -17.5,
        "period": "2017-12-31",
        "pretaxIncome": 1104.8,
        "provisionforIncomeTaxes": 116.1,
        "researchDevelopment": 328.6,
        "revenue": 3138.2,
        "sgaExpense": 793,
        "totalOperatingExpense": 1121.6,
        "year": 2017
      },
      {
        "costOfGoodsSold": 813.6,
        "dilutedAverageSharesOutstanding": 353.704,
        "dilutedEPS": 2.09,
        "ebit": 961.8,
        "grossIncome": 1892.9,
        "interestIncomeExpense": 35.6,
        "minorityInterest": 0,
        "netIncome": 738.3,
        "netIncomeAfterTaxes": 738.3,
        "nonRecurringItems": -12.1,
        "period": "2016-12-31",
        "pretaxIncome": 985.3,
        "provisionforIncomeTaxes": 247,
        "researchDevelopment": 239.6,
        "revenue": 2706.5,
        "sgaExpense": 691.5,
        "totalOperatingExpense": 931.1,
        "year": 2016
      },
      {
        "costOfGoodsSold": 806.5,
        "dilutedAverageSharesOutstanding": 341.107,
        "dilutedEPS": 1.73,
        "ebit": 753.2,
        "grossIncome": 1577.9,
        "interestIncomeExpense": 18.5,
        "netIncome": 588.8,
        "netIncomeAfterTaxes": 588.8,
        "nonRecurringItems": -13.2,
        "period": "2015-12-31",
        "pretaxIncome": 758.5,
        "provisionforIncomeTaxes": 169.7,
        "researchDevelopment": 197.4,
        "revenue": 2384.4,
        "sgaExpense": 627.3,
        "totalOperatingExpense": 824.7,
        "year": 2015
      }
    ],
    "symbol": "ISRG"
  }
}