{
  "symbol": "UDR",
  "statement": "ic",
  "frequency": "quarterly",
  "timestamp": "2025-09-19T14:07:54.245879",
  "data": {
    "financials": [
      {
        "costOfGoodsSold": 146.368,
        "depreciationAmortization": 170.578,
        "dilutedAverageSharesOutstanding": 331.715,
        "dilutedEPS": 0.1099,
        "ebit": 80.771,
        "grossIncome": 279.031,
        "interestExpense": 48.665,
        "interestIncomeExpense": -36.902,
        "minorityInterest": -2.556,
        "netIncome": 36.462,
        "netIncomeAfterTaxes": 40.229,
        "nonRecurringItems": -3.382,
        "otherOperatingExpensesTotal": 7.753,
        "period": "2025-06-30",
        "pretaxIncome": 40.487,
        "provisionforIncomeTaxes": 0.258,
        "revenue": 425.399,
        "sgaExpense": 19.929,
        "totalOperatingExpense": 198.26
      },
      {
        "costOfGoodsSold": 148.38,
        "depreciationAmortization": 168.461,
        "dilutedAverageSharesOutstanding": 331.717,
        "dilutedEPS": 0.2277,
        "ebit": 77.553,
        "grossIncome": 273.568,
        "interestExpense": 47.701,
        "interestIncomeExpense": -39.966,
        "minorityInterest": -5.351,
        "netIncome": 75.514,
        "netIncomeAfterTaxes": 82.071,
        "nonRecurringItems": 44.642,
        "otherOperatingExpensesTotal": 8.059,
        "period": "2025-03-31",
        "pretaxIncome": 82.229,
        "provisionforIncomeTaxes": 0.158,
        "revenue": 421.948,
        "sgaExpense": 19.495,
        "totalOperatingExpense": 196.015
      },
      {
        "costOfGoodsSold": 143.101,
        "depreciationAmortization": 171.827,
        "dilutedAverageSharesOutstanding": 329.857,
        "dilutedEPS": -0.0189,
        "ebit": 72.718,
        "grossIncome": 279.627,
        "interestExpense": 49.625,
        "interestIncomeExpense": -71.499,
        "minorityInterest": 0.479,
        "netIncome": -6.241,
        "netIncomeAfterTaxes": -5.523,
        "nonRecurringItems": -6.43,
        "otherOperatingExpensesTotal": 9.613,
        "period": "2024-12-31",
        "pretaxIncome": -5.211,
        "provisionforIncomeTaxes": 0.312,
        "revenue": 422.728,
        "sgaExpense": 25.469,
        "totalOperatingExpense": 206.909
      },
      {
        "costOfGoodsSold": 147.254,
        "depreciationAmortization": 174.305,
        "dilutedAverageSharesOutstanding": 330.557,
        "dilutedEPS": 0.0647,
        "ebit": 71.329,
        "grossIncome": 272.906,
        "interestExpense": 50.214,
        "interestIncomeExpense": -45.935,
        "minorityInterest": -1.48,
        "netIncome": 21.4,
        "netIncomeAfterTaxes": 24.077,
        "nonRecurringItems": -1.473,
        "otherOperatingExpensesTotal": 6.382,
        "period": "2024-09-30",
        "pretaxIncome": 23.921,
        "provisionforIncomeTaxes": -0.156,
        "revenue": 420.16,
        "sgaExpense": 20.89,
        "totalOperatingExpense": 201.577
      },
      {
        "costOfGoodsSold": 142.76,
        "depreciationAmortization": 175.167,
        "dilutedAverageSharesOutstanding": 329.572,
        "dilutedEPS": 0.084,
        "ebit": 69.664,
        "grossIncome": 272.56,
        "interestExpense": 47.811,
        "interestIncomeExpense": -37.267,
        "minorityInterest": -2.13,
        "netIncome": 27.673,
        "netIncomeAfterTaxes": 31.013,
        "nonRecurringItems": -0.998,
        "otherOperatingExpensesTotal": 7.593,
        "period": "2024-06-30",
        "pretaxIncome": 31.399,
        "provisionforIncomeTaxes": 0.386,
        "revenue": 415.32,
        "sgaExpense": 20.136,
        "totalOperatingExpense": 202.896
      },
      {
        "costOfGoodsSold": 145.652,
        "depreciationAmortization": 174.174,
        "dilutedAverageSharesOutstanding": 328.954,
        "dilutedEPS": 0.1274,
        "ebit": 69.17,
        "grossIncome": 267.982,
        "interestExpense": 48.062,
        "interestIncomeExpense": -33.112,
        "minorityInterest": -3.161,
        "netIncome": 41.918,
        "netIncomeAfterTaxes": 46.31,
        "nonRecurringItems": 10.589,
        "otherOperatingExpensesTotal": 6.828,
        "period": "2024-03-31",
        "pretaxIncome": 46.647,
        "provisionforIncomeTaxes": 0.337,
        "revenue": 413.634,
        "sgaExpense": 17.81,
        "totalOperatingExpense": 198.812
      },
      {
        "costOfGoodsSold": 140.358,
        "depreciationAmortization": 175.04,
        "dilutedAverageSharesOutstanding": 328.567,
        "dilutedEPS": 0.0967,
        "ebit": 68.717,
        "grossIncome": 272.915,
        "interestExpense": 47.347,
        "interestIncomeExpense": -58.195,
        "minorityInterest": -2.975,
        "netIncome": 31.764,
        "netIncomeAfterTaxes": 35.961,
        "nonRecurringItems": 25.532,
        "otherOperatingExpensesTotal": 8.32,
        "period": "2023-12-31",
        "pretaxIncome": 36.054,
        "provisionforIncomeTaxes": 0.093,
        "revenue": 413.273,
        "sgaExpense": 20.838,
        "totalOperatingExpense": 204.198
      },
      {
        "costOfGoodsSold": 142.974,
        "depreciationAmortization": 171.243,
        "dilutedAverageSharesOutstanding": 329.201,
        "dilutedEPS": 0.0961,
        "ebit": 76.144,
        "grossIncome": 267.157,
        "interestExpense": 44.664,
        "interestIncomeExpense": -42.225,
        "minorityInterest": -2.561,
        "netIncome": 31.637,
        "netIncomeAfterTaxes": 35.419,
        "nonRecurringItems": 1.928,
        "otherOperatingExpensesTotal": 4.611,
        "period": "2023-09-30",
        "pretaxIncome": 35.847,
        "provisionforIncomeTaxes": 0.428,
        "revenue": 410.131,
        "sgaExpense": 15.159,
        "totalOperatingExpense": 191.013
      },
      {
        "costOfGoodsSold": 139.478,
        "depreciationAmortization": 172.606,
        "dilutedAverageSharesOutstanding": 332.48,
        "dilutedEPS": 1.0416,
        "ebit": 71.753,
        "grossIncome": 265.07,
        "interestExpense": 45.113,
        "interestIncomeExpense": -24.969,
        "minorityInterest": -22.638,
        "netIncome": 346.323,
        "netIncomeAfterTaxes": 370.183,
        "nonRecurringItems": 324.75,
        "otherOperatingExpensesTotal": 4.259,
        "period": "2023-06-30",
        "pretaxIncome": 371.534,
        "provisionforIncomeTaxes": 1.351,
        "revenue": 404.548,
        "sgaExpense": 16.452,
        "totalOperatingExpense": 193.317
      },
      {
        "costOfGoodsSold": 135.749,
        "depreciationAmortization": 172.949,
        "dilutedAverageSharesOutstanding": 329.421,
        "dilutedEPS": 0.0904,
        "ebit": 70.339,
        "grossIncome": 263.8,
        "interestExpense": 43.742,
        "interestIncomeExpense": -33.025,
        "minorityInterest": -1.961,
        "netIncome": 29.781,
        "netIncomeAfterTaxes": 32.925,
        "nonRecurringItems": -4.155,
        "otherOperatingExpensesTotal": 3.032,
        "period": "2023-03-31",
        "pretaxIncome": 33.159,
        "provisionforIncomeTaxes": 0.234,
        "revenue": 399.549,
        "sgaExpense": 17.48,
        "totalOperatingExpense": 193.461
      },
      {
        "costOfGoodsSold": 134.475,
        "depreciationAmortization": 172.064,
        "dilutedAverageSharesOutstanding": 325.913,
        "dilutedEPS": 0.1332,
        "ebit": 72.298,
        "grossIncome": 265.181,
        "interestExpense": 43.247,
        "interestIncomeExpense": -42.485,
        "minorityInterest": -2.937,
        "netIncome": 43.425,
        "netIncomeAfterTaxes": 47.467,
        "nonRecurringItems": 16.971,
        "otherOperatingExpensesTotal": 4.008,
        "period": "2022-12-31",
        "pretaxIncome": 46.784,
        "provisionforIncomeTaxes": -0.683,
        "revenue": 399.656,
        "sgaExpense": 16.811,
        "totalOperatingExpense": 192.883
      },
      {
        "costOfGoodsSold": 137.68,
        "depreciationAmortization": 170.211,
        "dilutedAverageSharesOutstanding": 325.686,
        "dilutedEPS": 0.0691,
        "ebit": 63.82,
        "grossIncome": 253.617,
        "interestExpense": 39.905,
        "interestIncomeExpense": -37.397,
        "minorityInterest": -1.54,
        "netIncome": 22.499,
        "netIncomeAfterTaxes": 25.145,
        "nonRecurringItems": -0.901,
        "otherOperatingExpensesTotal": 3.746,
        "period": "2022-09-30",
        "pretaxIncome": 25.522,
        "provisionforIncomeTaxes": 0.377,
        "revenue": 391.297,
        "sgaExpense": 15.84,
        "totalOperatingExpense": 189.797
      },
      {
        "costOfGoodsSold": 125.145,
        "depreciationAmortization": 170.6,
        "dilutedAverageSharesOutstanding": 319.572,
        "dilutedEPS": 0.0124,
        "ebit": 51.81,
        "grossIncome": 244.022,
        "interestExpense": 36.832,
        "interestIncomeExpense": -45.06,
        "minorityInterest": -0.28,
        "netIncome": 3.975,
        "netIncomeAfterTaxes": 5.364,
        "nonRecurringItems": -1.074,
        "otherOperatingExpensesTotal": 5.027,
        "period": "2022-06-30",
        "pretaxIncome": 5.676,
        "provisionforIncomeTaxes": 0.312,
        "revenue": 369.167,
        "sgaExpense": 16.585,
        "totalOperatingExpense": 192.212
      },
      {
        "costOfGoodsSold": 123.824,
        "depreciationAmortization": 166.697,
        "dilutedAverageSharesOutstanding": 319.68,
        "dilutedEPS": 0.0395,
        "ebit": 47.125,
        "grossIncome": 233.442,
        "interestExpense": 35.916,
        "interestIncomeExpense": -32.944,
        "minorityInterest": -0.898,
        "netIncome": 12.613,
        "netIncomeAfterTaxes": 14.603,
        "nonRecurringItems": 0.765,
        "otherOperatingExpensesTotal": 4.712,
        "period": "2022-03-31",
        "pretaxIncome": 14.946,
        "provisionforIncomeTaxes": 0.343,
        "revenue": 357.266,
        "sgaExpense": 14.908,
        "totalOperatingExpense": 186.317
      },
      {
        "costOfGoodsSold": 119.484,
        "depreciationAmortization": 168.468,
        "dilutedAverageSharesOutstanding": 312.677,
        "dilutedEPS": 0.3723,
        "ebit": 37.784,
        "grossIncome": 228.724,
        "interestExpense": 36.418,
        "interestIncomeExpense": 2.359,
        "minorityInterest": -8.683,
        "netIncome": 116.403,
        "netIncomeAfterTaxes": 126.144,
        "nonRecurringItems": 86.157,
        "otherOperatingExpensesTotal": 8.604,
        "period": "2021-12-31",
        "pretaxIncome": 126.3,
        "provisionforIncomeTaxes": 0.156,
        "revenue": 348.208,
        "sgaExpense": 13.868,
        "totalOperatingExpense": 190.94
      },
      {
        "costOfGoodsSold": 119.08,
        "depreciationAmortization": 155.905,
        "dilutedAverageSharesOutstanding": 301.164,
        "dilutedEPS": 0.0554,
        "ebit": 34.738,
        "grossIncome": 210.69,
        "interestExpense": 35.903,
        "interestIncomeExpense": -13.215,
        "minorityInterest": -1.309,
        "netIncome": 16.673,
        "netIncomeAfterTaxes": 19.04,
        "nonRecurringItems": -1.954,
        "otherOperatingExpensesTotal": 4.237,
        "period": "2021-09-30",
        "pretaxIncome": 19.569,
        "provisionforIncomeTaxes": 0.529,
        "revenue": 329.77,
        "sgaExpense": 15.81,
        "totalOperatingExpense": 175.952
      },
      {
        "costOfGoodsSold": 109.753,
        "depreciationAmortization": 148.771,
        "dilutedAverageSharesOutstanding": 297.542,
        "dilutedEPS": 0.0358,
        "ebit": 33.324,
        "grossIncome": 201.595,
        "interestExpense": 35.404,
        "interestIncomeExpense": -23.117,
        "minorityInterest": -0.815,
        "netIncome": 10.663,
        "netIncomeAfterTaxes": 12.535,
        "nonRecurringItems": 2.463,
        "otherOperatingExpensesTotal": 4.373,
        "period": "2021-06-30",
        "pretaxIncome": 12.67,
        "provisionforIncomeTaxes": 0.135,
        "revenue": 311.348,
        "sgaExpense": 15.127,
        "totalOperatingExpense": 168.271
      },
      {
        "costOfGoodsSold": 107.8,
        "depreciationAmortization": 146.7,
        "dilutedAverageSharesOutstanding": 297,
        "dilutedEPS": 0.01,
        "ebit": 29.8,
        "grossIncome": 193.7,
        "interestExpense": 36.206,
        "interestIncomeExpense": -71.2,
        "minorityInterest": -0.2,
        "netIncome": 2,
        "netIncomeAfterTaxes": 3.3,
        "nonRecurringItems": 45.3,
        "otherOperatingExpensesTotal": 4.4,
        "period": "2021-03-31",
        "pretaxIncome": 3.9,
        "provisionforIncomeTaxes": 0.6,
        "revenue": 301.4,
        "sgaExpense": 12.7,
        "totalOperatingExpense": 163.9
      },
      {
        "costOfGoodsSold": 105,
        "depreciationAmortization": 148.2,
        "dilutedAverageSharesOutstanding": 294.9,
        "dilutedEPS": 0.09,
        "ebit": 31.1,
        "grossIncome": 197.4,
        "interestExpense": 37.874,
        "interestIncomeExpense": -59,
        "minorityInterest": -2,
        "netIncome": 25.5,
        "netIncomeAfterTaxes": 28.6,
        "nonRecurringItems": 57.2,
        "otherOperatingExpensesTotal": 6.2,
        "period": "2020-12-31",
        "pretaxIncome": 29.2,
        "provisionforIncomeTaxes": 0.7,
        "revenue": 302.4,
        "sgaExpense": 12,
        "totalOperatingExpense": 166.3
      },
      {
        "costOfGoodsSold": 106.6,
        "depreciationAmortization": 155.8,
        "dilutedAverageSharesOutstanding": 294.7,
        "dilutedEPS": -0.09,
        "ebit": 30.1,
        "grossIncome": 203.5,
        "interestExpense": 37.728,
        "interestIncomeExpense": -57.1,
        "minorityInterest": 2,
        "netIncome": -26.3,
        "netIncomeAfterTaxes": -27.2,
        "nonRecurringItems": 0,
        "otherOperatingExpensesTotal": 5.5,
        "period": "2020-09-30",
        "pretaxIncome": -27,
        "provisionforIncomeTaxes": 0.2,
        "revenue": 310,
        "sgaExpense": 12,
        "totalOperatingExpense": 173.3
      },
      {
        "costOfGoodsSold": 102.5,
        "depreciationAmortization": 157.1,
        "dilutedAverageSharesOutstanding": 295.1,
        "dilutedEPS": 0.19,
        "ebit": 30.6,
        "grossIncome": 204.7,
        "interestExpense": 38.597,
        "interestIncomeExpense": -28.2,
        "minorityInterest": -4.3,
        "netIncome": 56.7,
        "netIncomeAfterTaxes": 62.1,
        "nonRecurringItems": 61.2,
        "otherOperatingExpensesTotal": 6.1,
        "period": "2020-06-30",
        "pretaxIncome": 63.6,
        "provisionforIncomeTaxes": 1.5,
        "revenue": 307.3,
        "sgaExpense": 11,
        "totalOperatingExpense": 174.2
      },
      {
        "costOfGoodsSold": 103.8,
        "depreciationAmortization": 157.5,
        "dilutedAverageSharesOutstanding": 295.2,
        "dilutedEPS": 0.01,
        "ebit": 40.3,
        "grossIncome": 217.7,
        "interestExpense": 39.317,
        "interestIncomeExpense": -33.3,
        "minorityInterest": -0.3,
        "netIncome": 4.2,
        "netIncomeAfterTaxes": 5.5,
        "nonRecurringItems": -1.3,
        "otherOperatingExpensesTotal": 5,
        "period": "2020-03-31",
        "pretaxIncome": 5.7,
        "provisionforIncomeTaxes": 0.2,
        "revenue": 321.5,
        "sgaExpense": 15,
        "totalOperatingExpense": 177.4
      },
      {
        "costOfGoodsSold": 96.2,
        "depreciationAmortization": 145.2,
        "dilutedAverageSharesOutstanding": 294.2,
        "dilutedEPS": 0.33,
        "ebit": 46.1,
        "grossIncome": 208.6,
        "interestExpense": 60.435,
        "interestIncomeExpense": 60.5,
        "minorityInterest": -7.6,
        "netIncome": 96.6,
        "netIncomeAfterTaxes": 105.2,
        "nonRecurringItems": -1.3,
        "otherOperatingExpensesTotal": 2.8,
        "period": "2019-12-31",
        "pretaxIncome": 105.2,
        "provisionforIncomeTaxes": 0,
        "revenue": 304.8,
        "sgaExpense": 14.5,
        "totalOperatingExpense": 162.5
      },
      {
        "costOfGoodsSold": 93.7,
        "depreciationAmortization": 129,
        "dilutedAverageSharesOutstanding": 289.5,
        "dilutedEPS": 0.09,
        "ebit": 57.8,
        "grossIncome": 201.7,
        "interestExpense": 42.523,
        "interestIncomeExpense": -27.9,
        "minorityInterest": -2.2,
        "netIncome": 26.2,
        "netIncomeAfterTaxes": 29.4,
        "nonRecurringItems": 1.1,
        "otherOperatingExpensesTotal": 0.6,
        "period": "2019-09-30",
        "pretaxIncome": 30.9,
        "provisionforIncomeTaxes": 1.5,
        "revenue": 295.4,
        "sgaExpense": 14.3,
        "totalOperatingExpense": 143.9
      },
      {
        "costOfGoodsSold": 86.7,
        "depreciationAmortization": 119.6,
        "dilutedAverageSharesOutstanding": 282.6,
        "dilutedEPS": 0.12,
        "ebit": 59.9,
        "grossIncome": 194.6,
        "interestExpense": 34.417,
        "interestIncomeExpense": -26.5,
        "minorityInterest": -2.7,
        "netIncome": 34.6,
        "netIncomeAfterTaxes": 38.3,
        "nonRecurringItems": 5,
        "otherOperatingExpensesTotal": 0.5,
        "period": "2019-06-30",
        "pretaxIncome": 38.4,
        "provisionforIncomeTaxes": 0.1,
        "revenue": 281.3,
        "sgaExpense": 14.6,
        "totalOperatingExpense": 134.7
      },
      {
        "costOfGoodsSold": 85.9,
        "depreciationAmortization": 114.1,
        "dilutedAverageSharesOutstanding": 277.6,
        "dilutedEPS": 0.08,
        "ebit": 52.5,
        "grossIncome": 184.7,
        "interestExpense": 33.542,
        "interestIncomeExpense": -23.7,
        "minorityInterest": -2.1,
        "netIncome": 23.5,
        "netIncomeAfterTaxes": 26.6,
        "nonRecurringItems": 0,
        "otherOperatingExpensesTotal": 3.4,
        "period": "2019-03-31",
        "pretaxIncome": 28.8,
        "provisionforIncomeTaxes": 2.2,
        "revenue": 270.7,
        "sgaExpense": 14.7,
        "totalOperatingExpense": 132.3
      },
      {
        "costOfGoodsSold": 84.6,
        "depreciationAmortization": 108.1,
        "dilutedAverageSharesOutstanding": 270.9,
        "dilutedEPS": 0.29,
        "ebit": 60.1,
        "grossIncome": 183.1,
        "interestExpense": 38.226,
        "interestIncomeExpense": -36.5,
        "minorityInterest": -7.5,
        "netIncome": 81.2,
        "netIncomeAfterTaxes": 159.9,
        "nonRecurringItems": 136.4,
        "otherOperatingExpensesTotal": 4,
        "period": "2018-12-31",
        "pretaxIncome": 160,
        "provisionforIncomeTaxes": 0.1,
        "revenue": 267.7,
        "sgaExpense": 11,
        "totalOperatingExpense": 123
      },
      {
        "costOfGoodsSold": 85.7,
        "depreciationAmortization": 109.6,
        "dilutedAverageSharesOutstanding": 268.9,
        "dilutedEPS": 0.07,
        "ebit": 55.7,
        "grossIncome": 180.5,
        "interestExpense": 34.401,
        "interestIncomeExpense": -34.6,
        "minorityInterest": -1.6,
        "netIncome": 17.6,
        "netIncomeAfterTaxes": 20.3,
        "nonRecurringItems": -0.7,
        "otherOperatingExpensesTotal": 3.3,
        "period": "2018-09-30",
        "pretaxIncome": 20.4,
        "provisionforIncomeTaxes": 0.2,
        "revenue": 266.1,
        "sgaExpense": 11.9,
        "totalOperatingExpense": 124.7
      },
      {
        "costOfGoodsSold": 80.4,
        "depreciationAmortization": 108.2,
        "dilutedAverageSharesOutstanding": 271.8,
        "dilutedEPS": 0.07,
        "ebit": 55.9,
        "grossIncome": 179.3,
        "interestExpense": 31.598,
        "interestIncomeExpense": -32.5,
        "minorityInterest": -1.8,
        "netIncome": 19.6,
        "netIncomeAfterTaxes": 22.4,
        "nonRecurringItems": -0.7,
        "otherOperatingExpensesTotal": 2.8,
        "period": "2018-06-30",
        "pretaxIncome": 22.7,
        "provisionforIncomeTaxes": 0.2,
        "revenue": 259.7,
        "sgaExpense": 12.4,
        "totalOperatingExpense": 123.5
      },
      {
        "costOfGoodsSold": 80.8,
        "depreciationAmortization": 109.8,
        "dilutedAverageSharesOutstanding": 269.2,
        "dilutedEPS": 0.3,
        "ebit": 48.9,
        "grossIncome": 172.5,
        "interestExpense": 29.943,
        "interestIncomeExpense": -28.9,
        "minorityInterest": -7.5,
        "netIncome": 80.8,
        "netIncomeAfterTaxes": 89.2,
        "nonRecurringItems": 69.4,
        "otherOperatingExpensesTotal": 2,
        "period": "2018-03-31",
        "pretaxIncome": 89.5,
        "provisionforIncomeTaxes": 0.2,
        "revenue": 253.3,
        "sgaExpense": 11.8,
        "totalOperatingExpense": 123.6
      },
      {
        "costOfGoodsSold": 79.3,
        "depreciationAmortization": 111,
        "dilutedAverageSharesOutstanding": 268.8,
        "dilutedEPS": 0.26,
        "ebit": 47.9,
        "grossIncome": 173.6,
        "interestExpense": 34.211,
        "interestIncomeExpense": -14,
        "minorityInterest": -6.4,
        "netIncome": 68.3,
        "netIncomeAfterTaxes": 76.6,
        "nonRecurringItems": 42.8,
        "otherOperatingExpensesTotal": 3.1,
        "period": "2017-12-31",
        "pretaxIncome": 76.7,
        "provisionforIncomeTaxes": 0.1,
        "revenue": 252.9,
        "sgaExpense": 11.6,
        "totalOperatingExpense": 125.7
      },
      {
        "costOfGoodsSold": 80.4,
        "depreciationAmortization": 108.8,
        "dilutedAverageSharesOutstanding": 269.1,
        "dilutedEPS": 0.06,
        "ebit": 47.6,
        "grossIncome": 170.7,
        "interestExpense": 30.095,
        "interestIncomeExpense": -27.8,
        "minorityInterest": -1.4,
        "netIncome": 15.3,
        "netIncomeAfterTaxes": 17.6,
        "nonRecurringItems": -2.1,
        "otherOperatingExpensesTotal": 2,
        "period": "2017-09-30",
        "pretaxIncome": 17.7,
        "provisionforIncomeTaxes": 0.1,
        "revenue": 251.1,
        "sgaExpense": 12.5,
        "totalOperatingExpense": 123.1
      },
      {
        "costOfGoodsSold": 76.8,
        "depreciationAmortization": 110,
        "dilutedAverageSharesOutstanding": 268.9,
        "dilutedEPS": 0.03,
        "ebit": 47.4,
        "grossIncome": 171.2,
        "interestExpense": 33.784,
        "interestIncomeExpense": -34.8,
        "minorityInterest": -0.9,
        "netIncome": 9.2,
        "netIncomeAfterTaxes": 11.1,
        "nonRecurringItems": -1.2,
        "otherOperatingExpensesTotal": 2.4,
        "period": "2017-06-30",
        "pretaxIncome": 11.4,
        "provisionforIncomeTaxes": 0.4,
        "revenue": 248,
        "sgaExpense": 11.4,
        "totalOperatingExpense": 123.8
      },
      {
        "costOfGoodsSold": 76.4,
        "depreciationAmortization": 106.6,
        "dilutedAverageSharesOutstanding": 268.7,
        "dilutedEPS": 0.09,
        "ebit": 46,
        "grossIncome": 167.4,
        "interestExpense": 30.485,
        "interestIncomeExpense": -18.9,
        "minorityInterest": -2.4,
        "netIncome": 25,
        "netIncomeAfterTaxes": 26.3,
        "nonRecurringItems": -0.5,
        "otherOperatingExpensesTotal": 1.7,
        "period": "2017-03-31",
        "pretaxIncome": 26.6,
        "provisionforIncomeTaxes": 0.3,
        "revenue": 243.8,
        "sgaExpense": 13.1,
        "totalOperatingExpense": 121.4
      },
      {
        "costOfGoodsSold": 75.4,
        "depreciationAmortization": 104,
        "dilutedAverageSharesOutstanding": 268.5,
        "dilutedEPS": 0.88,
        "ebit": 48,
        "grossIncome": 167.6,
        "interestExpense": 29.295,
        "interestIncomeExpense": 7.1,
        "minorityInterest": -22.3,
        "netIncome": 236.5,
        "netIncomeAfterTaxes": 59.3,
        "nonRecurringItems": 1.1,
        "otherOperatingExpensesTotal": 2.4,
        "period": "2016-12-31",
        "pretaxIncome": 56.2,
        "provisionforIncomeTaxes": -3.1,
        "revenue": 243,
        "sgaExpense": 13.3,
        "totalOperatingExpense": 119.6
      },
      {
        "costOfGoodsSold": 76.5,
        "depreciationAmortization": 107.3,
        "dilutedAverageSharesOutstanding": 268.3,
        "dilutedEPS": 0.1,
        "ebit": 46,
        "grossIncome": 166.7,
        "interestExpense": 31.954,
        "interestIncomeExpense": -16.2,
        "minorityInterest": -2.5,
        "netIncome": 26,
        "netIncomeAfterTaxes": 29.5,
        "nonRecurringItems": -0.2,
        "otherOperatingExpensesTotal": 1.6,
        "period": "2016-09-30",
        "pretaxIncome": 29.6,
        "provisionforIncomeTaxes": 0.1,
        "revenue": 243.3,
        "sgaExpense": 11.8,
        "totalOperatingExpense": 120.8
      },
      {
        "costOfGoodsSold": 75.3,
        "depreciationAmortization": 107.4,
        "dilutedAverageSharesOutstanding": 268.2,
        "dilutedEPS": 0.06,
        "ebit": 43.3,
        "grossIncome": 163.4,
        "interestExpense": 30.678,
        "interestIncomeExpense": -29.8,
        "minorityInterest": -1.6,
        "netIncome": 17,
        "netIncomeAfterTaxes": 12.2,
        "nonRecurringItems": -1.6,
        "otherOperatingExpensesTotal": 1.9,
        "period": "2016-06-30",
        "pretaxIncome": 11.8,
        "provisionforIncomeTaxes": -0.4,
        "revenue": 238.8,
        "sgaExpense": 10.8,
        "totalOperatingExpense": 120.2
      },
      {
        "costOfGoodsSold": 74.2,
        "depreciationAmortization": 106.9,
        "dilutedAverageSharesOutstanding": 264.3,
        "dilutedEPS": 0.02,
        "ebit": 38.1,
        "grossIncome": 160.6,
        "interestExpense": 31.104,
        "interestIncomeExpense": -30,
        "minorityInterest": -1.2,
        "netIncome": 9.5,
        "netIncomeAfterTaxes": 8.5,
        "nonRecurringItems": 0,
        "otherOperatingExpensesTotal": 1.8,
        "period": "2016-03-31",
        "pretaxIncome": 8.1,
        "provisionforIncomeTaxes": -0.4,
        "revenue": 234.8,
        "sgaExpense": 13.8,
        "totalOperatingExpense": 122.5
      },
      {
        "costOfGoodsSold": 74.5,
        "depreciationAmortization": 106.8,
        "dilutedAverageSharesOutstanding": 260.9,
        "dilutedEPS": 0.63,
        "ebit": 34.8,
        "grossIncome": 163.1,
        "interestExpense": 33.17,
        "interestIncomeExpense": -31.7,
        "minorityInterest": -10.7,
        "netIncome": 165.5,
        "netIncomeAfterTaxes": 4.5,
        "nonRecurringItems": 0,
        "otherOperatingExpensesTotal": 3.5,
        "period": "2015-12-31",
        "pretaxIncome": 3.1,
        "provisionforIncomeTaxes": -1.4,
        "revenue": 237.6,
        "sgaExpense": 18,
        "totalOperatingExpense": 128.3
      },
      {
        "costOfGoodsSold": 70.2,
        "depreciationAmortization": 92,
        "dilutedAverageSharesOutstanding": 261.2,
        "dilutedEPS": 0.05,
        "ebit": 40.7,
        "grossIncome": 151.2,
        "interestExpense": 30.232,
        "interestIncomeExpense": -27.1,
        "minorityInterest": -0.4,
        "netIncome": 12.4,
        "netIncomeAfterTaxes": 13.7,
        "nonRecurringItems": -0.5,
        "otherOperatingExpensesTotal": 2.6,
        "period": "2015-09-30",
        "pretaxIncome": 13.1,
        "provisionforIncomeTaxes": -0.6,
        "revenue": 221.4,
        "sgaExpense": 15.8,
        "totalOperatingExpense": 110.5
      }
    ],
    "symbol": "UDR"
  }
}