{
  "symbol": "MET",
  "statement": "ic",
  "frequency": "quarterly",
  "timestamp": "2025-09-19T14:03:54.838009",
  "data": {
    "financials": [
      {
        "benefitsClaimsLossAdjustment": 10772,
        "deferredPolicyAcquisitionExpense": 528,
        "dilutedAverageSharesOutstanding": 675,
        "dilutedEPS": 1.03,
        "ebit": 1249,
        "grossPremiumsEarned": 11489,
        "interestExpense": 269,
        "interestIncomeExpense": -269,
        "minorityInterest": -6,
        "netIncome": 698,
        "netIncomeAfterTaxes": 735,
        "otherOperatingExpensesTotal": 4645,
        "otherRevenue": 1259,
        "period": "2025-06-30",
        "pretaxIncome": 980,
        "provisionforIncomeTaxes": 245,
        "revenue": 17340,
        "sgaExpense": 146,
        "totalOperatingExpense": 16091
      },
      {
        "benefitsClaimsLossAdjustment": 13322,
        "deferredPolicyAcquisitionExpense": -179,
        "dilutedAverageSharesOutstanding": 687,
        "dilutedEPS": 1.28,
        "ebit": 1598,
        "grossPremiumsEarned": 12410,
        "interestExpense": 258,
        "interestIncomeExpense": -244,
        "minorityInterest": -5,
        "netIncome": 879,
        "netIncomeAfterTaxes": 950,
        "otherOperatingExpensesTotal": 1946,
        "otherRevenue": 1229,
        "period": "2025-03-31",
        "pretaxIncome": 1354,
        "provisionforIncomeTaxes": 404,
        "revenue": 18555,
        "sgaExpense": 1868,
        "totalOperatingExpense": 16957
      },
      {
        "benefitsClaimsLossAdjustment": 14068,
        "deferredPolicyAcquisitionExpense": -221,
        "dilutedAverageSharesOutstanding": 697.9,
        "dilutedEPS": 1.78,
        "ebit": 1660,
        "grossPremiumsEarned": 13258,
        "interestExpense": 259,
        "interestIncomeExpense": -279,
        "minorityInterest": -4,
        "netIncome": 1239,
        "netIncomeAfterTaxes": 1275,
        "otherOperatingExpensesTotal": 1267,
        "otherRevenue": 1217,
        "period": "2024-12-31",
        "pretaxIncome": 1381,
        "provisionforIncomeTaxes": 106,
        "revenue": 18686,
        "sgaExpense": 1912,
        "totalOperatingExpense": 17026
      },
      {
        "benefitsClaimsLossAdjustment": 11980,
        "deferredPolicyAcquisitionExpense": -175,
        "dilutedAverageSharesOutstanding": 703.7,
        "dilutedEPS": 1.81,
        "ebit": 2310,
        "grossPremiumsEarned": 11295,
        "interestExpense": 257,
        "interestIncomeExpense": -316,
        "minorityInterest": 1,
        "netIncome": 1275,
        "netIncomeAfterTaxes": 1341,
        "otherOperatingExpensesTotal": 2561,
        "otherRevenue": 1228,
        "period": "2024-09-30",
        "pretaxIncome": 1994,
        "provisionforIncomeTaxes": 653,
        "revenue": 18499,
        "sgaExpense": 1823,
        "totalOperatingExpense": 16189
      },
      {
        "benefitsClaimsLossAdjustment": 12937,
        "deferredPolicyAcquisitionExpense": -184,
        "dilutedAverageSharesOutstanding": 714.7,
        "dilutedEPS": 1.28,
        "ebit": 1474,
        "grossPremiumsEarned": 12266,
        "interestExpense": 257,
        "interestIncomeExpense": -272,
        "minorityInterest": -7,
        "netIncome": 912,
        "netIncomeAfterTaxes": 953,
        "otherOperatingExpensesTotal": 1812,
        "otherRevenue": 1281,
        "period": "2024-06-30",
        "pretaxIncome": 1202,
        "provisionforIncomeTaxes": 249,
        "revenue": 17838,
        "sgaExpense": 1799,
        "totalOperatingExpense": 16364
      },
      {
        "benefitsClaimsLossAdjustment": 11555,
        "deferredPolicyAcquisitionExpense": -232,
        "dilutedAverageSharesOutstanding": 728.4,
        "dilutedEPS": 1.1,
        "ebit": 1277,
        "grossPremiumsEarned": 10727,
        "interestExpense": 264,
        "interestIncomeExpense": -232,
        "minorityInterest": -8,
        "netIncome": 800,
        "netIncomeAfterTaxes": 875,
        "otherOperatingExpensesTotal": 1590,
        "otherRevenue": 1248,
        "period": "2024-03-31",
        "pretaxIncome": 1045,
        "provisionforIncomeTaxes": 170,
        "revenue": 16025,
        "sgaExpense": 1835,
        "totalOperatingExpense": 14748
      },
      {
        "benefitsClaimsLossAdjustment": 13248,
        "deferredPolicyAcquisitionExpense": -224,
        "dilutedAverageSharesOutstanding": 743.1,
        "dilutedEPS": 0.77,
        "ebit": 1210,
        "grossPremiumsEarned": 12446,
        "interestExpense": 269,
        "interestIncomeExpense": -269,
        "minorityInterest": -7,
        "netIncome": 574,
        "netIncomeAfterTaxes": 614,
        "otherOperatingExpensesTotal": 2830,
        "otherRevenue": 1241,
        "period": "2023-12-31",
        "pretaxIncome": 941,
        "provisionforIncomeTaxes": 327,
        "revenue": 19028,
        "sgaExpense": 1964,
        "totalOperatingExpense": 17818
      },
      {
        "benefitsClaimsLossAdjustment": 12596,
        "deferredPolicyAcquisitionExpense": -243,
        "dilutedAverageSharesOutstanding": 755.5,
        "dilutedEPS": 0.56,
        "ebit": 816,
        "grossPremiumsEarned": 11836,
        "interestExpense": 265,
        "interestIncomeExpense": -282,
        "minorityInterest": -6,
        "netIncome": 422,
        "netIncomeAfterTaxes": 495,
        "otherOperatingExpensesTotal": 855,
        "otherRevenue": 1334,
        "period": "2023-09-30",
        "pretaxIncome": 534,
        "provisionforIncomeTaxes": 39,
        "revenue": 15883,
        "sgaExpense": 1859,
        "totalOperatingExpense": 15067
      },
      {
        "benefitsClaimsLossAdjustment": 13240,
        "deferredPolicyAcquisitionExpense": -250,
        "dilutedAverageSharesOutstanding": 769.6,
        "dilutedEPS": 0.48,
        "ebit": 670,
        "grossPremiumsEarned": 12299,
        "interestExpense": 256,
        "interestIncomeExpense": -240,
        "minorityInterest": -6,
        "netIncome": 370,
        "netIncomeAfterTaxes": 408,
        "otherOperatingExpensesTotal": 1110,
        "otherRevenue": 1288,
        "period": "2023-06-30",
        "pretaxIncome": 430,
        "provisionforIncomeTaxes": 22,
        "revenue": 16607,
        "sgaExpense": 1837,
        "totalOperatingExpense": 15937
      },
      {
        "benefitsClaimsLossAdjustment": 11280,
        "deferredPolicyAcquisitionExpense": -248,
        "dilutedAverageSharesOutstanding": 781.2,
        "dilutedEPS": 0.02,
        "ebit": 474,
        "grossPremiumsEarned": 10228,
        "interestExpense": 255,
        "interestIncomeExpense": -217,
        "minorityInterest": -5,
        "netIncome": 14,
        "netIncomeAfterTaxes": 85,
        "otherOperatingExpensesTotal": 2045,
        "otherRevenue": 1289,
        "period": "2023-03-31",
        "pretaxIncome": 257,
        "provisionforIncomeTaxes": 172,
        "revenue": 15350,
        "sgaExpense": 1799,
        "totalOperatingExpense": 14876
      },
      {
        "benefitsClaimsLossAdjustment": 10501,
        "deferredPolicyAcquisitionExpense": -242,
        "dilutedAverageSharesOutstanding": 790,
        "dilutedEPS": 1.96,
        "ebit": 2272,
        "grossPremiumsEarned": 9632,
        "interestExpense": 248,
        "interestIncomeExpense": -246,
        "minorityInterest": -3,
        "netIncome": 1549,
        "netIncomeAfterTaxes": 1581,
        "otherOperatingExpensesTotal": 1208,
        "otherRevenue": 1266,
        "period": "2022-12-31",
        "pretaxIncome": 2026,
        "provisionforIncomeTaxes": 445,
        "revenue": 15606,
        "sgaExpense": 1867,
        "totalOperatingExpense": 13334
      },
      {
        "benefitsClaimsLossAdjustment": 19007,
        "deferredPolicyAcquisitionExpense": -185,
        "dilutedAverageSharesOutstanding": 800.7,
        "dilutedEPS": 1.37,
        "ebit": 1698,
        "grossPremiumsEarned": 18060,
        "interestExpense": 239,
        "interestIncomeExpense": -283,
        "minorityInterest": -5,
        "netIncome": 1098,
        "netIncomeAfterTaxes": 1167,
        "otherOperatingExpensesTotal": 42,
        "otherRevenue": 1275,
        "period": "2022-09-30",
        "pretaxIncome": 1415,
        "provisionforIncomeTaxes": 248,
        "revenue": 22327,
        "sgaExpense": 1765,
        "totalOperatingExpense": 20629
      },
      {
        "benefitsClaimsLossAdjustment": 12914,
        "deferredPolicyAcquisitionExpense": -179,
        "dilutedAverageSharesOutstanding": 814.5,
        "dilutedEPS": 1.08,
        "ebit": 1257,
        "grossPremiumsEarned": 12171,
        "interestExpense": 226,
        "interestIncomeExpense": -269,
        "minorityInterest": -5,
        "netIncome": 881,
        "netIncomeAfterTaxes": 915,
        "otherOperatingExpensesTotal": -237,
        "otherRevenue": 1372,
        "period": "2022-06-30",
        "pretaxIncome": 988,
        "provisionforIncomeTaxes": 73,
        "revenue": 15517,
        "sgaExpense": 1762,
        "totalOperatingExpense": 14260
      },
      {
        "benefitsClaimsLossAdjustment": 12464,
        "deferredPolicyAcquisitionExpense": -177,
        "dilutedAverageSharesOutstanding": 830.5,
        "dilutedEPS": 1.89,
        "ebit": 2175,
        "grossPremiumsEarned": 11277,
        "interestExpense": 225,
        "interestIncomeExpense": -240,
        "minorityInterest": -5,
        "netIncome": 1571,
        "netIncomeAfterTaxes": 1639,
        "otherOperatingExpensesTotal": -822,
        "otherRevenue": 1312,
        "period": "2022-03-31",
        "pretaxIncome": 1935,
        "provisionforIncomeTaxes": 296,
        "revenue": 15420,
        "sgaExpense": 1780,
        "totalOperatingExpense": 13245
      },
      {
        "benefitsClaimsLossAdjustment": 14231,
        "deferredPolicyAcquisitionExpense": -605,
        "dilutedAverageSharesOutstanding": 845.1,
        "dilutedEPS": 1.75,
        "ebit": 1695,
        "grossPremiumsEarned": 12899,
        "interestExpense": 224,
        "interestIncomeExpense": 3,
        "minorityInterest": -6,
        "netIncome": 1477,
        "netIncomeAfterTaxes": 1512,
        "otherOperatingExpensesTotal": 171,
        "otherRevenue": 910,
        "period": "2021-12-31",
        "pretaxIncome": 1698,
        "provisionforIncomeTaxes": 186,
        "revenue": 17478,
        "sgaExpense": 1986,
        "totalOperatingExpense": 15783
      },
      {
        "benefitsClaimsLossAdjustment": 11426,
        "deferredPolicyAcquisitionExpense": 181,
        "dilutedAverageSharesOutstanding": 861.2,
        "dilutedEPS": 1.77,
        "ebit": 2282,
        "grossPremiumsEarned": 10118,
        "interestExpense": 240,
        "interestIncomeExpense": -240,
        "minorityInterest": -5,
        "netIncome": 1521,
        "netIncomeAfterTaxes": 1589,
        "otherOperatingExpensesTotal": 1281,
        "otherRevenue": 1521,
        "period": "2021-09-30",
        "pretaxIncome": 2042,
        "provisionforIncomeTaxes": 453,
        "revenue": 16905,
        "sgaExpense": 1735,
        "totalOperatingExpense": 14623
      },
      {
        "benefitsClaimsLossAdjustment": 10699,
        "deferredPolicyAcquisitionExpense": -105,
        "dilutedAverageSharesOutstanding": 879.7,
        "dilutedEPS": 3.83,
        "ebit": 4715,
        "grossPremiumsEarned": 9796,
        "interestExpense": 228,
        "interestIncomeExpense": -228,
        "minorityInterest": -5,
        "netIncome": 3366,
        "netIncomeAfterTaxes": 3412,
        "otherOperatingExpensesTotal": 1505,
        "otherRevenue": 1422,
        "period": "2021-06-30",
        "pretaxIncome": 4487,
        "provisionforIncomeTaxes": 1075,
        "revenue": 18524,
        "sgaExpense": 1710,
        "totalOperatingExpense": 13809
      },
      {
        "benefitsClaimsLossAdjustment": 12053,
        "deferredPolicyAcquisitionExpense": -185,
        "dilutedAverageSharesOutstanding": 892.1,
        "dilutedEPS": 0.33,
        "ebit": 519,
        "grossPremiumsEarned": 10958,
        "interestExpense": 228,
        "interestIncomeExpense": -228,
        "minorityInterest": -5,
        "netIncome": 290,
        "netIncomeAfterTaxes": 363,
        "otherOperatingExpensesTotal": 1342,
        "otherRevenue": 1391,
        "period": "2021-03-31",
        "pretaxIncome": 291,
        "provisionforIncomeTaxes": -72,
        "revenue": 15562,
        "sgaExpense": 1833,
        "totalOperatingExpense": 15043
      },
      {
        "benefitsClaimsLossAdjustment": 15269,
        "deferredPolicyAcquisitionExpense": -58,
        "dilutedAverageSharesOutstanding": 906,
        "dilutedEPS": 0.14,
        "ebit": 394,
        "grossPremiumsEarned": 14396,
        "interestExpense": 230,
        "interestIncomeExpense": -230,
        "minorityInterest": 0,
        "netIncome": 124,
        "netIncomeAfterTaxes": 158,
        "otherOperatingExpensesTotal": 1746,
        "otherRevenue": 1376,
        "period": "2020-12-31",
        "pretaxIncome": 164,
        "provisionforIncomeTaxes": 6,
        "revenue": 19418,
        "sgaExpense": 2067,
        "totalOperatingExpense": 19024
      },
      {
        "benefitsClaimsLossAdjustment": 11376,
        "deferredPolicyAcquisitionExpense": 302,
        "dilutedAverageSharesOutstanding": 913.7,
        "dilutedEPS": 0.69,
        "ebit": 1152,
        "grossPremiumsEarned": 10390,
        "interestExpense": 229,
        "interestIncomeExpense": -229,
        "minorityInterest": -3,
        "netIncome": 633,
        "netIncomeAfterTaxes": 709,
        "otherOperatingExpensesTotal": 1401,
        "otherRevenue": 1497,
        "period": "2020-09-30",
        "pretaxIncome": 923,
        "provisionforIncomeTaxes": 214,
        "revenue": 16015,
        "sgaExpense": 1784,
        "totalOperatingExpense": 14863
      },
      {
        "benefitsClaimsLossAdjustment": 9982,
        "deferredPolicyAcquisitionExpense": -111,
        "dilutedAverageSharesOutstanding": 913.1,
        "dilutedEPS": 0.07,
        "ebit": 429,
        "grossPremiumsEarned": 9192,
        "interestExpense": 232,
        "interestIncomeExpense": -232,
        "minorityInterest": -5,
        "netIncome": 68,
        "netIncomeAfterTaxes": 150,
        "otherOperatingExpensesTotal": 1952,
        "otherRevenue": 1299,
        "period": "2020-06-30",
        "pretaxIncome": 197,
        "provisionforIncomeTaxes": 47,
        "revenue": 14099,
        "sgaExpense": 1847,
        "totalOperatingExpense": 13670
      },
      {
        "benefitsClaimsLossAdjustment": 10430,
        "deferredPolicyAcquisitionExpense": 14,
        "dilutedAverageSharesOutstanding": 920,
        "dilutedEPS": 4.75,
        "ebit": 5865,
        "grossPremiumsEarned": 9905,
        "interestExpense": 222,
        "interestIncomeExpense": -222,
        "minorityInterest": -3,
        "netIncome": 4366,
        "netIncomeAfterTaxes": 4401,
        "otherOperatingExpensesTotal": 70,
        "otherRevenue": 1431,
        "period": "2020-03-31",
        "pretaxIncome": 5643,
        "provisionforIncomeTaxes": 1242,
        "revenue": 18310,
        "sgaExpense": 1931,
        "totalOperatingExpense": 12445
      },
      {
        "benefitsClaimsLossAdjustment": 13316,
        "deferredPolicyAcquisitionExpense": -41,
        "dilutedAverageSharesOutstanding": 925.2,
        "dilutedEPS": 0.58,
        "ebit": 317,
        "grossPremiumsEarned": 12371,
        "interestExpense": 224,
        "interestIncomeExpense": -224,
        "minorityInterest": 5,
        "netIncome": 536,
        "netIncomeAfterTaxes": 588,
        "nonRecurringItems": -130,
        "otherOperatingExpensesTotal": 1479,
        "otherRevenue": 1386,
        "period": "2019-12-31",
        "pretaxIncome": -37,
        "provisionforIncomeTaxes": -625,
        "revenue": 17273,
        "sgaExpense": 2202,
        "totalOperatingExpense": 16956
      },
      {
        "benefitsClaimsLossAdjustment": 12162,
        "deferredPolicyAcquisitionExpense": -85,
        "dilutedAverageSharesOutstanding": 936.4,
        "dilutedEPS": 2.3,
        "ebit": 3014,
        "grossPremiumsEarned": 11200,
        "interestExpense": 223,
        "interestIncomeExpense": -223,
        "minorityInterest": -6,
        "netIncome": 2152,
        "netIncomeAfterTaxes": 2190,
        "otherOperatingExpensesTotal": 1496,
        "otherRevenue": 1440,
        "period": "2019-09-30",
        "pretaxIncome": 2791,
        "provisionforIncomeTaxes": 601,
        "revenue": 18678,
        "sgaExpense": 2091,
        "totalOperatingExpense": 15664
      },
      {
        "benefitsClaimsLossAdjustment": 11463,
        "deferredPolicyAcquisitionExpense": -148,
        "dilutedAverageSharesOutstanding": 952.9,
        "dilutedEPS": 1.77,
        "ebit": 2571,
        "grossPremiumsEarned": 10607,
        "interestExpense": 274,
        "interestIncomeExpense": -274,
        "minorityInterest": -5,
        "netIncome": 1684,
        "netIncomeAfterTaxes": 1746,
        "otherOperatingExpensesTotal": 1505,
        "otherRevenue": 1412,
        "period": "2019-06-30",
        "pretaxIncome": 2297,
        "provisionforIncomeTaxes": 551,
        "revenue": 17497,
        "sgaExpense": 2106,
        "totalOperatingExpense": 14926
      },
      {
        "benefitsClaimsLossAdjustment": 10521,
        "deferredPolicyAcquisitionExpense": -188,
        "dilutedAverageSharesOutstanding": 963.3,
        "dilutedEPS": 1.4,
        "ebit": 1978,
        "grossPremiumsEarned": 9899,
        "interestExpense": 234,
        "interestIncomeExpense": -234,
        "minorityInterest": -4,
        "netIncome": 1349,
        "netIncomeAfterTaxes": 1385,
        "otherOperatingExpensesTotal": 1951,
        "otherRevenue": 1365,
        "period": "2019-03-31",
        "pretaxIncome": 1744,
        "provisionforIncomeTaxes": 359,
        "revenue": 16302,
        "sgaExpense": 2040,
        "totalOperatingExpense": 14324
      },
      {
        "benefitsClaimsLossAdjustment": 10442,
        "deferredPolicyAcquisitionExpense": 29,
        "dilutedAverageSharesOutstanding": 987.2,
        "dilutedEPS": 2.04,
        "ebit": 2771,
        "grossPremiumsEarned": 9719,
        "interestExpense": 260,
        "interestIncomeExpense": -260,
        "minorityInterest": 5,
        "netIncome": 2010,
        "netIncomeAfterTaxes": 2062,
        "nonRecurringItems": -40,
        "otherOperatingExpensesTotal": 475,
        "otherRevenue": 1397,
        "period": "2018-12-31",
        "pretaxIncome": 2471,
        "provisionforIncomeTaxes": 409,
        "revenue": 15702,
        "sgaExpense": 1985,
        "totalOperatingExpense": 12931
      },
      {
        "benefitsClaimsLossAdjustment": 11483,
        "deferredPolicyAcquisitionExpense": -78,
        "dilutedAverageSharesOutstanding": 1000.7,
        "dilutedEPS": 0.88,
        "ebit": 1346,
        "grossPremiumsEarned": 10721,
        "interestExpense": 267,
        "interestIncomeExpense": -267,
        "minorityInterest": -3,
        "netIncome": 880,
        "netIncomeAfterTaxes": 915,
        "otherOperatingExpensesTotal": 1327,
        "otherRevenue": 1343,
        "period": "2018-09-30",
        "pretaxIncome": 1079,
        "provisionforIncomeTaxes": 164,
        "revenue": 16289,
        "sgaExpense": 2211,
        "totalOperatingExpense": 14943
      },
      {
        "benefitsClaimsLossAdjustment": 16304,
        "deferredPolicyAcquisitionExpense": -127,
        "dilutedAverageSharesOutstanding": 1023.8,
        "dilutedEPS": 0.83,
        "ebit": 1410,
        "grossPremiumsEarned": 15628,
        "interestExpense": 309,
        "interestIncomeExpense": -309,
        "minorityInterest": -3,
        "netIncome": 845,
        "netIncomeAfterTaxes": 894,
        "otherOperatingExpensesTotal": 1408,
        "otherRevenue": 1370,
        "period": "2018-06-30",
        "pretaxIncome": 1101,
        "provisionforIncomeTaxes": 207,
        "revenue": 21185,
        "sgaExpense": 2190,
        "totalOperatingExpense": 19775
      },
      {
        "benefitsClaimsLossAdjustment": 10134,
        "deferredPolicyAcquisitionExpense": -103,
        "dilutedAverageSharesOutstanding": 1044.4,
        "dilutedEPS": 1.19,
        "ebit": 1942,
        "grossPremiumsEarned": 9652,
        "interestExpense": 286,
        "interestIncomeExpense": -286,
        "minorityInterest": -4,
        "netIncome": 1247,
        "netIncomeAfterTaxes": 1257,
        "otherOperatingExpensesTotal": 747,
        "otherRevenue": 1392,
        "period": "2018-03-31",
        "pretaxIncome": 1656,
        "provisionforIncomeTaxes": 399,
        "revenue": 14805,
        "sgaExpense": 2085,
        "totalOperatingExpense": 12863
      },
      {
        "benefitsClaimsLossAdjustment": 12233,
        "deferredPolicyAcquisitionExpense": -48,
        "dilutedAverageSharesOutstanding": 1062,
        "dilutedEPS": 2.19,
        "ebit": 1335,
        "grossPremiumsEarned": 9977,
        "interestExpense": 278,
        "interestIncomeExpense": -278,
        "minorityInterest": 2,
        "netIncome": 2336,
        "netIncomeAfterTaxes": 2078,
        "nonRecurringItems": -3,
        "otherOperatingExpensesTotal": 19,
        "otherRevenue": 1358,
        "period": "2017-12-31",
        "pretaxIncome": 1054,
        "provisionforIncomeTaxes": -1024,
        "revenue": 15996,
        "sgaExpense": 2457,
        "totalOperatingExpense": 14661
      },
      {
        "benefitsClaimsLossAdjustment": 12121,
        "deferredPolicyAcquisitionExpense": -135,
        "dilutedAverageSharesOutstanding": 1062.3,
        "dilutedEPS": -0.09,
        "ebit": 769,
        "grossPremiumsEarned": 11177,
        "interestExpense": 284,
        "interestIncomeExpense": -284,
        "minorityInterest": -6,
        "netIncome": -97,
        "netIncomeAfterTaxes": 883,
        "otherOperatingExpensesTotal": 1306,
        "otherRevenue": 1428,
        "period": "2017-09-30",
        "pretaxIncome": 485,
        "provisionforIncomeTaxes": -398,
        "revenue": 16171,
        "sgaExpense": 2110,
        "totalOperatingExpense": 15402
      },
      {
        "benefitsClaimsLossAdjustment": 10733,
        "deferredPolicyAcquisitionExpense": -88,
        "dilutedAverageSharesOutstanding": 1082.1,
        "dilutedEPS": 0.79,
        "ebit": 1302,
        "grossPremiumsEarned": 9872,
        "interestExpense": 284,
        "interestIncomeExpense": -284,
        "minorityInterest": -3,
        "netIncome": 865,
        "netIncomeAfterTaxes": 856,
        "otherOperatingExpensesTotal": 1254,
        "otherRevenue": 1364,
        "period": "2017-06-30",
        "pretaxIncome": 1018,
        "provisionforIncomeTaxes": 162,
        "revenue": 15333,
        "sgaExpense": 2132,
        "totalOperatingExpense": 14031
      },
      {
        "benefitsClaimsLossAdjustment": 10167,
        "deferredPolicyAcquisitionExpense": -50,
        "dilutedAverageSharesOutstanding": 1098.7,
        "dilutedEPS": 0.78,
        "ebit": 1355,
        "grossPremiumsEarned": 9307,
        "interestExpense": 283,
        "interestIncomeExpense": -283,
        "minorityInterest": -3,
        "netIncome": 867,
        "netIncomeAfterTaxes": 952,
        "otherOperatingExpensesTotal": 1408,
        "otherRevenue": 1360,
        "period": "2017-03-31",
        "pretaxIncome": 1072,
        "provisionforIncomeTaxes": 120,
        "revenue": 14964,
        "sgaExpense": 2084,
        "totalOperatingExpense": 13609
      },
      {
        "benefitsClaimsLossAdjustment": 12005,
        "deferredPolicyAcquisitionExpense": -64,
        "dilutedAverageSharesOutstanding": 1100.2,
        "dilutedEPS": -1.89,
        "ebit": -935,
        "grossPremiumsEarned": 9622,
        "interestExpense": 282,
        "interestIncomeExpense": -282,
        "minorityInterest": -2,
        "netIncome": -2083,
        "netIncomeAfterTaxes": -681,
        "nonRecurringItems": -24,
        "otherOperatingExpensesTotal": -66,
        "otherRevenue": 1356,
        "period": "2016-12-31",
        "pretaxIncome": -1241,
        "provisionforIncomeTaxes": -560,
        "revenue": 12856,
        "sgaExpense": 1916,
        "totalOperatingExpense": 13791
      },
      {
        "benefitsClaimsLossAdjustment": 10471,
        "deferredPolicyAcquisitionExpense": -110,
        "dilutedAverageSharesOutstanding": 1109.3,
        "dilutedEPS": 0.51,
        "ebit": 1448,
        "grossPremiumsEarned": 10195,
        "interestExpense": 280,
        "interestIncomeExpense": -280,
        "minorityInterest": 4,
        "netIncome": 571,
        "netIncomeAfterTaxes": 1024,
        "nonRecurringItems": -9,
        "otherOperatingExpensesTotal": 1825,
        "otherRevenue": 1341,
        "period": "2016-09-30",
        "pretaxIncome": 1159,
        "provisionforIncomeTaxes": 135,
        "revenue": 15842,
        "sgaExpense": 2208,
        "totalOperatingExpense": 14394
      },
      {
        "benefitsClaimsLossAdjustment": 8811,
        "deferredPolicyAcquisitionExpense": -274,
        "dilutedAverageSharesOutstanding": 1121.867,
        "dilutedEPS": 0.05,
        "ebit": 1720,
        "grossPremiumsEarned": 8890,
        "interestExpense": 283,
        "interestIncomeExpense": -283,
        "minorityInterest": -4,
        "netIncome": 64,
        "netIncomeAfterTaxes": 1042,
        "nonRecurringItems": 4,
        "otherOperatingExpensesTotal": 1163,
        "otherRevenue": 442,
        "period": "2016-06-30",
        "pretaxIncome": 1441,
        "provisionforIncomeTaxes": 399,
        "revenue": 13685,
        "sgaExpense": 2265,
        "totalOperatingExpense": 11965
      },
      {
        "benefitsClaimsLossAdjustment": 10812,
        "deferredPolicyAcquisitionExpense": 14,
        "dilutedAverageSharesOutstanding": 1108.622,
        "dilutedEPS": 1.98,
        "ebit": 3312,
        "grossPremiumsEarned": 10180,
        "interestExpense": 312,
        "interestIncomeExpense": -312,
        "minorityInterest": -2,
        "netIncome": 2195,
        "netIncomeAfterTaxes": 2203,
        "nonRecurringItems": -78,
        "otherOperatingExpensesTotal": 1700,
        "otherRevenue": 2344,
        "period": "2016-03-31",
        "pretaxIncome": 2922,
        "provisionforIncomeTaxes": 719,
        "revenue": 18511,
        "sgaExpense": 2673,
        "totalOperatingExpense": 15199
      },
      {
        "benefitsClaimsLossAdjustment": 10906,
        "deferredPolicyAcquisitionExpense": -104,
        "dilutedAverageSharesOutstanding": 1121.255,
        "dilutedEPS": 0.71,
        "ebit": 1478,
        "grossPremiumsEarned": 10091,
        "interestExpense": 300,
        "interestIncomeExpense": -300,
        "minorityInterest": -8,
        "netIncome": 785,
        "netIncomeAfterTaxes": 842,
        "nonRecurringItems": -43,
        "otherOperatingExpensesTotal": 2154,
        "otherRevenue": 2333,
        "period": "2015-12-31",
        "pretaxIncome": 1135,
        "provisionforIncomeTaxes": 293,
        "revenue": 17087,
        "sgaExpense": 2653,
        "totalOperatingExpense": 15609
      },
      {
        "benefitsClaimsLossAdjustment": 11437,
        "deferredPolicyAcquisitionExpense": 176,
        "dilutedAverageSharesOutstanding": 1129.941,
        "dilutedEPS": 1.06,
        "ebit": 2492,
        "grossPremiumsEarned": 10859,
        "interestExpense": 302,
        "interestIncomeExpense": -302,
        "minorityInterest": 5,
        "netIncome": 1197,
        "netIncomeAfterTaxes": 1198,
        "nonRecurringItems": -27,
        "otherOperatingExpensesTotal": 1435,
        "otherRevenue": 2346,
        "period": "2015-09-30",
        "pretaxIncome": 2163,
        "provisionforIncomeTaxes": 965,
        "revenue": 18058,
        "sgaExpense": 2518,
        "totalOperatingExpense": 15566
      }
    ],
    "symbol": "MET"
  }
}