{
  "symbol": "AJG",
  "statement": "ic",
  "frequency": "annual",
  "timestamp": "2025-09-19T13:56:19.077773",
  "data": {
    "financials": [
      {
        "costOfGoodsSold": 6314.9,
        "depreciationAmortization": 842.3,
        "dilutedAverageSharesOutstanding": 225,
        "dilutedEPS": 6.5009,
        "ebit": 2751,
        "grossIncome": 5240,
        "interestExpense": 381.3,
        "interestIncomeExpense": -381.4,
        "minorityInterest": -7.7,
        "netIncome": 1462.7,
        "netIncomeAfterTaxes": 1470.4,
        "nonRecurringItems": -494.8,
        "otherOperatingExpensesTotal": 1476.8,
        "period": "2024-12-31",
        "pretaxIncome": 1874.8,
        "provisionforIncomeTaxes": 404.4,
        "revenue": 11554.9,
        "sgaExpense": 169.9,
        "totalOperatingExpense": 2489,
        "year": 2024
      },
      {
        "costOfGoodsSold": 5554.7,
        "depreciationAmortization": 696.5,
        "dilutedAverageSharesOutstanding": 219.3,
        "dilutedEPS": 4.4209,
        "ebit": 1798.7,
        "grossIncome": 4517.2,
        "interestExpense": 296.7,
        "interestIncomeExpense": -306.5,
        "minorityInterest": 3.5,
        "netIncome": 969.5,
        "netIncomeAfterTaxes": 966,
        "nonRecurringItems": -307.1,
        "otherOperatingExpensesTotal": 1860.9,
        "period": "2023-12-31",
        "pretaxIncome": 1185.1,
        "provisionforIncomeTaxes": 219.1,
        "revenue": 10071.9,
        "sgaExpense": 161.1,
        "totalOperatingExpense": 2718.5,
        "year": 2023
      },
      {
        "costOfGoodsSold": 4762.1,
        "depreciationAmortization": 599.6,
        "dilutedAverageSharesOutstanding": 214.7,
        "dilutedEPS": 5.19,
        "ebit": 1918.9,
        "grossIncome": 3788.5,
        "interestExpense": 256.9,
        "interestIncomeExpense": -287.5,
        "minorityInterest": -1.8,
        "netIncome": 1114.2,
        "netIncomeAfterTaxes": 1116,
        "nonRecurringItems": -304.4,
        "otherOperatingExpensesTotal": 1248.3,
        "period": "2022-12-31",
        "pretaxIncome": 1327,
        "provisionforIncomeTaxes": 211,
        "revenue": 8550.6,
        "sgaExpense": 21.7,
        "totalOperatingExpense": 1869.6,
        "year": 2022
      },
      {
        "costOfGoodsSold": 5167.8,
        "depreciationAmortization": 566.3,
        "dilutedAverageSharesOutstanding": 207.3,
        "dilutedEPS": 4.37,
        "ebit": 1338.6,
        "grossIncome": 3041.6,
        "interestExpense": 226.1,
        "interestIncomeExpense": -226.8,
        "minorityInterest": -48.2,
        "netIncome": 906.8,
        "netIncomeAfterTaxes": 955,
        "nonRecurringItems": -136.7,
        "otherOperatingExpensesTotal": 1116.1,
        "period": "2021-12-31",
        "pretaxIncome": 975.1,
        "provisionforIncomeTaxes": 20.1,
        "revenue": 8209.4,
        "sgaExpense": 20.6,
        "totalOperatingExpense": 1703,
        "year": 2021
      },
      {
        "costOfGoodsSold": 4430.5,
        "depreciationAmortization": 562.4,
        "dilutedAverageSharesOutstanding": 195,
        "dilutedEPS": 4.2,
        "ebit": 1165.2,
        "grossIncome": 2573.1,
        "interestExpense": 196.4,
        "interestIncomeExpense": -196.7,
        "minorityInterest": -39.3,
        "netIncome": 818.8,
        "netIncomeAfterTaxes": 858.1,
        "nonRecurringItems": -97.6,
        "otherOperatingExpensesTotal": 719,
        "period": "2020-12-31",
        "pretaxIncome": 870.9,
        "provisionforIncomeTaxes": 12.8,
        "revenue": 7003.6,
        "sgaExpense": 126.5,
        "totalOperatingExpense": 1407.9,
        "year": 2020
      },
      {
        "costOfGoodsSold": 4830.9,
        "depreciationAmortization": 474.4,
        "dilutedAverageSharesOutstanding": 190.1,
        "dilutedEPS": 3.52,
        "ebit": 805.9,
        "grossIncome": 2364.1,
        "interestExpense": 179.8,
        "interestIncomeExpense": -179.8,
        "minorityInterest": -47,
        "netIncome": 668.8,
        "netIncomeAfterTaxes": 715.8,
        "otherOperatingExpensesTotal": 1083.8,
        "period": "2019-12-31",
        "pretaxIncome": 626.1,
        "provisionforIncomeTaxes": -89.7,
        "revenue": 7195,
        "totalOperatingExpense": 1558.2,
        "year": 2019
      },
      {
        "costOfGoodsSold": 4983.9,
        "depreciationAmortization": 419,
        "dilutedAverageSharesOutstanding": 186.2,
        "dilutedEPS": 3.4,
        "ebit": 617.8,
        "grossIncome": 1950.1,
        "interestExpense": 138.4,
        "interestIncomeExpense": -138.4,
        "minorityInterest": -42.4,
        "netIncome": 633.5,
        "netIncomeAfterTaxes": 684.8,
        "otherOperatingExpensesTotal": 913.3,
        "period": "2018-12-31",
        "pretaxIncome": 479.4,
        "provisionforIncomeTaxes": -205.4,
        "revenue": 6934,
        "totalOperatingExpense": 1332.3,
        "year": 2018
      },
      {
        "costOfGoodsSold": 4519.3,
        "depreciationAmortization": 385.8,
        "dilutedAverageSharesOutstanding": 182.1,
        "dilutedEPS": 2.64,
        "ebit": 483.9,
        "grossIncome": 1729.7,
        "interestExpense": 124.1,
        "interestIncomeExpense": -124.1,
        "minorityInterest": -35.6,
        "netIncome": 481.3,
        "netIncomeAfterTaxes": 553.7,
        "otherOperatingExpensesTotal": 860,
        "period": "2017-12-31",
        "pretaxIncome": 359.8,
        "provisionforIncomeTaxes": -193.9,
        "revenue": 6249,
        "totalOperatingExpense": 1245.8,
        "year": 2017
      },
      {
        "costOfGoodsSold": 4077.9,
        "depreciationAmortization": 350.8,
        "dilutedAverageSharesOutstanding": 178.4,
        "dilutedEPS": 2.22,
        "ebit": 443.4,
        "grossIncome": 1602.6,
        "interestExpense": 109.8,
        "interestIncomeExpense": -109.8,
        "minorityInterest": -33.5,
        "netIncome": 396.8,
        "netIncomeAfterTaxes": 430.3,
        "otherOperatingExpensesTotal": 808.4,
        "period": "2016-12-31",
        "pretaxIncome": 333.6,
        "provisionforIncomeTaxes": -96.7,
        "revenue": 5680.5,
        "totalOperatingExpense": 1159.2,
        "year": 2016
      },
      {
        "costOfGoodsSold": 3780.4,
        "depreciationAmortization": 334.2,
        "dilutedAverageSharesOutstanding": 173.2,
        "dilutedEPS": 2.06,
        "ebit": 396.5,
        "grossIncome": 1612,
        "interestExpense": 103,
        "interestIncomeExpense": -103,
        "minorityInterest": -32.3,
        "netIncome": 356.8,
        "netIncomeAfterTaxes": 389.1,
        "otherOperatingExpensesTotal": 881.3,
        "period": "2015-12-31",
        "pretaxIncome": 293.5,
        "provisionforIncomeTaxes": -95.6,
        "revenue": 5392.4,
        "totalOperatingExpense": 1215.5,
        "year": 2015
      }
    ],
    "symbol": "AJG"
  }
}