{
  "symbol": "MKTX",
  "statement": "ic",
  "frequency": "annual",
  "timestamp": "2025-09-19T14:03:29.973139",
  "data": {
    "financials": [
      {
        "costOfGoodsSold": 89.639,
        "depreciationAmortization": 73.824,
        "dilutedAverageSharesOutstanding": 37.672,
        "dilutedEPS": 7.2781,
        "ebit": 340.546,
        "grossIncome": 727.134,
        "interestExpense": 1.601,
        "interestIncomeExpense": 24.15,
        "netIncome": 274.181,
        "netIncomeAfterTaxes": 274.181,
        "period": "2024-12-31",
        "pretaxIncome": 360.546,
        "provisionforIncomeTaxes": 86.365,
        "revenue": 816.773,
        "sgaExpense": 312.764,
        "totalOperatingExpense": 386.588,
        "totalOtherIncomeExpenseNet": -4.15,
        "year": 2024
      },
      {
        "costOfGoodsSold": 79.705,
        "depreciationAmortization": 70.557,
        "dilutedAverageSharesOutstanding": 37.654,
        "dilutedEPS": 6.8533,
        "ebit": 314.87,
        "grossIncome": 672.693,
        "interestExpense": 1.983,
        "interestIncomeExpense": 23.277,
        "netIncome": 258.055,
        "netIncomeAfterTaxes": 258.055,
        "otherOperatingExpensesTotal": 0,
        "period": "2023-12-31",
        "pretaxIncome": 332.7,
        "provisionforIncomeTaxes": 74.645,
        "revenue": 752.398,
        "sgaExpense": 287.266,
        "totalOperatingExpense": 357.823,
        "totalOtherIncomeExpenseNet": -5.447,
        "year": 2023
      },
      {
        "costOfGoodsSold": 53,
        "depreciationAmortization": 61.4,
        "dilutedAverageSharesOutstanding": 37.6,
        "dilutedEPS": 6.65,
        "ebit": 326.9,
        "grossIncome": 665.3,
        "interestExpense": 0.7,
        "interestIncomeExpense": 5.5,
        "netIncome": 250.2,
        "netIncomeAfterTaxes": 250.2,
        "otherOperatingExpensesTotal": 17.7,
        "period": "2022-12-31",
        "pretaxIncome": 338.3,
        "provisionforIncomeTaxes": 88.1,
        "revenue": 718.3,
        "sgaExpense": 259.4,
        "totalOperatingExpense": 338.4,
        "totalOtherIncomeExpenseNet": 5.9,
        "year": 2022
      },
      {
        "costOfGoodsSold": 42.5,
        "depreciationAmortization": 53.4,
        "dilutedAverageSharesOutstanding": 38.1,
        "dilutedEPS": 6.77,
        "ebit": 337.2,
        "grossIncome": 656.5,
        "interestExpense": 0.842,
        "interestIncomeExpense": -0.4,
        "netIncome": 257.9,
        "netIncomeAfterTaxes": 257.9,
        "otherOperatingExpensesTotal": 16.1,
        "period": "2021-12-31",
        "pretaxIncome": 333.9,
        "provisionforIncomeTaxes": 76,
        "revenue": 699,
        "sgaExpense": 249.7,
        "totalOperatingExpense": 319.2,
        "totalOtherIncomeExpenseNet": -2.9,
        "year": 2021
      },
      {
        "costOfGoodsSold": 34.1,
        "depreciationAmortization": 36,
        "dilutedAverageSharesOutstanding": 38.1,
        "dilutedEPS": 7.85,
        "ebit": 374.7,
        "grossIncome": 655,
        "interestExpense": 1.142,
        "interestIncomeExpense": 1.3,
        "netIncome": 299.4,
        "netIncomeAfterTaxes": 299.4,
        "otherOperatingExpensesTotal": 21.1,
        "period": "2020-12-31",
        "pretaxIncome": 374.4,
        "provisionforIncomeTaxes": 75,
        "revenue": 689.1,
        "sgaExpense": 223.3,
        "totalOperatingExpense": 280.3,
        "totalOtherIncomeExpenseNet": -1.7,
        "year": 2020
      },
      {
        "costOfGoodsSold": 26.8,
        "depreciationAmortization": 26.9,
        "dilutedAverageSharesOutstanding": 38,
        "dilutedEPS": 5.4,
        "ebit": 250.9,
        "grossIncome": 484.6,
        "interestIncomeExpense": 8.1,
        "netIncome": 204.9,
        "netIncomeAfterTaxes": 204.9,
        "otherOperatingExpensesTotal": 11.3,
        "period": "2019-12-31",
        "pretaxIncome": 257.4,
        "provisionforIncomeTaxes": 52.5,
        "revenue": 511.4,
        "sgaExpense": 195.5,
        "totalOperatingExpense": 233.7,
        "totalOtherIncomeExpenseNet": -1.5,
        "year": 2019
      },
      {
        "costOfGoodsSold": 23.9,
        "depreciationAmortization": 23.1,
        "dilutedAverageSharesOutstanding": 37.9,
        "dilutedEPS": 4.56,
        "ebit": 212.6,
        "grossIncome": 411.7,
        "interestIncomeExpense": 6.1,
        "netIncome": 172.9,
        "netIncomeAfterTaxes": 172.5,
        "otherOperatingExpensesTotal": 7.8,
        "period": "2018-12-31",
        "pretaxIncome": 218.1,
        "provisionforIncomeTaxes": 45.6,
        "revenue": 435.6,
        "sgaExpense": 168.3,
        "totalOperatingExpense": 199.1,
        "totalOtherIncomeExpenseNet": -0.6,
        "year": 2018
      },
      {
        "costOfGoodsSold": 20,
        "depreciationAmortization": 19.3,
        "dilutedAverageSharesOutstanding": 38,
        "dilutedEPS": 3.89,
        "ebit": 199.6,
        "grossIncome": 373.4,
        "interestIncomeExpense": 3.6,
        "netIncome": 148.1,
        "netIncomeAfterTaxes": 159.8,
        "otherOperatingExpensesTotal": 5.8,
        "period": "2017-12-31",
        "pretaxIncome": 201.8,
        "provisionforIncomeTaxes": 42,
        "revenue": 393.4,
        "sgaExpense": 148.7,
        "totalOperatingExpense": 173.8,
        "totalOtherIncomeExpenseNet": -1.5,
        "year": 2017
      },
      {
        "costOfGoodsSold": 34.5,
        "depreciationAmortization": 17.8,
        "dilutedAverageSharesOutstanding": 37.7,
        "dilutedEPS": 3.34,
        "ebit": 191.6,
        "grossIncome": 335.5,
        "netIncome": 126.2,
        "netIncomeAfterTaxes": 126.2,
        "period": "2016-12-31",
        "pretaxIncome": 191.6,
        "provisionforIncomeTaxes": 65.4,
        "revenue": 369.9,
        "sgaExpense": 126,
        "totalOperatingExpense": 143.8,
        "year": 2016
      },
      {
        "costOfGoodsSold": 29,
        "depreciationAmortization": 18.5,
        "dilutedAverageSharesOutstanding": 37.6,
        "dilutedEPS": 2.55,
        "ebit": 147.9,
        "grossIncome": 274.1,
        "netIncome": 96,
        "netIncomeAfterTaxes": 96,
        "period": "2015-12-31",
        "pretaxIncome": 147.9,
        "provisionforIncomeTaxes": 51.9,
        "revenue": 303.1,
        "sgaExpense": 107.7,
        "totalOperatingExpense": 126.2,
        "year": 2015
      }
    ],
    "symbol": "MKTX"
  }
}