{
  "symbol": "CMS",
  "statement": "ic",
  "frequency": "quarterly",
  "timestamp": "2025-09-19T13:58:09.919093",
  "data": {
    "financials": [
      {
        "costOfGoodsSold": 593,
        "depreciationAmortization": 288,
        "dilutedAverageSharesOutstanding": 299.1,
        "dilutedEPS": 0.6617,
        "ebit": 317,
        "grossIncome": 1245,
        "interestIncomeExpense": -199,
        "minorityInterest": 8,
        "netIncome": 198,
        "netIncomeAfterTaxes": 192.9,
        "operationsMaintenance": 397,
        "otherOperatingExpensesTotal": 109,
        "otherRevenue": 92,
        "period": "2025-06-30",
        "pretaxIncome": 255,
        "provisionforIncomeTaxes": 62.1,
        "purchasedFuelPowerGas": 134,
        "revenue": 1838,
        "totalOperatingExpense": 928,
        "totalOtherIncomeExpenseNet": 137
      },
      {
        "costOfGoodsSold": 781,
        "depreciationAmortization": 388,
        "dilutedAverageSharesOutstanding": 299.1,
        "dilutedEPS": 0.9983,
        "ebit": 494,
        "grossIncome": 1666,
        "interestExpense": 187,
        "interestIncomeExpense": -187,
        "minorityInterest": 9,
        "netIncome": 302,
        "netIncomeAfterTaxes": 291.6,
        "operationsMaintenance": 405,
        "otherOperatingExpensesTotal": 162,
        "otherRevenue": 99,
        "period": "2025-03-31",
        "pretaxIncome": 358,
        "provisionforIncomeTaxes": 66.4,
        "purchasedFuelPowerGas": 217,
        "revenue": 2447,
        "totalOperatingExpense": 1172,
        "totalOtherIncomeExpenseNet": 51
      },
      {
        "costOfGoodsSold": 517,
        "depreciationAmortization": 326,
        "dilutedAverageSharesOutstanding": 298.6,
        "dilutedEPS": 0.87,
        "ebit": 425,
        "grossIncome": 1472,
        "interestExpense": 180,
        "interestIncomeExpense": -180,
        "minorityInterest": 10,
        "netIncome": 262,
        "netIncomeAfterTaxes": 215.8,
        "nonRecurringItems": 110,
        "operationsMaintenance": 420,
        "otherOperatingExpensesTotal": 126,
        "otherRevenue": 81,
        "period": "2024-12-31",
        "pretaxIncome": 306,
        "provisionforIncomeTaxes": 90.2,
        "purchasedFuelPowerGas": 175,
        "revenue": 1989,
        "totalOperatingExpense": 1047,
        "totalOtherIncomeExpenseNet": -49
      },
      {
        "costOfGoodsSold": 413,
        "depreciationAmortization": 273,
        "dilutedAverageSharesOutstanding": 298.8,
        "dilutedEPS": 0.8394,
        "ebit": 367,
        "grossIncome": 1330,
        "interestExpense": 178,
        "interestIncomeExpense": -178,
        "minorityInterest": 6,
        "netIncome": 251,
        "netIncomeAfterTaxes": 246.8,
        "operationsMaintenance": 412,
        "otherOperatingExpensesTotal": 99,
        "otherRevenue": 82,
        "period": "2024-09-30",
        "pretaxIncome": 273,
        "provisionforIncomeTaxes": 26.2,
        "purchasedFuelPowerGas": 179,
        "revenue": 1743,
        "totalOperatingExpense": 963,
        "totalOtherIncomeExpenseNet": 84
      },
      {
        "costOfGoodsSold": 431,
        "depreciationAmortization": 273,
        "dilutedAverageSharesOutstanding": 298.5,
        "dilutedEPS": 0.6536,
        "ebit": 283,
        "grossIncome": 1176,
        "interestExpense": 173,
        "interestIncomeExpense": -173,
        "minorityInterest": 16,
        "netIncome": 195,
        "netIncomeAfterTaxes": 182.1,
        "operationsMaintenance": 404,
        "otherOperatingExpensesTotal": 102,
        "otherRevenue": 74,
        "period": "2024-06-30",
        "pretaxIncome": 223,
        "provisionforIncomeTaxes": 40.9,
        "purchasedFuelPowerGas": 114,
        "revenue": 1607,
        "totalOperatingExpense": 893,
        "totalOtherIncomeExpenseNet": 113
      },
      {
        "costOfGoodsSold": 683,
        "depreciationAmortization": 368,
        "dilutedAverageSharesOutstanding": 297.2,
        "dilutedEPS": 0.9465,
        "ebit": 412,
        "grossIncome": 1493,
        "interestExpense": 177,
        "interestIncomeExpense": -177,
        "minorityInterest": 24,
        "netIncome": 285,
        "netIncomeAfterTaxes": 259.3,
        "operationsMaintenance": 402,
        "otherOperatingExpensesTotal": 155,
        "otherRevenue": 79,
        "period": "2024-03-31",
        "pretaxIncome": 321,
        "provisionforIncomeTaxes": 61.7,
        "purchasedFuelPowerGas": 156,
        "revenue": 2176,
        "totalOperatingExpense": 1081,
        "totalOtherIncomeExpenseNet": 86
      },
      {
        "costOfGoodsSold": 562,
        "depreciationAmortization": 310,
        "dilutedAverageSharesOutstanding": 292.9,
        "dilutedEPS": 1.04,
        "ebit": 406,
        "grossIncome": 1388,
        "interestExpense": 172,
        "interestIncomeExpense": -172,
        "minorityInterest": 58,
        "netIncome": 306,
        "netIncomeAfterTaxes": 214.9,
        "nonRecurringItems": 131,
        "operationsMaintenance": 403,
        "otherOperatingExpensesTotal": 117,
        "otherRevenue": 75,
        "period": "2023-12-31",
        "pretaxIncome": 317,
        "provisionforIncomeTaxes": 102.1,
        "purchasedFuelPowerGas": 152,
        "revenue": 1950,
        "totalOperatingExpense": 982,
        "totalOtherIncomeExpenseNet": -48
      },
      {
        "costOfGoodsSold": 440,
        "depreciationAmortization": 262,
        "dilutedAverageSharesOutstanding": 291.4,
        "dilutedEPS": 0.5971,
        "ebit": 271,
        "grossIncome": 1233,
        "interestExpense": 164,
        "interestIncomeExpense": -164,
        "minorityInterest": 3,
        "netIncome": 174,
        "netIncomeAfterTaxes": 173,
        "operationsMaintenance": 447,
        "otherOperatingExpensesTotal": 91,
        "otherRevenue": 78,
        "period": "2023-09-30",
        "pretaxIncome": 184,
        "provisionforIncomeTaxes": 11,
        "purchasedFuelPowerGas": 162,
        "revenue": 1673,
        "totalOperatingExpense": 962,
        "totalOtherIncomeExpenseNet": 77
      },
      {
        "costOfGoodsSold": 443,
        "depreciationAmortization": 255,
        "dilutedAverageSharesOutstanding": 291.3,
        "dilutedEPS": 0.666,
        "ebit": 244,
        "grossIncome": 1112,
        "interestExpense": 160,
        "interestIncomeExpense": -160,
        "minorityInterest": 8,
        "netIncome": 195,
        "netIncomeAfterTaxes": 189,
        "operationsMaintenance": 406,
        "otherOperatingExpensesTotal": 97,
        "otherRevenue": 70,
        "period": "2023-06-30",
        "pretaxIncome": 230,
        "provisionforIncomeTaxes": 41,
        "purchasedFuelPowerGas": 110,
        "revenue": 1555,
        "totalOperatingExpense": 868,
        "totalOtherIncomeExpenseNet": 146
      },
      {
        "costOfGoodsSold": 907,
        "depreciationAmortization": 353,
        "dilutedAverageSharesOutstanding": 291.2,
        "dilutedEPS": 0.6937,
        "ebit": 314,
        "grossIncome": 1377,
        "interestExpense": 147,
        "interestIncomeExpense": -147,
        "minorityInterest": 10,
        "netIncome": 202,
        "netIncomeAfterTaxes": 194,
        "operationsMaintenance": 431,
        "otherOperatingExpensesTotal": 142,
        "otherRevenue": 74,
        "period": "2023-03-31",
        "pretaxIncome": 223,
        "provisionforIncomeTaxes": 29,
        "purchasedFuelPowerGas": 137,
        "revenue": 2284,
        "totalOperatingExpense": 1063,
        "totalOtherIncomeExpenseNet": 56
      },
      {
        "costOfGoodsSold": 892,
        "depreciationAmortization": 296,
        "dilutedAverageSharesOutstanding": 290,
        "dilutedEPS": 0.57,
        "ebit": 271,
        "grossIncome": 1386,
        "interestExpense": 139,
        "interestIncomeExpense": -135,
        "minorityInterest": 8,
        "netIncome": 168,
        "netIncomeAfterTaxes": 98,
        "operationsMaintenance": 530,
        "otherOperatingExpensesTotal": 104,
        "otherRevenue": 98,
        "period": "2022-12-31",
        "pretaxIncome": 184,
        "provisionforIncomeTaxes": 86,
        "purchasedFuelPowerGas": 185,
        "revenue": 2278,
        "totalOperatingExpense": 1115,
        "totalOtherIncomeExpenseNet": 46
      },
      {
        "costOfGoodsSold": 711,
        "depreciationAmortization": 243,
        "dilutedAverageSharesOutstanding": 290.1,
        "dilutedEPS": 0.5619,
        "ebit": 258,
        "grossIncome": 1313,
        "interestExpense": 130,
        "interestIncomeExpense": -128,
        "minorityInterest": 2,
        "netIncome": 163,
        "netIncomeAfterTaxes": 163,
        "operationsMaintenance": 413,
        "otherOperatingExpensesTotal": 87,
        "otherRevenue": 138,
        "period": "2022-09-30",
        "pretaxIncome": 182,
        "provisionforIncomeTaxes": 19,
        "purchasedFuelPowerGas": 312,
        "revenue": 2024,
        "totalOperatingExpense": 1055,
        "totalOtherIncomeExpenseNet": 51
      },
      {
        "costOfGoodsSold": 717,
        "depreciationAmortization": 242,
        "dilutedAverageSharesOutstanding": 290.1,
        "dilutedEPS": 0.4998,
        "ebit": 239,
        "grossIncome": 1203,
        "interestExpense": 126,
        "interestIncomeExpense": -125,
        "minorityInterest": 6,
        "netIncome": 145,
        "netIncomeAfterTaxes": 142,
        "operationsMaintenance": 392,
        "otherOperatingExpensesTotal": 89,
        "otherRevenue": 118,
        "period": "2022-06-30",
        "pretaxIncome": 156,
        "provisionforIncomeTaxes": 14,
        "purchasedFuelPowerGas": 241,
        "revenue": 1920,
        "totalOperatingExpense": 964,
        "totalOtherIncomeExpenseNet": 41
      },
      {
        "costOfGoodsSold": 940,
        "depreciationAmortization": 345,
        "dilutedAverageSharesOutstanding": 289.9,
        "dilutedEPS": 1.197,
        "ebit": 456,
        "grossIncome": 1434,
        "interestExpense": 124,
        "interestIncomeExpense": -123,
        "minorityInterest": 8,
        "netIncome": 351,
        "netIncomeAfterTaxes": 341,
        "operationsMaintenance": 334,
        "otherOperatingExpensesTotal": 132,
        "otherRevenue": 91,
        "period": "2022-03-31",
        "pretaxIncome": 380,
        "provisionforIncomeTaxes": 39,
        "purchasedFuelPowerGas": 167,
        "revenue": 2374,
        "totalOperatingExpense": 978,
        "totalOtherIncomeExpenseNet": 45
      },
      {
        "costOfGoodsSold": 759,
        "depreciationAmortization": 282,
        "dilutedAverageSharesOutstanding": 289.8,
        "dilutedEPS": 2.19,
        "ebit": 204,
        "grossIncome": 1274,
        "interestExpense": 126,
        "interestIncomeExpense": -123,
        "minorityInterest": 5,
        "netIncome": 637,
        "netIncomeAfterTaxes": 64,
        "operationsMaintenance": 534,
        "otherOperatingExpensesTotal": 99,
        "otherRevenue": 86,
        "period": "2021-12-31",
        "pretaxIncome": 119,
        "provisionforIncomeTaxes": 55,
        "purchasedFuelPowerGas": 155,
        "revenue": 2033,
        "totalOperatingExpense": 1070,
        "totalOtherIncomeExpenseNet": 38
      },
      {
        "costOfGoodsSold": 540,
        "depreciationAmortization": 250,
        "dilutedAverageSharesOutstanding": 289.6,
        "dilutedEPS": 0.64,
        "ebit": 260,
        "grossIncome": 1185,
        "interestExpense": 125,
        "interestIncomeExpense": -121,
        "minorityInterest": 6,
        "netIncome": 186,
        "netIncomeAfterTaxes": 153,
        "operationsMaintenance": 410,
        "otherOperatingExpensesTotal": 81,
        "otherRevenue": 81,
        "period": "2021-09-30",
        "pretaxIncome": 179,
        "provisionforIncomeTaxes": 26,
        "purchasedFuelPowerGas": 184,
        "revenue": 1725,
        "totalOperatingExpense": 925,
        "totalOtherIncomeExpenseNet": 38
      },
      {
        "costOfGoodsSold": 504,
        "depreciationAmortization": 244,
        "dilutedAverageSharesOutstanding": 289.4,
        "dilutedEPS": 0.6,
        "ebit": 252,
        "grossIncome": 1054,
        "interestExpense": 125,
        "interestIncomeExpense": -122,
        "minorityInterest": 5,
        "netIncome": 176,
        "netIncomeAfterTaxes": 153,
        "operationsMaintenance": 355,
        "otherOperatingExpensesTotal": 87,
        "otherRevenue": 65,
        "period": "2021-06-30",
        "pretaxIncome": 175,
        "provisionforIncomeTaxes": 22,
        "purchasedFuelPowerGas": 116,
        "revenue": 1558,
        "totalOperatingExpense": 802,
        "totalOtherIncomeExpenseNet": 43
      },
      {
        "costOfGoodsSold": 674,
        "depreciationAmortization": 340,
        "dilutedAverageSharesOutstanding": 289.1,
        "dilutedEPS": 1.19,
        "ebit": 485,
        "grossIncome": 1409,
        "interestExpense": 124,
        "interestIncomeExpense": -133,
        "minorityInterest": 7,
        "netIncome": 349,
        "netIncomeAfterTaxes": 336.7,
        "operationsMaintenance": 323,
        "otherOperatingExpensesTotal": 123,
        "otherRevenue": 146,
        "period": "2021-03-31",
        "pretaxIncome": 393,
        "provisionforIncomeTaxes": 56.3,
        "purchasedFuelPowerGas": 138,
        "revenue": 2083,
        "totalOperatingExpense": 924,
        "totalOtherIncomeExpenseNet": 41
      },
      {
        "costOfGoodsSold": 549,
        "depreciationAmortization": 281,
        "dilutedAverageSharesOutstanding": 286.3,
        "dilutedEPS": 0.55,
        "ebit": 352,
        "grossIncome": 1249,
        "interestExpense": 127,
        "interestIncomeExpense": -135,
        "minorityInterest": -4,
        "netIncome": 158,
        "netIncomeAfterTaxes": 131,
        "operationsMaintenance": 420,
        "otherOperatingExpensesTotal": 95,
        "otherRevenue": 133,
        "period": "2020-12-31",
        "pretaxIncome": 197,
        "provisionforIncomeTaxes": 66,
        "purchasedFuelPowerGas": 101,
        "revenue": 1798,
        "totalOperatingExpense": 897,
        "totalOtherIncomeExpenseNet": -20
      },
      {
        "costOfGoodsSold": 478,
        "depreciationAmortization": 228,
        "dilutedAverageSharesOutstanding": 286.9,
        "dilutedEPS": 0.76,
        "ebit": 369,
        "grossIncome": 1097,
        "interestExpense": 130,
        "interestIncomeExpense": -142,
        "minorityInterest": 8,
        "netIncome": 218,
        "netIncomeAfterTaxes": 210,
        "operationsMaintenance": 317,
        "otherOperatingExpensesTotal": 75,
        "otherRevenue": 125,
        "period": "2020-09-30",
        "pretaxIncome": 254,
        "provisionforIncomeTaxes": 44,
        "purchasedFuelPowerGas": 108,
        "revenue": 1575,
        "totalOperatingExpense": 728,
        "totalOtherIncomeExpenseNet": 27
      },
      {
        "costOfGoodsSold": 458,
        "depreciationAmortization": 223,
        "dilutedAverageSharesOutstanding": 286.5,
        "dilutedEPS": 0.47,
        "ebit": 273,
        "grossIncome": 985,
        "interestExpense": 127,
        "interestIncomeExpense": -142,
        "minorityInterest": -1,
        "netIncome": 136,
        "netIncomeAfterTaxes": 136.9,
        "operationsMaintenance": 351,
        "otherOperatingExpensesTotal": 75,
        "otherRevenue": 109,
        "period": "2020-06-30",
        "pretaxIncome": 164,
        "provisionforIncomeTaxes": 27.1,
        "purchasedFuelPowerGas": 63,
        "revenue": 1443,
        "totalOperatingExpense": 712,
        "totalOtherIncomeExpenseNet": 33
      },
      {
        "costOfGoodsSold": 648,
        "depreciationAmortization": 316,
        "dilutedAverageSharesOutstanding": 285.2,
        "dilutedEPS": 0.84,
        "ebit": 368,
        "grossIncome": 1216,
        "interestExpense": 121,
        "interestIncomeExpense": -126,
        "netIncome": 243,
        "netIncomeAfterTaxes": 239.1,
        "operationsMaintenance": 315,
        "otherOperatingExpensesTotal": 114,
        "otherRevenue": 120,
        "period": "2020-03-31",
        "pretaxIncome": 270,
        "provisionforIncomeTaxes": 30.9,
        "purchasedFuelPowerGas": 103,
        "revenue": 1864,
        "totalOperatingExpense": 848,
        "totalOtherIncomeExpenseNet": 28
      },
      {
        "costOfGoodsSold": 595,
        "depreciationAmortization": 263,
        "dilutedAverageSharesOutstanding": 284.6,
        "dilutedEPS": 0.58,
        "ebit": 311,
        "grossIncome": 1200,
        "interestExpense": 75,
        "interestIncomeExpense": -128,
        "minorityInterest": -1,
        "netIncome": 167,
        "netIncomeAfterTaxes": 140.4,
        "operationsMaintenance": 438,
        "otherOperatingExpensesTotal": 86,
        "otherRevenue": 125,
        "period": "2019-12-31",
        "pretaxIncome": 205,
        "provisionforIncomeTaxes": 64.6,
        "purchasedFuelPowerGas": 102,
        "revenue": 1795,
        "totalOperatingExpense": 889,
        "totalOtherIncomeExpenseNet": 22
      },
      {
        "costOfGoodsSold": 467,
        "depreciationAmortization": 215,
        "dilutedAverageSharesOutstanding": 284.6,
        "dilutedEPS": 0.73,
        "ebit": 351,
        "grossIncome": 1079,
        "interestExpense": 133,
        "interestIncomeExpense": -126,
        "minorityInterest": 0,
        "netIncome": 207,
        "netIncomeAfterTaxes": 207.1,
        "operationsMaintenance": 313,
        "otherOperatingExpensesTotal": 70,
        "otherRevenue": 117,
        "period": "2019-09-30",
        "pretaxIncome": 249,
        "provisionforIncomeTaxes": 41.9,
        "purchasedFuelPowerGas": 130,
        "revenue": 1546,
        "totalOperatingExpense": 728,
        "totalOtherIncomeExpenseNet": 24
      },
      {
        "costOfGoodsSold": 478,
        "depreciationAmortization": 216,
        "dilutedAverageSharesOutstanding": 284,
        "dilutedEPS": 0.33,
        "ebit": 218,
        "grossIncome": 967,
        "interestExpense": 131,
        "interestIncomeExpense": -127,
        "minorityInterest": -1,
        "netIncome": 93,
        "netIncomeAfterTaxes": 94,
        "operationsMaintenance": 343,
        "otherOperatingExpensesTotal": 71,
        "otherRevenue": 111,
        "period": "2019-06-30",
        "pretaxIncome": 114,
        "provisionforIncomeTaxes": 20,
        "purchasedFuelPowerGas": 119,
        "revenue": 1445,
        "totalOperatingExpense": 749,
        "totalOtherIncomeExpenseNet": 23
      },
      {
        "costOfGoodsSold": 800,
        "depreciationAmortization": 298,
        "dilutedAverageSharesOutstanding": 283.6,
        "dilutedEPS": 0.74,
        "ebit": 359,
        "grossIncome": 1259,
        "interestExpense": 121,
        "interestIncomeExpense": -121,
        "netIncome": 213,
        "netIncomeAfterTaxes": 209.5,
        "operationsMaintenance": 354,
        "otherOperatingExpensesTotal": 106,
        "otherRevenue": 116,
        "period": "2019-03-31",
        "pretaxIncome": 261,
        "provisionforIncomeTaxes": 51.5,
        "purchasedFuelPowerGas": 142,
        "revenue": 2059,
        "totalOperatingExpense": 900,
        "totalOtherIncomeExpenseNet": 23
      },
      {
        "costOfGoodsSold": 708,
        "depreciationAmortization": 244,
        "dilutedAverageSharesOutstanding": 283.2,
        "dilutedEPS": 0.38,
        "ebit": 250,
        "grossIncome": 1121,
        "interestExpense": 121,
        "interestIncomeExpense": -115,
        "minorityInterest": -1,
        "netIncome": 108,
        "netIncomeAfterTaxes": 79,
        "operationsMaintenance": 415,
        "otherOperatingExpensesTotal": 81,
        "otherRevenue": 117,
        "period": "2018-12-31",
        "pretaxIncome": 126,
        "provisionforIncomeTaxes": 47,
        "purchasedFuelPowerGas": 131,
        "revenue": 1829,
        "totalOperatingExpense": 871,
        "totalOtherIncomeExpenseNet": -9
      },
      {
        "costOfGoodsSold": 516,
        "depreciationAmortization": 206,
        "dilutedAverageSharesOutstanding": 283.2,
        "dilutedEPS": 0.6,
        "ebit": 294,
        "grossIncome": 1083,
        "interestExpense": 114,
        "interestIncomeExpense": -113,
        "minorityInterest": 0,
        "netIncome": 169,
        "netIncomeAfterTaxes": 169,
        "operationsMaintenance": 366,
        "otherOperatingExpensesTotal": 67,
        "otherRevenue": 97,
        "period": "2018-09-30",
        "pretaxIncome": 202,
        "provisionforIncomeTaxes": 33,
        "purchasedFuelPowerGas": 150,
        "revenue": 1599,
        "totalOperatingExpense": 789,
        "totalOtherIncomeExpenseNet": 21
      },
      {
        "costOfGoodsSold": 524,
        "depreciationAmortization": 204,
        "dilutedAverageSharesOutstanding": 282.6,
        "dilutedEPS": 0.49,
        "ebit": 255,
        "grossIncome": 968,
        "interestExpense": 112,
        "interestIncomeExpense": -104,
        "minorityInterest": -1,
        "netIncome": 139,
        "netIncomeAfterTaxes": 140,
        "operationsMaintenance": 326,
        "otherOperatingExpensesTotal": 68,
        "otherRevenue": 97,
        "period": "2018-06-30",
        "pretaxIncome": 165,
        "provisionforIncomeTaxes": 25,
        "purchasedFuelPowerGas": 115,
        "revenue": 1492,
        "totalOperatingExpense": 713,
        "totalOtherIncomeExpenseNet": 14
      },
      {
        "costOfGoodsSold": 782,
        "depreciationAmortization": 279,
        "dilutedAverageSharesOutstanding": 282.2,
        "dilutedEPS": 0.85,
        "ebit": 363,
        "grossIncome": 1171,
        "interestExpense": 111,
        "interestIncomeExpense": -106,
        "netIncome": 241,
        "netIncomeAfterTaxes": 241,
        "operationsMaintenance": 310,
        "otherOperatingExpensesTotal": 87,
        "otherRevenue": 98,
        "period": "2018-03-31",
        "pretaxIncome": 281,
        "provisionforIncomeTaxes": 40,
        "purchasedFuelPowerGas": 132,
        "revenue": 1953,
        "totalOperatingExpense": 808,
        "totalOtherIncomeExpenseNet": 24
      },
      {
        "costOfGoodsSold": 649,
        "depreciationAmortization": 229,
        "dilutedAverageSharesOutstanding": 281.4,
        "dilutedEPS": -0.01,
        "ebit": 379,
        "grossIncome": 1129,
        "interestExpense": 110,
        "interestIncomeExpense": -103,
        "minorityInterest": -1,
        "netIncome": -3,
        "netIncomeAfterTaxes": 146,
        "operationsMaintenance": 327,
        "otherOperatingExpensesTotal": 75,
        "otherRevenue": 92,
        "period": "2017-12-31",
        "pretaxIncome": 222,
        "provisionforIncomeTaxes": 76,
        "purchasedFuelPowerGas": 119,
        "revenue": 1778,
        "totalOperatingExpense": 750,
        "totalOtherIncomeExpenseNet": -54
      },
      {
        "costOfGoodsSold": 494,
        "depreciationAmortization": 193,
        "dilutedAverageSharesOutstanding": 281.6,
        "dilutedEPS": 0.61,
        "ebit": 330,
        "grossIncome": 1033,
        "interestExpense": 111,
        "interestIncomeExpense": -105,
        "minorityInterest": 0,
        "netIncome": 172,
        "netIncomeAfterTaxes": 172,
        "operationsMaintenance": 304,
        "otherOperatingExpensesTotal": 62,
        "otherRevenue": 90,
        "period": "2017-09-30",
        "pretaxIncome": 229,
        "provisionforIncomeTaxes": 57,
        "purchasedFuelPowerGas": 144,
        "revenue": 1527,
        "totalOperatingExpense": 703,
        "totalOtherIncomeExpenseNet": 4
      },
      {
        "costOfGoodsSold": 505,
        "depreciationAmortization": 197,
        "dilutedAverageSharesOutstanding": 280.3,
        "dilutedEPS": 0.33,
        "ebit": 241,
        "grossIncome": 944,
        "interestExpense": 110,
        "interestIncomeExpense": -105,
        "minorityInterest": -1,
        "netIncome": 92,
        "netIncomeAfterTaxes": 93,
        "operationsMaintenance": 315,
        "otherOperatingExpensesTotal": 66,
        "otherRevenue": 87,
        "period": "2017-06-30",
        "pretaxIncome": 140,
        "provisionforIncomeTaxes": 47,
        "purchasedFuelPowerGas": 125,
        "revenue": 1449,
        "totalOperatingExpense": 703,
        "totalOtherIncomeExpenseNet": 4
      },
      {
        "costOfGoodsSold": 691,
        "depreciationAmortization": 262,
        "dilutedAverageSharesOutstanding": 279.9,
        "dilutedEPS": 0.71,
        "ebit": 388,
        "grossIncome": 1138,
        "interestExpense": 107,
        "interestIncomeExpense": -98,
        "netIncome": 199,
        "netIncomeAfterTaxes": 199,
        "operationsMaintenance": 290,
        "otherOperatingExpensesTotal": 81,
        "otherRevenue": 92,
        "period": "2017-03-31",
        "pretaxIncome": 295,
        "provisionforIncomeTaxes": 96,
        "purchasedFuelPowerGas": 117,
        "revenue": 1829,
        "totalOperatingExpense": 750,
        "totalOtherIncomeExpenseNet": 5
      },
      {
        "costOfGoodsSold": 584,
        "depreciationAmortization": 214,
        "dilutedAverageSharesOutstanding": 273.8,
        "dilutedEPS": 0.28,
        "ebit": 280,
        "grossIncome": 1056,
        "interestExpense": 111,
        "interestIncomeExpense": -108,
        "minorityInterest": -1,
        "netIncome": 77,
        "netIncomeAfterTaxes": 78,
        "operationsMaintenance": 358,
        "otherOperatingExpensesTotal": 72,
        "otherRevenue": 90,
        "period": "2016-12-31",
        "pretaxIncome": 124,
        "provisionforIncomeTaxes": 46,
        "purchasedFuelPowerGas": 132,
        "revenue": 1640,
        "totalOperatingExpense": 776,
        "totalOtherIncomeExpenseNet": -48
      },
      {
        "costOfGoodsSold": 521,
        "depreciationAmortization": 183,
        "dilutedAverageSharesOutstanding": 279.2,
        "dilutedEPS": 0.67,
        "ebit": 375,
        "grossIncome": 1066,
        "interestExpense": 110,
        "interestIncomeExpense": -104,
        "minorityInterest": 0,
        "netIncome": 186,
        "netIncomeAfterTaxes": 186,
        "operationsMaintenance": 301,
        "otherOperatingExpensesTotal": 62,
        "otherRevenue": 89,
        "period": "2016-09-30",
        "pretaxIncome": 281,
        "provisionforIncomeTaxes": 95,
        "purchasedFuelPowerGas": 145,
        "revenue": 1587,
        "totalOperatingExpense": 691,
        "totalOtherIncomeExpenseNet": 10
      },
      {
        "costOfGoodsSold": 477,
        "depreciationAmortization": 176,
        "dilutedAverageSharesOutstanding": 279.3,
        "dilutedEPS": 0.44,
        "ebit": 275,
        "grossIncome": 894,
        "interestExpense": 108,
        "interestIncomeExpense": -103,
        "minorityInterest": -1,
        "netIncome": 124,
        "netIncomeAfterTaxes": 125,
        "operationsMaintenance": 286,
        "otherOperatingExpensesTotal": 60,
        "otherRevenue": 78,
        "period": "2016-06-30",
        "pretaxIncome": 183,
        "provisionforIncomeTaxes": 58,
        "purchasedFuelPowerGas": 97,
        "revenue": 1371,
        "totalOperatingExpense": 619,
        "totalOtherIncomeExpenseNet": 11
      },
      {
        "costOfGoodsSold": 722,
        "depreciationAmortization": 238,
        "dilutedAverageSharesOutstanding": 277.9,
        "dilutedEPS": 0.59,
        "ebit": 326,
        "grossIncome": 1079,
        "interestExpense": 106,
        "interestIncomeExpense": -101,
        "netIncome": 164,
        "netIncomeAfterTaxes": 164,
        "operationsMaintenance": 303,
        "otherOperatingExpensesTotal": 87,
        "otherRevenue": 78,
        "period": "2016-03-31",
        "pretaxIncome": 238,
        "provisionforIncomeTaxes": 74,
        "purchasedFuelPowerGas": 125,
        "revenue": 1801,
        "totalOperatingExpense": 753,
        "totalOtherIncomeExpenseNet": 13
      },
      {
        "costOfGoodsSold": 553,
        "depreciationAmortization": 186,
        "dilutedAverageSharesOutstanding": 277.1,
        "dilutedEPS": 0.38,
        "ebit": 260,
        "grossIncome": 956,
        "interestExpense": 91,
        "interestIncomeExpense": -77,
        "minorityInterest": -1,
        "netIncome": 106,
        "netIncomeAfterTaxes": 107,
        "operationsMaintenance": 317,
        "otherOperatingExpensesTotal": 62,
        "otherRevenue": 1509,
        "period": "2015-12-31",
        "pretaxIncome": 167,
        "provisionforIncomeTaxes": 60,
        "purchasedFuelPowerGas": 131,
        "revenue": 1509,
        "totalOperatingExpense": 696,
        "totalOtherIncomeExpenseNet": -16
      },
      {
        "costOfGoodsSold": 465,
        "depreciationAmortization": 173,
        "dilutedAverageSharesOutstanding": 276.9,
        "dilutedEPS": 0.53,
        "ebit": 317,
        "grossIncome": 1021,
        "interestExpense": 101,
        "interestIncomeExpense": -96,
        "minorityInterest": 0,
        "netIncome": 148,
        "netIncomeAfterTaxes": 148,
        "operationsMaintenance": 311,
        "otherOperatingExpensesTotal": 59,
        "otherRevenue": 1486,
        "period": "2015-09-30",
        "pretaxIncome": 223,
        "provisionforIncomeTaxes": 75,
        "purchasedFuelPowerGas": 161,
        "revenue": 1486,
        "totalOperatingExpense": 704,
        "totalOtherIncomeExpenseNet": 2
      }
    ],
    "symbol": "CMS"
  }
}