{
  "symbol": "STLD",
  "statement": "ic",
  "frequency": "quarterly",
  "timestamp": "2025-09-19T14:06:58.080877",
  "data": {
    "financials": [
      {
        "costOfGoodsSold": 3946.655,
        "depreciationAmortization": 6.897,
        "dilutedAverageSharesOutstanding": 148.96,
        "dilutedEPS": 2.01,
        "ebit": 382.855,
        "grossIncome": 618.468,
        "interestExpense": 17.381,
        "interestIncomeExpense": -17.381,
        "minorityInterest": -2.465,
        "netIncome": 298.726,
        "netIncomeAfterTaxes": 301.191,
        "period": "2025-06-30",
        "pretaxIncome": 387.866,
        "provisionforIncomeTaxes": 86.675,
        "revenue": 4565.123,
        "sgaExpense": 228.716,
        "totalOperatingExpense": 235.613,
        "totalOtherIncomeExpenseNet": 22.392
      },
      {
        "costOfGoodsSold": 3882.651,
        "depreciationAmortization": 6.897,
        "dilutedAverageSharesOutstanding": 150.809,
        "dilutedEPS": 1.4399,
        "ebit": 275.144,
        "grossIncome": 486.544,
        "interestExpense": 12.131,
        "interestIncomeExpense": -12.131,
        "minorityInterest": -0.528,
        "netIncome": 217.151,
        "netIncomeAfterTaxes": 217.679,
        "period": "2025-03-31",
        "pretaxIncome": 280.654,
        "provisionforIncomeTaxes": 62.975,
        "revenue": 4369.195,
        "sgaExpense": 204.503,
        "totalOperatingExpense": 211.4,
        "totalOtherIncomeExpenseNet": 17.641
      },
      {
        "costOfGoodsSold": 3430.404,
        "depreciationAmortization": 7.573,
        "dilutedAverageSharesOutstanding": 152.8,
        "dilutedEPS": 1.3566,
        "ebit": 237.502,
        "grossIncome": 441.734,
        "interestExpense": 14.579,
        "interestIncomeExpense": -14.579,
        "minorityInterest": -2.579,
        "netIncome": 207.293,
        "netIncomeAfterTaxes": 209.872,
        "period": "2024-12-31",
        "pretaxIncome": 243.963,
        "provisionforIncomeTaxes": 34.091,
        "revenue": 3872.138,
        "sgaExpense": 196.659,
        "totalOperatingExpense": 204.232,
        "totalOtherIncomeExpenseNet": 21.04
      },
      {
        "costOfGoodsSold": 3736.398,
        "depreciationAmortization": 7.644,
        "dilutedAverageSharesOutstanding": 154.81,
        "dilutedEPS": 2.0529,
        "ebit": 395.437,
        "grossIncome": 605.217,
        "interestExpense": 17.071,
        "interestIncomeExpense": -17.071,
        "minorityInterest": -3.092,
        "netIncome": 317.802,
        "netIncomeAfterTaxes": 320.894,
        "period": "2024-09-30",
        "pretaxIncome": 408.025,
        "provisionforIncomeTaxes": 87.131,
        "revenue": 4341.615,
        "sgaExpense": 202.136,
        "totalOperatingExpense": 209.78,
        "totalOtherIncomeExpenseNet": 29.659
      },
      {
        "costOfGoodsSold": 3857.797,
        "depreciationAmortization": 7.645,
        "dilutedAverageSharesOutstanding": 157.579,
        "dilutedEPS": 2.7161,
        "ebit": 559.123,
        "grossIncome": 774.837,
        "interestExpense": 12.719,
        "interestIncomeExpense": -12.719,
        "minorityInterest": -3.692,
        "netIncome": 427.998,
        "netIncomeAfterTaxes": 431.69,
        "period": "2024-06-30",
        "pretaxIncome": 565.112,
        "provisionforIncomeTaxes": 133.422,
        "revenue": 4632.634,
        "sgaExpense": 208.069,
        "totalOperatingExpense": 215.714,
        "totalOtherIncomeExpenseNet": 18.708
      },
      {
        "costOfGoodsSold": 3713.205,
        "depreciationAmortization": 7.664,
        "dilutedAverageSharesOutstanding": 159.354,
        "dilutedEPS": 3.6651,
        "ebit": 750.975,
        "grossIncome": 980.798,
        "interestExpense": 11.978,
        "interestIncomeExpense": -11.978,
        "minorityInterest": -3.459,
        "netIncome": 584.041,
        "netIncomeAfterTaxes": 587.5,
        "period": "2024-03-31",
        "pretaxIncome": 765.781,
        "provisionforIncomeTaxes": 178.281,
        "revenue": 4694.003,
        "sgaExpense": 222.159,
        "totalOperatingExpense": 229.823,
        "totalOtherIncomeExpenseNet": 26.784
      },
      {
        "costOfGoodsSold": 3502.539,
        "depreciationAmortization": 8.086,
        "dilutedAverageSharesOutstanding": 162.274,
        "dilutedEPS": 2.6145,
        "ebit": 518.536,
        "grossIncome": 730.884,
        "interestExpense": 14.795,
        "interestIncomeExpense": -14.795,
        "minorityInterest": -2.77,
        "netIncome": 424.27,
        "netIncomeAfterTaxes": 427.04,
        "period": "2023-12-31",
        "pretaxIncome": 542.239,
        "provisionforIncomeTaxes": 115.199,
        "revenue": 4233.423,
        "sgaExpense": 204.262,
        "totalOperatingExpense": 212.348,
        "totalOtherIncomeExpenseNet": 38.498
      },
      {
        "costOfGoodsSold": 3635,
        "depreciationAmortization": 8.2,
        "dilutedAverageSharesOutstanding": 166.1,
        "dilutedEPS": 3.47,
        "ebit": 733.6,
        "grossIncome": 952,
        "interestExpense": 18.415,
        "interestIncomeExpense": -18.4,
        "minorityInterest": -2.6,
        "netIncome": 577.2,
        "netIncomeAfterTaxes": 579.8,
        "period": "2023-09-30",
        "pretaxIncome": 754.6,
        "provisionforIncomeTaxes": 174.8,
        "revenue": 4587.1,
        "sgaExpense": 210.3,
        "totalOperatingExpense": 218.5,
        "totalOtherIncomeExpenseNet": 39.5
      },
      {
        "costOfGoodsSold": 3774.8,
        "depreciationAmortization": 10.9,
        "dilutedAverageSharesOutstanding": 168.9,
        "dilutedEPS": 4.81,
        "ebit": 1063.7,
        "grossIncome": 1306.9,
        "interestExpense": 20.767,
        "interestIncomeExpense": -20.8,
        "minorityInterest": -4.1,
        "netIncome": 812.1,
        "netIncomeAfterTaxes": 816.2,
        "period": "2023-06-30",
        "pretaxIncome": 1074.3,
        "provisionforIncomeTaxes": 258.1,
        "revenue": 5081.6,
        "sgaExpense": 232.2,
        "totalOperatingExpense": 243.1,
        "totalOtherIncomeExpenseNet": 31.3
      },
      {
        "costOfGoodsSold": 3837.1,
        "depreciationAmortization": 6.9,
        "dilutedAverageSharesOutstanding": 172.5,
        "dilutedEPS": 3.7,
        "ebit": 835.4,
        "grossIncome": 1056.1,
        "interestExpense": 22.507,
        "interestIncomeExpense": -22.5,
        "minorityInterest": -7,
        "netIncome": 637.3,
        "netIncomeAfterTaxes": 644.3,
        "period": "2023-03-31",
        "pretaxIncome": 847.8,
        "provisionforIncomeTaxes": 203.5,
        "revenue": 4893.2,
        "sgaExpense": 213.9,
        "totalOperatingExpense": 220.7,
        "totalOtherIncomeExpenseNet": 34.9
      },
      {
        "costOfGoodsSold": 3838.7,
        "depreciationAmortization": 6.7,
        "dilutedAverageSharesOutstanding": 175.9,
        "dilutedEPS": 3.61,
        "ebit": 759,
        "grossIncome": 987.5,
        "interestExpense": 23.855,
        "interestIncomeExpense": -23.9,
        "minorityInterest": -4.1,
        "netIncome": 634.9,
        "netIncomeAfterTaxes": 639,
        "nonRecurringItems": 0,
        "period": "2022-12-31",
        "pretaxIncome": 758.5,
        "provisionforIncomeTaxes": 119.4,
        "revenue": 4826.3,
        "sgaExpense": 221.8,
        "totalOperatingExpense": 228.5,
        "totalOtherIncomeExpenseNet": 23.3
      },
      {
        "costOfGoodsSold": 4187.3,
        "depreciationAmortization": 6.8,
        "dilutedAverageSharesOutstanding": 181.6,
        "dilutedEPS": 5.03,
        "ebit": 1219.8,
        "grossIncome": 1464.4,
        "interestExpense": 25.347,
        "interestIncomeExpense": -25.3,
        "minorityInterest": -4.2,
        "netIncome": 914.3,
        "netIncomeAfterTaxes": 918.5,
        "period": "2022-09-30",
        "pretaxIncome": 1208.5,
        "provisionforIncomeTaxes": 290,
        "revenue": 5651.7,
        "sgaExpense": 237.7,
        "totalOperatingExpense": 244.6,
        "totalOtherIncomeExpenseNet": 14
      },
      {
        "costOfGoodsSold": 4329.5,
        "depreciationAmortization": 7.2,
        "dilutedAverageSharesOutstanding": 187.7,
        "dilutedEPS": 6.44,
        "ebit": 1618.1,
        "grossIncome": 1883.3,
        "interestExpense": 25.667,
        "interestIncomeExpense": -25.7,
        "minorityInterest": -5.1,
        "netIncome": 1209.6,
        "netIncomeAfterTaxes": 1214.7,
        "period": "2022-06-30",
        "pretaxIncome": 1596.4,
        "provisionforIncomeTaxes": 381.8,
        "revenue": 6212.9,
        "sgaExpense": 258.1,
        "totalOperatingExpense": 265.3,
        "totalOtherIncomeExpenseNet": 4
      },
      {
        "costOfGoodsSold": 3787.4,
        "depreciationAmortization": 7.2,
        "dilutedAverageSharesOutstanding": 193.2,
        "dilutedEPS": 5.71,
        "ebit": 1494.9,
        "grossIncome": 1782.5,
        "interestExpense": 16.669,
        "interestIncomeExpense": -16.7,
        "minorityInterest": -3.4,
        "netIncome": 1103.9,
        "netIncomeAfterTaxes": 1107.4,
        "period": "2022-03-31",
        "pretaxIncome": 1457.7,
        "provisionforIncomeTaxes": 350.4,
        "revenue": 5569.9,
        "sgaExpense": 280.5,
        "totalOperatingExpense": 287.6,
        "totalOtherIncomeExpenseNet": -20.5
      },
      {
        "costOfGoodsSold": 3548.8,
        "depreciationAmortization": 7.2,
        "dilutedAverageSharesOutstanding": 198.8,
        "dilutedEPS": 5.49,
        "ebit": 1429.1,
        "grossIncome": 1761.8,
        "interestExpense": 12.338,
        "interestIncomeExpense": -12.3,
        "minorityInterest": -5.2,
        "netIncome": 1090.5,
        "netIncomeAfterTaxes": 1095.7,
        "nonRecurringItems": 0,
        "period": "2021-12-31",
        "pretaxIncome": 1408.8,
        "provisionforIncomeTaxes": 313.2,
        "revenue": 5310.7,
        "sgaExpense": 325.5,
        "totalOperatingExpense": 332.7,
        "totalOtherIncomeExpenseNet": -7.9
      },
      {
        "costOfGoodsSold": 3487.7,
        "depreciationAmortization": 7.2,
        "dilutedAverageSharesOutstanding": 204.2,
        "dilutedEPS": 4.85,
        "ebit": 1322,
        "grossIncome": 1600.6,
        "interestExpense": 12.704,
        "interestIncomeExpense": -12.7,
        "minorityInterest": -9.4,
        "netIncome": 990.8,
        "netIncomeAfterTaxes": 1000.2,
        "period": "2021-09-30",
        "pretaxIncome": 1302.6,
        "provisionforIncomeTaxes": 302.4,
        "revenue": 5088.3,
        "sgaExpense": 271.4,
        "totalOperatingExpense": 278.5,
        "totalOtherIncomeExpenseNet": -6.8
      },
      {
        "costOfGoodsSold": 3265.6,
        "depreciationAmortization": 7.4,
        "dilutedAverageSharesOutstanding": 211.2,
        "dilutedEPS": 3.32,
        "ebit": 955.7,
        "grossIncome": 1199.7,
        "interestExpense": 14.898,
        "interestIncomeExpense": -14.9,
        "minorityInterest": -9.9,
        "netIncome": 702.3,
        "netIncomeAfterTaxes": 712.2,
        "period": "2021-06-30",
        "pretaxIncome": 930.8,
        "provisionforIncomeTaxes": 218.6,
        "revenue": 4465.3,
        "sgaExpense": 236.5,
        "totalOperatingExpense": 244,
        "totalOtherIncomeExpenseNet": -10
      },
      {
        "costOfGoodsSold": 2744.3,
        "depreciationAmortization": 7.4,
        "dilutedAverageSharesOutstanding": 212.3,
        "dilutedEPS": 2.03,
        "ebit": 594.2,
        "grossIncome": 800.3,
        "interestExpense": 17.269,
        "interestIncomeExpense": -17.3,
        "minorityInterest": -8.2,
        "netIncome": 430.5,
        "netIncomeAfterTaxes": 438.8,
        "period": "2021-03-31",
        "pretaxIncome": 566.9,
        "provisionforIncomeTaxes": 128.1,
        "revenue": 3544.6,
        "sgaExpense": 198.6,
        "totalOperatingExpense": 206.1,
        "totalOtherIncomeExpenseNet": -10.1
      },
      {
        "costOfGoodsSold": 2159,
        "depreciationAmortization": 7.7,
        "dilutedAverageSharesOutstanding": 212.1,
        "dilutedEPS": 0.89,
        "ebit": 278.2,
        "grossIncome": 442.3,
        "interestExpense": 20.206,
        "interestIncomeExpense": -20.2,
        "minorityInterest": -9.1,
        "netIncome": 187.8,
        "netIncomeAfterTaxes": 197,
        "nonRecurringItems": -19.4,
        "period": "2020-12-31",
        "pretaxIncome": 220.8,
        "provisionforIncomeTaxes": 23.9,
        "revenue": 2601.2,
        "sgaExpense": 156.4,
        "totalOperatingExpense": 164.1,
        "totalOtherIncomeExpenseNet": -17.7
      },
      {
        "costOfGoodsSold": 2038,
        "depreciationAmortization": 6.9,
        "dilutedAverageSharesOutstanding": 211.9,
        "dilutedEPS": 0.47,
        "ebit": 155.9,
        "grossIncome": 292.8,
        "interestExpense": 18.95,
        "interestIncomeExpense": -19,
        "minorityInterest": -4.1,
        "netIncome": 100.1,
        "netIncomeAfterTaxes": 104.3,
        "period": "2020-09-30",
        "pretaxIncome": 133.4,
        "provisionforIncomeTaxes": 29.1,
        "revenue": 2330.8,
        "sgaExpense": 130,
        "totalOperatingExpense": 137,
        "totalOtherIncomeExpenseNet": -3.5
      },
      {
        "costOfGoodsSold": 1809.9,
        "depreciationAmortization": 7.2,
        "dilutedAverageSharesOutstanding": 211.4,
        "dilutedEPS": 0.36,
        "ebit": 158.9,
        "grossIncome": 284.4,
        "interestExpense": 27.702,
        "interestIncomeExpense": -27.7,
        "minorityInterest": -3.3,
        "netIncome": 75.5,
        "netIncomeAfterTaxes": 78.8,
        "period": "2020-06-30",
        "pretaxIncome": 103,
        "provisionforIncomeTaxes": 24.3,
        "revenue": 2094.3,
        "sgaExpense": 118.4,
        "totalOperatingExpense": 125.6,
        "totalOtherIncomeExpenseNet": -28.1
      },
      {
        "costOfGoodsSold": 2159.9,
        "depreciationAmortization": 7.2,
        "dilutedAverageSharesOutstanding": 214,
        "dilutedEPS": 0.88,
        "ebit": 273.7,
        "grossIncome": 415.2,
        "interestExpense": 28.019,
        "interestIncomeExpense": -28,
        "minorityInterest": -3.5,
        "netIncome": 187.3,
        "netIncomeAfterTaxes": 190.8,
        "period": "2020-03-31",
        "pretaxIncome": 248.3,
        "provisionforIncomeTaxes": 57.4,
        "revenue": 2575.1,
        "sgaExpense": 134.4,
        "totalOperatingExpense": 141.5,
        "totalOtherIncomeExpenseNet": 2.6
      },
      {
        "costOfGoodsSold": 2033.8,
        "depreciationAmortization": 8.8,
        "dilutedAverageSharesOutstanding": 216.4,
        "dilutedEPS": 0.56,
        "ebit": 182,
        "grossIncome": 316.4,
        "interestExpense": 32.322,
        "interestIncomeExpense": -32.3,
        "minorityInterest": -2.3,
        "netIncome": 121.4,
        "netIncomeAfterTaxes": 123.7,
        "period": "2019-12-31",
        "pretaxIncome": 150.1,
        "provisionforIncomeTaxes": 26.3,
        "revenue": 2350.2,
        "sgaExpense": 125.6,
        "totalOperatingExpense": 134.4,
        "totalOtherIncomeExpenseNet": 0.4
      },
      {
        "costOfGoodsSold": 2167,
        "depreciationAmortization": 6.7,
        "dilutedAverageSharesOutstanding": 219.1,
        "dilutedEPS": 0.69,
        "ebit": 228,
        "grossIncome": 359.8,
        "interestExpense": 31.339,
        "interestIncomeExpense": -31.3,
        "minorityInterest": -1.6,
        "netIncome": 151,
        "netIncomeAfterTaxes": 152.6,
        "period": "2019-09-30",
        "pretaxIncome": 201.3,
        "provisionforIncomeTaxes": 48.6,
        "revenue": 2526.8,
        "sgaExpense": 125.1,
        "totalOperatingExpense": 131.8,
        "totalOtherIncomeExpenseNet": 4.5
      },
      {
        "costOfGoodsSold": 2349.3,
        "depreciationAmortization": 7,
        "dilutedAverageSharesOutstanding": 222.5,
        "dilutedEPS": 0.87,
        "ebit": 285,
        "grossIncome": 421.2,
        "interestExpense": 32.321,
        "interestIncomeExpense": -32.3,
        "minorityInterest": -2.4,
        "netIncome": 194.3,
        "netIncomeAfterTaxes": 196.7,
        "period": "2019-06-30",
        "pretaxIncome": 257,
        "provisionforIncomeTaxes": 60.2,
        "revenue": 2770.5,
        "sgaExpense": 129.1,
        "totalOperatingExpense": 136.2,
        "totalOtherIncomeExpenseNet": 4.2
      },
      {
        "costOfGoodsSold": 2383.9,
        "depreciationAmortization": 7,
        "dilutedAverageSharesOutstanding": 225,
        "dilutedEPS": 0.91,
        "ebit": 291.8,
        "grossIncome": 433.6,
        "interestExpense": 31.122,
        "interestIncomeExpense": -31.1,
        "minorityInterest": -0.5,
        "netIncome": 204.3,
        "netIncomeAfterTaxes": 204.8,
        "period": "2019-03-31",
        "pretaxIncome": 267.1,
        "provisionforIncomeTaxes": 62.2,
        "revenue": 2817.4,
        "sgaExpense": 134.7,
        "totalOperatingExpense": 141.7,
        "totalOtherIncomeExpenseNet": 6.3
      },
      {
        "costOfGoodsSold": 2382.7,
        "depreciationAmortization": 7.4,
        "dilutedAverageSharesOutstanding": 230.5,
        "dilutedEPS": 1.17,
        "ebit": 365.6,
        "grossIncome": 521.2,
        "interestExpense": 31.652,
        "interestIncomeExpense": -31.7,
        "minorityInterest": 0.2,
        "netIncome": 270,
        "netIncomeAfterTaxes": 269.9,
        "nonRecurringItems": 0,
        "period": "2018-12-31",
        "pretaxIncome": 341.3,
        "provisionforIncomeTaxes": 71.4,
        "revenue": 2903.9,
        "sgaExpense": 148.2,
        "totalOperatingExpense": 155.6,
        "totalOtherIncomeExpenseNet": 7.4
      },
      {
        "costOfGoodsSold": 2537.5,
        "depreciationAmortization": 6.6,
        "dilutedAverageSharesOutstanding": 235.6,
        "dilutedEPS": 1.69,
        "ebit": 531.6,
        "grossIncome": 686.1,
        "interestExpense": 31.56,
        "interestIncomeExpense": -31.6,
        "minorityInterest": 0.5,
        "netIncome": 398.4,
        "netIncomeAfterTaxes": 397.9,
        "period": "2018-09-30",
        "pretaxIncome": 507.1,
        "provisionforIncomeTaxes": 109.2,
        "revenue": 3223.5,
        "sgaExpense": 147.9,
        "totalOperatingExpense": 154.5,
        "totalOtherIncomeExpenseNet": 7.1
      },
      {
        "costOfGoodsSold": 2438.4,
        "depreciationAmortization": 6.8,
        "dilutedAverageSharesOutstanding": 236.9,
        "dilutedEPS": 1.53,
        "ebit": 501.9,
        "grossIncome": 652.1,
        "interestExpense": 31.512,
        "interestIncomeExpense": -31.5,
        "minorityInterest": -0.1,
        "netIncome": 362.4,
        "netIncomeAfterTaxes": 362.6,
        "period": "2018-06-30",
        "pretaxIncome": 475.4,
        "provisionforIncomeTaxes": 112.8,
        "revenue": 3090.5,
        "sgaExpense": 143.4,
        "totalOperatingExpense": 150.2,
        "totalOtherIncomeExpenseNet": 5
      },
      {
        "costOfGoodsSold": 2140.5,
        "depreciationAmortization": 6.9,
        "dilutedAverageSharesOutstanding": 237.7,
        "dilutedEPS": 0.96,
        "ebit": 323.4,
        "grossIncome": 463.4,
        "interestExpense": 31.896,
        "interestIncomeExpense": -31.9,
        "minorityInterest": 2.1,
        "netIncome": 227.6,
        "netIncomeAfterTaxes": 225.5,
        "period": "2018-03-31",
        "pretaxIncome": 296,
        "provisionforIncomeTaxes": 70.5,
        "revenue": 2603.9,
        "sgaExpense": 133.1,
        "totalOperatingExpense": 140,
        "totalOtherIncomeExpenseNet": 4.5
      },
      {
        "costOfGoodsSold": 2015.7,
        "depreciationAmortization": 7.1,
        "dilutedAverageSharesOutstanding": 238.7,
        "dilutedEPS": 1.27,
        "ebit": 195.9,
        "grossIncome": 320.8,
        "interestExpense": 32.38,
        "interestIncomeExpense": -32.4,
        "minorityInterest": 1.6,
        "netIncome": 304.7,
        "netIncomeAfterTaxes": 124.5,
        "nonRecurringItems": 0,
        "period": "2017-12-31",
        "pretaxIncome": 161.4,
        "provisionforIncomeTaxes": 36.9,
        "revenue": 2336.5,
        "sgaExpense": 117.8,
        "totalOperatingExpense": 124.8,
        "totalOtherIncomeExpenseNet": -2.2
      },
      {
        "costOfGoodsSold": 2046.9,
        "depreciationAmortization": 7.3,
        "dilutedAverageSharesOutstanding": 240.9,
        "dilutedEPS": 0.64,
        "ebit": 271,
        "grossIncome": 396.5,
        "interestExpense": 34.177,
        "interestIncomeExpense": -34.2,
        "minorityInterest": 2.2,
        "netIncome": 153.3,
        "netIncomeAfterTaxes": 151,
        "period": "2017-09-30",
        "pretaxIncome": 234.3,
        "provisionforIncomeTaxes": 83.3,
        "revenue": 2443.4,
        "sgaExpense": 118.2,
        "totalOperatingExpense": 125.5,
        "totalOtherIncomeExpenseNet": -2.5
      },
      {
        "costOfGoodsSold": 1998.2,
        "depreciationAmortization": 7.4,
        "dilutedAverageSharesOutstanding": 243,
        "dilutedEPS": 0.63,
        "ebit": 265.4,
        "grossIncome": 392.5,
        "interestExpense": 33.869,
        "interestIncomeExpense": -33.9,
        "minorityInterest": 1,
        "netIncome": 153.9,
        "netIncomeAfterTaxes": 152.9,
        "period": "2017-06-30",
        "pretaxIncome": 235.3,
        "provisionforIncomeTaxes": 82.4,
        "revenue": 2390.7,
        "sgaExpense": 119.7,
        "totalOperatingExpense": 127.2,
        "totalOtherIncomeExpenseNet": 3.8
      },
      {
        "costOfGoodsSold": 1896.1,
        "depreciationAmortization": 7.4,
        "dilutedAverageSharesOutstanding": 244.5,
        "dilutedEPS": 0.82,
        "ebit": 334.6,
        "grossIncome": 472.2,
        "interestExpense": 33.973,
        "interestIncomeExpense": -34,
        "minorityInterest": 2.2,
        "netIncome": 200.8,
        "netIncomeAfterTaxes": 198.7,
        "period": "2017-03-31",
        "pretaxIncome": 304.3,
        "provisionforIncomeTaxes": 105.6,
        "revenue": 2368.2,
        "sgaExpense": 130.2,
        "totalOperatingExpense": 137.6,
        "totalOtherIncomeExpenseNet": 3.7
      },
      {
        "costOfGoodsSold": 1600.7,
        "depreciationAmortization": 7.4,
        "dilutedAverageSharesOutstanding": 250.6,
        "dilutedEPS": 0.08,
        "ebit": 188.8,
        "grossIncome": 309.9,
        "interestExpense": 36.149,
        "interestIncomeExpense": -36.1,
        "minorityInterest": 16.2,
        "netIncome": 20,
        "netIncomeAfterTaxes": 3.8,
        "nonRecurringItems": -132.8,
        "period": "2016-12-31",
        "pretaxIncome": 2.8,
        "provisionforIncomeTaxes": -1,
        "revenue": 1910.6,
        "sgaExpense": 113.7,
        "totalOperatingExpense": 121.1,
        "totalOtherIncomeExpenseNet": -17.1
      },
      {
        "costOfGoodsSold": 1692.8,
        "depreciationAmortization": 7.2,
        "dilutedAverageSharesOutstanding": 243.8,
        "dilutedEPS": 0.65,
        "ebit": 283.9,
        "grossIncome": 408.5,
        "interestExpense": 36.199,
        "interestIncomeExpense": -36.2,
        "minorityInterest": 3,
        "netIncome": 157.4,
        "netIncomeAfterTaxes": 154.4,
        "period": "2016-09-30",
        "pretaxIncome": 243.3,
        "provisionforIncomeTaxes": 88.9,
        "revenue": 2101.3,
        "sgaExpense": 117.4,
        "totalOperatingExpense": 124.7,
        "totalOtherIncomeExpenseNet": -4.4
      },
      {
        "costOfGoodsSold": 1643.5,
        "depreciationAmortization": 6.9,
        "dilutedAverageSharesOutstanding": 245.4,
        "dilutedEPS": 0.58,
        "ebit": 256.1,
        "grossIncome": 380.4,
        "interestExpense": 36.646,
        "interestIncomeExpense": -36.6,
        "minorityInterest": 1.5,
        "netIncome": 142,
        "netIncomeAfterTaxes": 140.4,
        "period": "2016-06-30",
        "pretaxIncome": 221.3,
        "provisionforIncomeTaxes": 80.9,
        "revenue": 2023.9,
        "sgaExpense": 117.4,
        "totalOperatingExpense": 124.3,
        "totalOtherIncomeExpenseNet": 1.8
      },
      {
        "costOfGoodsSold": 1505.3,
        "depreciationAmortization": 7.3,
        "dilutedAverageSharesOutstanding": 244.6,
        "dilutedEPS": 0.26,
        "ebit": 132,
        "grossIncome": 236,
        "interestExpense": 37.043,
        "interestIncomeExpense": -37,
        "minorityInterest": 1.4,
        "netIncome": 62.7,
        "netIncomeAfterTaxes": 61.3,
        "period": "2016-03-31",
        "pretaxIncome": 96.7,
        "provisionforIncomeTaxes": 35.4,
        "revenue": 1741.3,
        "sgaExpense": 96.8,
        "totalOperatingExpense": 104,
        "totalOtherIncomeExpenseNet": 1.8
      },
      {
        "costOfGoodsSold": 1446.8,
        "depreciationAmortization": 6.2,
        "dilutedAverageSharesOutstanding": 242.6,
        "dilutedEPS": -1.04,
        "ebit": 47.4,
        "grossIncome": 144.2,
        "interestExpense": 36.616,
        "interestIncomeExpense": -36.6,
        "minorityInterest": 3.1,
        "netIncome": -253.2,
        "netIncomeAfterTaxes": -256.3,
        "nonRecurringItems": -428.5,
        "period": "2015-12-31",
        "pretaxIncome": -417.9,
        "provisionforIncomeTaxes": -161.6,
        "revenue": 1591,
        "sgaExpense": 90.7,
        "totalOperatingExpense": 96.9,
        "totalOtherIncomeExpenseNet": -0.2
      },
      {
        "costOfGoodsSold": 1722.2,
        "depreciationAmortization": 6.3,
        "dilutedAverageSharesOutstanding": 243.8,
        "dilutedEPS": 0.25,
        "ebit": 131,
        "grossIncome": 228.7,
        "interestExpense": 37.084,
        "interestIncomeExpense": -37.1,
        "minorityInterest": 1.8,
        "netIncome": 60.6,
        "netIncomeAfterTaxes": 58.9,
        "period": "2015-09-30",
        "pretaxIncome": 93.7,
        "provisionforIncomeTaxes": 34.8,
        "revenue": 1950.9,
        "sgaExpense": 91.4,
        "totalOperatingExpense": 97.7,
        "totalOtherIncomeExpenseNet": -0.2
      }
    ],
    "symbol": "STLD"
  }
}