{
  "symbol": "TT",
  "statement": "ic",
  "frequency": "quarterly",
  "timestamp": "2025-09-19T14:07:39.514867",
  "data": {
    "financials": [
      {
        "costOfGoodsSold": 3585.8,
        "dilutedAverageSharesOutstanding": 225.1,
        "dilutedEPS": 3.8734,
        "ebit": 1164.2,
        "grossIncome": 2160.6,
        "interestExpense": 57.4,
        "interestIncomeExpense": -63.1,
        "minorityInterest": -4.1,
        "netIncome": 874.8,
        "netIncomeAfterTaxes": 876,
        "period": "2025-06-30",
        "pretaxIncome": 1092.7,
        "provisionforIncomeTaxes": 216.7,
        "revenue": 5746.4,
        "sgaExpense": 996.4,
        "totalOperatingExpense": 996.4,
        "totalOtherIncomeExpenseNet": -8.4
      },
      {
        "costOfGoodsSold": 3011,
        "dilutedAverageSharesOutstanding": 226.4,
        "dilutedEPS": 2.67,
        "ebit": 818.9,
        "grossIncome": 1677.5,
        "interestExpense": 58.1,
        "interestIncomeExpense": -56.8,
        "minorityInterest": -4.2,
        "netIncome": 604.9,
        "netIncomeAfterTaxes": 618,
        "period": "2025-03-31",
        "pretaxIncome": 752.9,
        "provisionforIncomeTaxes": 134.9,
        "revenue": 4688.5,
        "sgaExpense": 858.6,
        "totalOperatingExpense": 858.6,
        "totalOtherIncomeExpenseNet": -9.2
      },
      {
        "costOfGoodsSold": 3163.2,
        "dilutedAverageSharesOutstanding": 227.2,
        "dilutedEPS": 2.6747,
        "ebit": 807.6,
        "grossIncome": 1710.8,
        "interestExpense": 59.9,
        "interestIncomeExpense": -52.6,
        "minorityInterest": -7.6,
        "netIncome": 604.3,
        "netIncomeAfterTaxes": 615.3,
        "period": "2024-12-31",
        "pretaxIncome": 750.6,
        "provisionforIncomeTaxes": 135.3,
        "revenue": 4874,
        "sgaExpense": 903.2,
        "totalOperatingExpense": 903.2,
        "totalOtherIncomeExpenseNet": -4.4
      },
      {
        "costOfGoodsSold": 3466.8,
        "dilutedAverageSharesOutstanding": 228,
        "dilutedEPS": 3.38,
        "ebit": 1024.6,
        "grossIncome": 1974.4,
        "interestExpense": 63,
        "interestIncomeExpense": -50.6,
        "minorityInterest": -5.9,
        "netIncome": 772,
        "netIncomeAfterTaxes": 786.8,
        "period": "2024-09-30",
        "pretaxIncome": 967.9,
        "provisionforIncomeTaxes": 181.1,
        "revenue": 5441.2,
        "sgaExpense": 949.8,
        "totalOperatingExpense": 949.8,
        "totalOtherIncomeExpenseNet": -6.1
      },
      {
        "costOfGoodsSold": 3371.9,
        "dilutedAverageSharesOutstanding": 228.7,
        "dilutedEPS": 3.3,
        "ebit": 1034.2,
        "grossIncome": 1935.5,
        "interestExpense": 57.5,
        "interestIncomeExpense": -55.2,
        "minorityInterest": -4.6,
        "netIncome": 755.3,
        "netIncomeAfterTaxes": 766.8,
        "period": "2024-06-30",
        "pretaxIncome": 972.6,
        "provisionforIncomeTaxes": 205.8,
        "revenue": 5307.4,
        "sgaExpense": 901.3,
        "totalOperatingExpense": 901.3,
        "totalOtherIncomeExpenseNet": -6.4
      },
      {
        "costOfGoodsSold": 2755.6,
        "dilutedAverageSharesOutstanding": 229.5,
        "dilutedEPS": 1.9,
        "ebit": 633.8,
        "grossIncome": 1459.9,
        "interestExpense": 58.1,
        "interestIncomeExpense": -68.3,
        "minorityInterest": -3.5,
        "netIncome": 436.3,
        "netIncomeAfterTaxes": 445.2,
        "period": "2024-03-31",
        "pretaxIncome": 550.7,
        "provisionforIncomeTaxes": 105.5,
        "revenue": 4215.5,
        "sgaExpense": 826.1,
        "totalOperatingExpense": 826.1,
        "totalOtherIncomeExpenseNet": -14.8
      },
      {
        "costOfGoodsSold": 2952.8,
        "dilutedAverageSharesOutstanding": 230.1,
        "dilutedEPS": 2.19,
        "ebit": 687.6,
        "grossIncome": 1471.3,
        "interestExpense": 57.4,
        "interestIncomeExpense": -60.8,
        "minorityInterest": -3.3,
        "netIncome": 504.3,
        "netIncomeAfterTaxes": 516.6,
        "nonRecurringItems": 0,
        "period": "2023-12-31",
        "pretaxIncome": 614.8,
        "provisionforIncomeTaxes": 98.2,
        "revenue": 4424.1,
        "sgaExpense": 783.7,
        "totalOperatingExpense": 783.7,
        "totalOtherIncomeExpenseNet": -12
      },
      {
        "costOfGoodsSold": 3224.8,
        "dilutedAverageSharesOutstanding": 230.6,
        "dilutedEPS": 2.71,
        "ebit": 864.2,
        "grossIncome": 1658.1,
        "interestExpense": 57.9,
        "interestIncomeExpense": -60.1,
        "minorityInterest": -6,
        "netIncome": 626.3,
        "netIncomeAfterTaxes": 638.8,
        "nonRecurringItems": 0,
        "period": "2023-09-30",
        "pretaxIncome": 796.3,
        "provisionforIncomeTaxes": 157.5,
        "revenue": 4882.9,
        "sgaExpense": 793.9,
        "totalOperatingExpense": 793.9,
        "totalOtherIncomeExpenseNet": -7.8
      },
      {
        "costOfGoodsSold": 3120.3,
        "dilutedAverageSharesOutstanding": 230.3,
        "dilutedEPS": 2.54,
        "ebit": 885.4,
        "grossIncome": 1584.4,
        "interestExpense": 61.6,
        "interestIncomeExpense": -58.5,
        "minorityInterest": -4.5,
        "netIncome": 586.2,
        "netIncomeAfterTaxes": 596.8,
        "nonRecurringItems": -52.2,
        "period": "2023-06-30",
        "pretaxIncome": 766.4,
        "provisionforIncomeTaxes": 169.6,
        "revenue": 4704.7,
        "sgaExpense": 699,
        "totalOperatingExpense": 699,
        "totalOtherIncomeExpenseNet": -8.3
      },
      {
        "costOfGoodsSold": 2522.3,
        "dilutedAverageSharesOutstanding": 231.5,
        "dilutedEPS": 1.32,
        "ebit": 456.8,
        "grossIncome": 1143.5,
        "interestExpense": 57.6,
        "interestIncomeExpense": -59.8,
        "minorityInterest": -4,
        "netIncome": 307.1,
        "netIncomeAfterTaxes": 316.6,
        "period": "2023-03-31",
        "pretaxIncome": 389.8,
        "provisionforIncomeTaxes": 73.2,
        "revenue": 3665.8,
        "sgaExpense": 686.7,
        "totalOperatingExpense": 686.7,
        "totalOtherIncomeExpenseNet": -7.2
      },
      {
        "costOfGoodsSold": 2854.3,
        "dilutedAverageSharesOutstanding": 232.5,
        "dilutedEPS": 1.88,
        "ebit": 580.6,
        "grossIncome": 1219.5,
        "interestExpense": 55.9,
        "interestIncomeExpense": -56.7,
        "minorityInterest": -4.9,
        "netIncome": 439.1,
        "netIncomeAfterTaxes": 448.9,
        "period": "2022-12-31",
        "pretaxIncome": 522.4,
        "provisionforIncomeTaxes": 73.5,
        "revenue": 4073.8,
        "sgaExpense": 638.9,
        "totalOperatingExpense": 638.9,
        "totalOtherIncomeExpenseNet": -1.5
      },
      {
        "costOfGoodsSold": 2939.1,
        "dilutedAverageSharesOutstanding": 234,
        "dilutedEPS": 2.34,
        "ebit": 739.5,
        "grossIncome": 1432.8,
        "interestExpense": 55.8,
        "interestIncomeExpense": -58.9,
        "minorityInterest": -4.5,
        "netIncome": 547.9,
        "netIncomeAfterTaxes": 560.3,
        "period": "2022-09-30",
        "pretaxIncome": 665,
        "provisionforIncomeTaxes": 104.7,
        "revenue": 4371.9,
        "sgaExpense": 693.3,
        "totalOperatingExpense": 693.3,
        "totalOtherIncomeExpenseNet": -15.6
      },
      {
        "costOfGoodsSold": 2867,
        "dilutedAverageSharesOutstanding": 235.7,
        "dilutedEPS": 2.17,
        "ebit": 710.6,
        "grossIncome": 1323.4,
        "interestExpense": 55.9,
        "interestIncomeExpense": -58.4,
        "minorityInterest": -5.6,
        "netIncome": 509.3,
        "netIncomeAfterTaxes": 516.5,
        "period": "2022-06-30",
        "pretaxIncome": 653.1,
        "provisionforIncomeTaxes": 136.6,
        "revenue": 4190.4,
        "sgaExpense": 612.8,
        "totalOperatingExpense": 612.8,
        "totalOtherIncomeExpenseNet": 0.9
      },
      {
        "costOfGoodsSold": 2366.5,
        "dilutedAverageSharesOutstanding": 237.1,
        "dilutedEPS": 1.09,
        "ebit": 388.2,
        "grossIncome": 989,
        "interestExpense": 56,
        "interestIncomeExpense": -58.3,
        "minorityInterest": -3.2,
        "netIncome": 260.2,
        "netIncomeAfterTaxes": 270.4,
        "period": "2022-03-31",
        "pretaxIncome": 331.5,
        "provisionforIncomeTaxes": 61.1,
        "revenue": 3355.5,
        "sgaExpense": 600.8,
        "totalOperatingExpense": 600.8,
        "totalOtherIncomeExpenseNet": 1.6
      },
      {
        "costOfGoodsSold": 2523.9,
        "dilutedAverageSharesOutstanding": 240.8,
        "dilutedEPS": 1.31,
        "ebit": 443,
        "grossIncome": 1045.4,
        "interestExpense": 56,
        "interestIncomeExpense": -56.8,
        "minorityInterest": -3.3,
        "netIncome": 317.8,
        "netIncomeAfterTaxes": 329.1,
        "nonRecurringItems": -7.3,
        "period": "2021-12-31",
        "pretaxIncome": 394.6,
        "provisionforIncomeTaxes": 65.5,
        "revenue": 3569.3,
        "sgaExpense": 602.4,
        "totalOperatingExpense": 602.4,
        "totalOtherIncomeExpenseNet": 15.7
      },
      {
        "costOfGoodsSold": 2514.6,
        "dilutedAverageSharesOutstanding": 241.7,
        "dilutedEPS": 1.67,
        "ebit": 591.3,
        "grossIncome": 1205.2,
        "interestExpense": 57.7,
        "interestIncomeExpense": -59.1,
        "minorityInterest": -3,
        "netIncome": 405.7,
        "netIncomeAfterTaxes": 422,
        "nonRecurringItems": -7.9,
        "period": "2021-09-30",
        "pretaxIncome": 518.8,
        "provisionforIncomeTaxes": 96.8,
        "revenue": 3719.8,
        "sgaExpense": 613.9,
        "totalOperatingExpense": 613.9,
        "totalOtherIncomeExpenseNet": -5.5
      },
      {
        "costOfGoodsSold": 2558.2,
        "dilutedAverageSharesOutstanding": 243.4,
        "dilutedEPS": 1.91,
        "ebit": 652.5,
        "grossIncome": 1271.5,
        "interestExpense": 59.3,
        "interestIncomeExpense": -61.2,
        "minorityInterest": -4.3,
        "netIncome": 464.7,
        "netIncomeAfterTaxes": 469.2,
        "nonRecurringItems": -1.5,
        "period": "2021-06-30",
        "pretaxIncome": 592,
        "provisionforIncomeTaxes": 122.8,
        "revenue": 3829.7,
        "sgaExpense": 619,
        "totalOperatingExpense": 619,
        "totalOtherIncomeExpenseNet": 2.2
      },
      {
        "costOfGoodsSold": 2062.6,
        "dilutedAverageSharesOutstanding": 243.1,
        "dilutedEPS": 0.96,
        "ebit": 363.5,
        "grossIncome": 955,
        "interestExpense": 60.7,
        "interestIncomeExpense": -63.3,
        "minorityInterest": -2.6,
        "netIncome": 235.2,
        "netIncomeAfterTaxes": 236.9,
        "nonRecurringItems": -10.3,
        "period": "2021-03-31",
        "pretaxIncome": 285.3,
        "provisionforIncomeTaxes": 48.4,
        "revenue": 3017.6,
        "sgaExpense": 591.5,
        "totalOperatingExpense": 591.5,
        "totalOtherIncomeExpenseNet": -4.6
      },
      {
        "costOfGoodsSold": 2229,
        "dilutedAverageSharesOutstanding": 244.3,
        "dilutedEPS": 1.01,
        "ebit": 392.4,
        "grossIncome": 950.1,
        "interestExpense": 61.9,
        "interestIncomeExpense": -63.4,
        "minorityInterest": -4.5,
        "netIncome": 244.7,
        "netIncomeAfterTaxes": 250.2,
        "nonRecurringItems": -4.4,
        "period": "2020-12-31",
        "pretaxIncome": 322.6,
        "provisionforIncomeTaxes": 72.4,
        "revenue": 3179.1,
        "sgaExpense": 557.7,
        "totalOperatingExpense": 557.7,
        "totalOtherIncomeExpenseNet": -2
      },
      {
        "costOfGoodsSold": 2357.5,
        "dilutedAverageSharesOutstanding": 243.7,
        "dilutedEPS": 1.64,
        "ebit": 575.1,
        "grossIncome": 1138,
        "interestExpense": 62.4,
        "interestIncomeExpense": -63,
        "minorityInterest": -4,
        "netIncome": 400.6,
        "netIncomeAfterTaxes": 410.1,
        "nonRecurringItems": -8.2,
        "period": "2020-09-30",
        "pretaxIncome": 500,
        "provisionforIncomeTaxes": 89.9,
        "revenue": 3495.5,
        "sgaExpense": 562.9,
        "totalOperatingExpense": 562.9,
        "totalOtherIncomeExpenseNet": -3.9
      },
      {
        "costOfGoodsSold": 2152.2,
        "dilutedAverageSharesOutstanding": 242.3,
        "dilutedEPS": 0.98,
        "ebit": 461,
        "grossIncome": 986.6,
        "interestExpense": 61.3,
        "interestIncomeExpense": -61.3,
        "minorityInterest": -2.9,
        "netIncome": 238.8,
        "netIncomeAfterTaxes": 278.3,
        "nonRecurringItems": -37.5,
        "period": "2020-06-30",
        "pretaxIncome": 361.8,
        "provisionforIncomeTaxes": 83.5,
        "revenue": 3138.8,
        "sgaExpense": 525.6,
        "totalOperatingExpense": 525.6,
        "totalOtherIncomeExpenseNet": -0.4
      },
      {
        "costOfGoodsSold": 1888.5,
        "dilutedAverageSharesOutstanding": 239.5,
        "dilutedEPS": -0.12,
        "ebit": 180,
        "grossIncome": 752.8,
        "interestExpense": 63.1,
        "interestIncomeExpense": -59.1,
        "minorityInterest": -2.8,
        "netIncome": -29.2,
        "netIncomeAfterTaxes": 52.8,
        "nonRecurringItems": -25.6,
        "period": "2020-03-31",
        "pretaxIncome": 103.8,
        "provisionforIncomeTaxes": 51,
        "revenue": 2641.3,
        "sgaExpense": 572.8,
        "totalOperatingExpense": 572.8,
        "totalOtherIncomeExpenseNet": 8.5
      },
      {
        "costOfGoodsSold": 2257.2,
        "dilutedAverageSharesOutstanding": 240.1,
        "dilutedEPS": 1.23,
        "ebit": 346.8,
        "grossIncome": 926.5,
        "interestExpense": 63.4,
        "interestIncomeExpense": -63.5,
        "minorityInterest": -4.9,
        "netIncome": 296.1,
        "netIncomeAfterTaxes": 214.1,
        "nonRecurringItems": -16.6,
        "period": "2019-12-31",
        "pretaxIncome": 260.1,
        "provisionforIncomeTaxes": 46,
        "revenue": 3183.7,
        "sgaExpense": 579.7,
        "totalOperatingExpense": 579.7,
        "totalOtherIncomeExpenseNet": -6.6
      },
      {
        "costOfGoodsSold": 2352.6,
        "dilutedAverageSharesOutstanding": 244.6,
        "dilutedEPS": 1.87,
        "ebit": 553.1,
        "grossIncome": 1118.3,
        "interestExpense": 63.9,
        "interestIncomeExpense": -69,
        "minorityInterest": -3.7,
        "netIncome": 458.8,
        "netIncomeAfterTaxes": 386.3,
        "nonRecurringItems": -16.6,
        "period": "2019-09-30",
        "pretaxIncome": 466.8,
        "provisionforIncomeTaxes": 80.5,
        "revenue": 3470.9,
        "sgaExpense": 565.2,
        "totalOperatingExpense": 565.2,
        "totalOtherIncomeExpenseNet": -0.7
      },
      {
        "costOfGoodsSold": 2452.6,
        "dilutedAverageSharesOutstanding": 244.9,
        "dilutedEPS": 1.86,
        "ebit": 580.2,
        "grossIncome": 1165,
        "interestExpense": 64.5,
        "interestIncomeExpense": -63,
        "minorityInterest": -3.5,
        "netIncome": 456.1,
        "netIncomeAfterTaxes": 412.6,
        "nonRecurringItems": -13.3,
        "period": "2019-06-30",
        "pretaxIncome": 504.5,
        "provisionforIncomeTaxes": 91.9,
        "revenue": 3617.6,
        "sgaExpense": 584.8,
        "totalOperatingExpense": 584.8,
        "totalOtherIncomeExpenseNet": 0.6
      },
      {
        "costOfGoodsSold": 1985.8,
        "dilutedAverageSharesOutstanding": 245.2,
        "dilutedEPS": 0.81,
        "ebit": 242.6,
        "grossIncome": 817.9,
        "interestExpense": 51,
        "interestIncomeExpense": -59.4,
        "minorityInterest": -3.1,
        "netIncome": 199.9,
        "netIncomeAfterTaxes": 147.3,
        "nonRecurringItems": -6.1,
        "period": "2019-03-31",
        "pretaxIncome": 167.5,
        "provisionforIncomeTaxes": 20.2,
        "revenue": 2803.7,
        "sgaExpense": 575.3,
        "totalOperatingExpense": 575.3,
        "totalOtherIncomeExpenseNet": -9.6
      },
      {
        "costOfGoodsSold": 509.5,
        "dilutedAverageSharesOutstanding": 244.5,
        "dilutedEPS": 1.03,
        "ebit": 13.3,
        "grossIncome": 61.2,
        "interestExpense": 49.3,
        "interestIncomeExpense": -49.3,
        "minorityInterest": -2.6,
        "netIncome": 254,
        "netIncomeAfterTaxes": -100.2,
        "nonRecurringItems": 28.1,
        "period": "2018-12-31",
        "pretaxIncome": -25.2,
        "provisionforIncomeTaxes": 75,
        "revenue": 570.7,
        "sgaExpense": 47.9,
        "totalOperatingExpense": 47.9,
        "totalOtherIncomeExpenseNet": -17.3
      },
      {
        "costOfGoodsSold": 2714,
        "dilutedAverageSharesOutstanding": 249.5,
        "dilutedEPS": 2.06,
        "ebit": 607.1,
        "grossIncome": 1316.9,
        "interestExpense": 48.5,
        "interestIncomeExpense": -59.5,
        "minorityInterest": -4.3,
        "netIncome": 515.1,
        "netIncomeAfterTaxes": 531.1,
        "nonRecurringItems": -20.1,
        "period": "2018-09-30",
        "pretaxIncome": 530,
        "provisionforIncomeTaxes": -1.1,
        "revenue": 4030.9,
        "sgaExpense": 709.8,
        "totalOperatingExpense": 709.8,
        "totalOtherIncomeExpenseNet": 2.5
      },
      {
        "costOfGoodsSold": 2959.5,
        "dilutedAverageSharesOutstanding": 250.1,
        "dilutedEPS": 1.79,
        "ebit": 647.4,
        "grossIncome": 1398.2,
        "interestExpense": 50.3,
        "interestIncomeExpense": -79.1,
        "minorityInterest": -4.5,
        "netIncome": 448.1,
        "netIncomeAfterTaxes": 458.5,
        "nonRecurringItems": -7.1,
        "period": "2018-06-30",
        "pretaxIncome": 586.5,
        "provisionforIncomeTaxes": 128,
        "revenue": 4357.7,
        "sgaExpense": 750.8,
        "totalOperatingExpense": 750.8,
        "totalOtherIncomeExpenseNet": 25.3
      },
      {
        "costOfGoodsSold": 2412.3,
        "dilutedAverageSharesOutstanding": 253,
        "dilutedEPS": 0.47,
        "ebit": 287.8,
        "grossIncome": 972.2,
        "interestExpense": 72.9,
        "interestIncomeExpense": -66.9,
        "minorityInterest": -3.7,
        "netIncome": 120.4,
        "netIncomeAfterTaxes": 133.5,
        "nonRecurringItems": -44.4,
        "period": "2018-03-31",
        "pretaxIncome": 166.5,
        "provisionforIncomeTaxes": 33,
        "revenue": 3384.5,
        "sgaExpense": 684.4,
        "totalOperatingExpense": 684.4,
        "totalOtherIncomeExpenseNet": -10
      },
      {
        "costOfGoodsSold": 2504.5,
        "dilutedAverageSharesOutstanding": 253.3,
        "dilutedEPS": 1.81,
        "ebit": 400.1,
        "grossIncome": 1113.6,
        "interestExpense": 53.8,
        "interestIncomeExpense": -46.7,
        "minorityInterest": 2.8,
        "netIncome": 459.9,
        "netIncomeAfterTaxes": 467,
        "nonRecurringItems": -13.5,
        "period": "2017-12-31",
        "pretaxIncome": 325,
        "provisionforIncomeTaxes": -142,
        "revenue": 3618.1,
        "sgaExpense": 713.5,
        "totalOperatingExpense": 713.5,
        "totalOtherIncomeExpenseNet": -14.9
      },
      {
        "costOfGoodsSold": 2483.1,
        "dilutedAverageSharesOutstanding": 256.7,
        "dilutedEPS": 1.42,
        "ebit": 516.1,
        "grossIncome": 1187.4,
        "interestExpense": 53.9,
        "interestIncomeExpense": -39.1,
        "minorityInterest": -4.9,
        "netIncome": 367,
        "netIncomeAfterTaxes": 368.2,
        "nonRecurringItems": -10,
        "period": "2017-09-30",
        "pretaxIncome": 444.6,
        "provisionforIncomeTaxes": 76.4,
        "revenue": 3670.5,
        "sgaExpense": 671.3,
        "totalOperatingExpense": 671.3,
        "totalOtherIncomeExpenseNet": -22.4
      },
      {
        "costOfGoodsSold": 2651.2,
        "dilutedAverageSharesOutstanding": 259.7,
        "dilutedEPS": 1.38,
        "ebit": 562.7,
        "grossIncome": 1257.2,
        "interestExpense": 54.1,
        "interestIncomeExpense": -42,
        "minorityInterest": -3.6,
        "netIncome": 358.6,
        "netIncomeAfterTaxes": 353.9,
        "nonRecurringItems": -5.5,
        "period": "2017-06-30",
        "pretaxIncome": 492,
        "provisionforIncomeTaxes": 138.1,
        "revenue": 3908.4,
        "sgaExpense": 694.5,
        "totalOperatingExpense": 694.5,
        "totalOtherIncomeExpenseNet": -23.2
      },
      {
        "costOfGoodsSold": 2095.8,
        "dilutedAverageSharesOutstanding": 262.6,
        "dilutedEPS": 0.44,
        "ebit": 247.7,
        "grossIncome": 904.8,
        "interestExpense": 54,
        "interestIncomeExpense": -29,
        "minorityInterest": -4,
        "netIncome": 117.1,
        "netIncomeAfterTaxes": 127.6,
        "nonRecurringItems": -32.7,
        "period": "2017-03-31",
        "pretaxIncome": 156.3,
        "provisionforIncomeTaxes": 28.7,
        "revenue": 3000.6,
        "sgaExpense": 657.1,
        "totalOperatingExpense": 657.1,
        "totalOtherIncomeExpenseNet": -29.7
      },
      {
        "costOfGoodsSold": 2343.3,
        "dilutedAverageSharesOutstanding": 262.6,
        "dilutedEPS": 0.76,
        "ebit": 367.5,
        "grossIncome": 1015.5,
        "interestExpense": 53.8,
        "interestIncomeExpense": -107.5,
        "minorityInterest": -4,
        "netIncome": 198.8,
        "netIncomeAfterTaxes": 204.2,
        "nonRecurringItems": -31.1,
        "period": "2016-12-31",
        "pretaxIncome": 268.1,
        "provisionforIncomeTaxes": 63.9,
        "revenue": 3358.8,
        "sgaExpense": 648,
        "totalOperatingExpense": 648,
        "totalOtherIncomeExpenseNet": 39.2
      },
      {
        "costOfGoodsSold": 2407.6,
        "dilutedAverageSharesOutstanding": 261.8,
        "dilutedEPS": 1.44,
        "ebit": 519,
        "grossIncome": 1160.2,
        "interestExpense": 54.5,
        "interestIncomeExpense": -59.3,
        "minorityInterest": -4.5,
        "netIncome": 377.4,
        "netIncomeAfterTaxes": 367.7,
        "nonRecurringItems": -7.3,
        "period": "2016-09-30",
        "pretaxIncome": 450.9,
        "provisionforIncomeTaxes": 83.2,
        "revenue": 3567.8,
        "sgaExpense": 641.2,
        "totalOperatingExpense": 641.2,
        "totalOtherIncomeExpenseNet": -1.5
      },
      {
        "costOfGoodsSold": 2504.7,
        "dilutedAverageSharesOutstanding": 261.6,
        "dilutedEPS": 2.85,
        "ebit": 518.4,
        "grossIncome": 1183.5,
        "interestExpense": 56.5,
        "interestIncomeExpense": 332.9,
        "minorityInterest": -4.8,
        "netIncome": 747.6,
        "netIncomeAfterTaxes": 759.2,
        "nonRecurringItems": -5.1,
        "period": "2016-06-30",
        "pretaxIncome": 851.7,
        "provisionforIncomeTaxes": 92.5,
        "revenue": 3688.2,
        "sgaExpense": 665.1,
        "totalOperatingExpense": 665.1,
        "totalOtherIncomeExpenseNet": 5.5
      },
      {
        "costOfGoodsSold": 2039.2,
        "dilutedAverageSharesOutstanding": 261.3,
        "dilutedEPS": 0.58,
        "ebit": 233.8,
        "grossIncome": 854.9,
        "interestExpense": 56.7,
        "interestIncomeExpense": -23.8,
        "minorityInterest": -3.2,
        "netIncome": 152.4,
        "netIncomeAfterTaxes": 128.7,
        "nonRecurringItems": -8.4,
        "period": "2016-03-31",
        "pretaxIncome": 170.6,
        "provisionforIncomeTaxes": 41.9,
        "revenue": 2894.1,
        "sgaExpense": 621.1,
        "totalOperatingExpense": 621.1,
        "totalOtherIncomeExpenseNet": -31
      },
      {
        "costOfGoodsSold": 2316.8,
        "dilutedAverageSharesOutstanding": 265.1,
        "dilutedEPS": 0.88,
        "ebit": 393,
        "grossIncome": 1009,
        "interestExpense": 56.3,
        "interestIncomeExpense": -56.3,
        "minorityInterest": -5,
        "netIncome": 233.5,
        "netIncomeAfterTaxes": 239.4,
        "period": "2015-12-31",
        "pretaxIncome": 308.1,
        "provisionforIncomeTaxes": 68.7,
        "revenue": 3325.8,
        "sgaExpense": 616,
        "totalOperatingExpense": 616,
        "totalOtherIncomeExpenseNet": -28.6
      },
      {
        "costOfGoodsSold": 2379.4,
        "dilutedAverageSharesOutstanding": 268.3,
        "dilutedEPS": 1.12,
        "ebit": 475.4,
        "grossIncome": 1107.5,
        "interestExpense": 55.8,
        "interestIncomeExpense": -61.2,
        "minorityInterest": -5.1,
        "netIncome": 300.9,
        "netIncomeAfterTaxes": 318,
        "period": "2015-09-30",
        "pretaxIncome": 431.8,
        "provisionforIncomeTaxes": 113.8,
        "revenue": 3486.9,
        "sgaExpense": 632.1,
        "totalOperatingExpense": 632.1,
        "totalOtherIncomeExpenseNet": 17.6
      }
    ],
    "symbol": "TT"
  }
}