{
  "symbol": "CLX",
  "statement": "ic",
  "frequency": "annual",
  "timestamp": "2025-09-19T13:58:05.266504",
  "data": {
    "financials": [
      {
        "costOfGoodsSold": 3896,
        "depreciationAmortization": 21,
        "dilutedAverageSharesOutstanding": 124.287,
        "dilutedEPS": 6.5172,
        "ebit": 1185,
        "grossIncome": 3208,
        "interestExpense": 88,
        "interestIncomeExpense": -59,
        "minorityInterest": -14,
        "netIncome": 810,
        "netIncomeAfterTaxes": 824,
        "nonRecurringItems": -48,
        "otherOperatingExpensesTotal": -13,
        "period": "2025-06-30",
        "pretaxIncome": 1078,
        "provisionforIncomeTaxes": 254,
        "researchDevelopment": 121,
        "revenue": 7104,
        "sgaExpense": 1894,
        "totalOperatingExpense": 2023,
        "year": 2025
      },
      {
        "costOfGoodsSold": 4028,
        "depreciationAmortization": 29,
        "dilutedAverageSharesOutstanding": 124.804,
        "dilutedEPS": 2.2435,
        "ebit": 921,
        "grossIncome": 3065,
        "interestExpense": 77,
        "interestIncomeExpense": -54,
        "minorityInterest": -12,
        "netIncome": 280,
        "netIncomeAfterTaxes": 292,
        "nonRecurringItems": -469,
        "otherOperatingExpensesTotal": 18,
        "period": "2024-06-30",
        "pretaxIncome": 398,
        "provisionforIncomeTaxes": 106,
        "researchDevelopment": 126,
        "revenue": 7093,
        "sgaExpense": 1971,
        "totalOperatingExpense": 2144,
        "year": 2024
      },
      {
        "costOfGoodsSold": 4484,
        "depreciationAmortization": 30,
        "dilutedAverageSharesOutstanding": 124.2,
        "dilutedEPS": 1.2,
        "ebit": 812,
        "grossIncome": 2905,
        "interestExpense": 77,
        "interestIncomeExpense": -56,
        "minorityInterest": -12,
        "netIncome": 149,
        "netIncomeAfterTaxes": 161,
        "nonRecurringItems": -518,
        "otherOperatingExpensesTotal": 19,
        "period": "2023-06-30",
        "pretaxIncome": 238,
        "provisionforIncomeTaxes": 77,
        "researchDevelopment": 139,
        "revenue": 7389,
        "sgaExpense": 1905,
        "totalOperatingExpense": 2093,
        "year": 2023
      },
      {
        "costOfGoodsSold": 4562,
        "depreciationAmortization": 31,
        "dilutedAverageSharesOutstanding": 123.9,
        "dilutedEPS": 3.73,
        "ebit": 712,
        "grossIncome": 2545,
        "interestExpense": 93,
        "interestIncomeExpense": -106,
        "minorityInterest": -9,
        "netIncome": 462,
        "netIncomeAfterTaxes": 471,
        "nonRecurringItems": 1,
        "otherOperatingExpensesTotal": 7,
        "period": "2022-06-30",
        "pretaxIncome": 607,
        "provisionforIncomeTaxes": 136,
        "researchDevelopment": 132,
        "revenue": 7107,
        "sgaExpense": 1663,
        "totalOperatingExpense": 1833,
        "year": 2022
      },
      {
        "costOfGoodsSold": 4142,
        "depreciationAmortization": 31,
        "dilutedAverageSharesOutstanding": 127.3,
        "dilutedEPS": 5.58,
        "ebit": 1218,
        "grossIncome": 3199,
        "interestExpense": 99,
        "interestIncomeExpense": 11,
        "minorityInterest": -9,
        "netIncome": 710,
        "netIncomeAfterTaxes": 719,
        "nonRecurringItems": -329,
        "otherOperatingExpensesTotal": 7,
        "period": "2021-06-30",
        "pretaxIncome": 900,
        "provisionforIncomeTaxes": 181,
        "researchDevelopment": 149,
        "revenue": 7341,
        "sgaExpense": 1794,
        "totalOperatingExpense": 1981,
        "year": 2021
      },
      {
        "costOfGoodsSold": 3658,
        "depreciationAmortization": 13,
        "dilutedAverageSharesOutstanding": 127.7,
        "dilutedEPS": 7.35,
        "ebit": 1271,
        "grossIncome": 3063,
        "interestExpense": 99,
        "interestIncomeExpense": -84,
        "netIncome": 939,
        "netIncomeAfterTaxes": 939,
        "nonRecurringItems": -2,
        "otherOperatingExpensesTotal": -10,
        "period": "2020-06-30",
        "pretaxIncome": 1185,
        "provisionforIncomeTaxes": 246,
        "researchDevelopment": 145,
        "revenue": 6721,
        "sgaExpense": 1644,
        "totalOperatingExpense": 1792,
        "year": 2020
      },
      {
        "costOfGoodsSold": 3486,
        "depreciationAmortization": 17,
        "dilutedAverageSharesOutstanding": 129.8,
        "dilutedEPS": 6.32,
        "ebit": 1110,
        "grossIncome": 2728,
        "interestExpense": 97,
        "interestIncomeExpense": -86,
        "netIncome": 820,
        "netIncomeAfterTaxes": 820,
        "nonRecurringItems": 0,
        "otherOperatingExpensesTotal": -3,
        "period": "2019-06-30",
        "pretaxIncome": 1024,
        "provisionforIncomeTaxes": 204,
        "researchDevelopment": 136,
        "revenue": 6214,
        "sgaExpense": 1468,
        "totalOperatingExpense": 1618,
        "year": 2019
      },
      {
        "costOfGoodsSold": 3449,
        "depreciationAmortization": 11,
        "dilutedAverageSharesOutstanding": 131.6,
        "dilutedEPS": 6.25,
        "ebit": 1129,
        "grossIncome": 2675,
        "interestExpense": 85,
        "interestIncomeExpense": -70,
        "netIncome": 823,
        "netIncomeAfterTaxes": 742,
        "nonRecurringItems": -5,
        "otherOperatingExpensesTotal": -4,
        "period": "2018-06-30",
        "pretaxIncome": 1054,
        "provisionforIncomeTaxes": 312,
        "researchDevelopment": 132,
        "revenue": 6124,
        "sgaExpense": 1407,
        "totalOperatingExpense": 1546,
        "year": 2018
      },
      {
        "costOfGoodsSold": 3302,
        "depreciationAmortization": 10,
        "dilutedAverageSharesOutstanding": 131.6,
        "dilutedEPS": 5.34,
        "ebit": 1109,
        "grossIncome": 2671,
        "interestExpense": 88,
        "interestIncomeExpense": -64,
        "netIncome": 701,
        "netIncomeAfterTaxes": 703,
        "nonRecurringItems": -12,
        "otherOperatingExpensesTotal": 8,
        "period": "2017-06-30",
        "pretaxIncome": 1033,
        "provisionforIncomeTaxes": 330,
        "researchDevelopment": 135,
        "revenue": 5973,
        "sgaExpense": 1409,
        "totalOperatingExpense": 1562,
        "year": 2017
      },
      {
        "costOfGoodsSold": 3163,
        "depreciationAmortization": 8,
        "dilutedAverageSharesOutstanding": 131.7,
        "dilutedEPS": 4.92,
        "ebit": 1061,
        "grossIncome": 2598,
        "interestExpense": 88,
        "interestIncomeExpense": -69,
        "netIncome": 648,
        "netIncomeAfterTaxes": 648,
        "nonRecurringItems": -9,
        "otherOperatingExpensesTotal": -5,
        "period": "2016-06-30",
        "pretaxIncome": 983,
        "provisionforIncomeTaxes": 335,
        "researchDevelopment": 141,
        "revenue": 5761,
        "sgaExpense": 1393,
        "totalOperatingExpense": 1537,
        "year": 2016
      }
    ],
    "symbol": "CLX"
  }
}