{
  "symbol": "IFF",
  "statement": "ic",
  "frequency": "quarterly",
  "timestamp": "2025-09-19T14:02:09.822640",
  "data": {
    "financials": [
      {
        "costOfGoodsSold": 1734,
        "depreciationAmortization": 145,
        "dilutedAverageSharesOutstanding": 257,
        "dilutedEPS": 2.3813,
        "ebit": 220,
        "gainLossOnDispositionOfAssets": 0,
        "grossIncome": 1030,
        "interestExpense": 61,
        "interestIncomeExpense": -71,
        "minorityInterest": 0,
        "netIncome": 612,
        "netIncomeAfterTaxes": 612,
        "nonRecurringItems": 385,
        "period": "2025-06-30",
        "pretaxIncome": 534,
        "provisionforIncomeTaxes": -78,
        "researchDevelopment": 182,
        "revenue": 2764,
        "sgaExpense": 483,
        "totalOperatingExpense": 810
      },
      {
        "costOfGoodsSold": 1808,
        "depreciationAmortization": 143,
        "dilutedAverageSharesOutstanding": 256,
        "dilutedEPS": -3.9766,
        "ebit": 267,
        "grossIncome": 1035,
        "interestExpense": 71,
        "interestIncomeExpense": -91,
        "minorityInterest": -1,
        "netIncome": -1018,
        "netIncomeAfterTaxes": -1017,
        "nonRecurringItems": -1170,
        "period": "2025-03-31",
        "pretaxIncome": -994,
        "provisionforIncomeTaxes": 23,
        "researchDevelopment": 164,
        "revenue": 2843,
        "sgaExpense": 461,
        "totalOperatingExpense": 768
      },
      {
        "costOfGoodsSold": 1791,
        "depreciationAmortization": 143,
        "dilutedAverageSharesOutstanding": 259,
        "dilutedEPS": -0.1776,
        "ebit": 150,
        "gainLossOnDispositionOfAssets": -33,
        "grossIncome": 980,
        "interestExpense": 69,
        "interestIncomeExpense": -82,
        "minorityInterest": 0,
        "netIncome": -46,
        "netIncomeAfterTaxes": -46,
        "nonRecurringItems": -25,
        "period": "2024-12-31",
        "pretaxIncome": -115,
        "provisionforIncomeTaxes": -69,
        "researchDevelopment": 170,
        "revenue": 2771,
        "sgaExpense": 517,
        "totalOperatingExpense": 830,
        "totalOtherIncomeExpenseNet": -125
      },
      {
        "costOfGoodsSold": 1873,
        "depreciationAmortization": 146,
        "dilutedAverageSharesOutstanding": 257,
        "dilutedEPS": 0.23,
        "ebit": 249,
        "gainLossOnDispositionOfAssets": -32,
        "grossIncome": 1052,
        "interestExpense": 74,
        "interestIncomeExpense": -102,
        "minorityInterest": -1,
        "netIncome": 59,
        "netIncomeAfterTaxes": 60,
        "nonRecurringItems": -20,
        "period": "2024-09-30",
        "pretaxIncome": 95,
        "provisionforIncomeTaxes": 35,
        "researchDevelopment": 162,
        "revenue": 2925,
        "sgaExpense": 495,
        "totalOperatingExpense": 803
      },
      {
        "costOfGoodsSold": 1821,
        "depreciationAmortization": 153,
        "dilutedAverageSharesOutstanding": 256,
        "dilutedEPS": 0.66,
        "ebit": 249,
        "gainLossOnDispositionOfAssets": -282,
        "grossIncome": 1068,
        "interestExpense": 79,
        "interestIncomeExpense": -79,
        "minorityInterest": -2,
        "netIncome": 170,
        "netIncomeAfterTaxes": 172,
        "nonRecurringItems": 310,
        "period": "2024-06-30",
        "pretaxIncome": 183,
        "provisionforIncomeTaxes": 11,
        "researchDevelopment": 173,
        "revenue": 2889,
        "sgaExpense": 493,
        "totalOperatingExpense": 819,
        "totalOtherIncomeExpenseNet": -15
      },
      {
        "costOfGoodsSold": 1875,
        "depreciationAmortization": 168,
        "dilutedAverageSharesOutstanding": 256,
        "dilutedEPS": 0.23,
        "ebit": 200,
        "grossIncome": 1024,
        "interestExpense": 83,
        "interestIncomeExpense": -83,
        "minorityInterest": -1,
        "netIncome": 60,
        "netIncomeAfterTaxes": 61,
        "nonRecurringItems": -1,
        "period": "2024-03-31",
        "pretaxIncome": 115,
        "provisionforIncomeTaxes": 54,
        "researchDevelopment": 166,
        "revenue": 2899,
        "sgaExpense": 490,
        "totalOperatingExpense": 824,
        "totalOtherIncomeExpenseNet": -1
      },
      {
        "costOfGoodsSold": 1843,
        "depreciationAmortization": 167,
        "dilutedAverageSharesOutstanding": 255,
        "dilutedEPS": -10.22,
        "ebit": 92,
        "grossIncome": 860,
        "interestExpense": 43,
        "interestIncomeExpense": -43,
        "minorityInterest": -1,
        "netIncome": -2607,
        "netIncomeAfterTaxes": -2609,
        "nonRecurringItems": -2628,
        "period": "2023-12-31",
        "pretaxIncome": -2641,
        "provisionforIncomeTaxes": -32,
        "researchDevelopment": 157,
        "revenue": 2703,
        "sgaExpense": 444,
        "totalOperatingExpense": 768,
        "totalOtherIncomeExpenseNet": -62
      },
      {
        "costOfGoodsSold": 1896,
        "depreciationAmortization": 170,
        "dilutedAverageSharesOutstanding": 256,
        "dilutedEPS": 0.1,
        "ebit": 153,
        "grossIncome": 924,
        "interestExpense": 110,
        "interestIncomeExpense": -110,
        "minorityInterest": -2,
        "netIncome": 25,
        "netIncomeAfterTaxes": 27,
        "nonRecurringItems": -3,
        "period": "2023-09-30",
        "pretaxIncome": 59,
        "provisionforIncomeTaxes": 32,
        "researchDevelopment": 157,
        "revenue": 2820,
        "sgaExpense": 444,
        "totalOperatingExpense": 771,
        "totalOtherIncomeExpenseNet": 19
      },
      {
        "costOfGoodsSold": 1996,
        "depreciationAmortization": 172,
        "dilutedAverageSharesOutstanding": 255,
        "dilutedEPS": 0.1,
        "ebit": 155,
        "grossIncome": 933,
        "interestExpense": 116,
        "interestIncomeExpense": -116,
        "minorityInterest": 0,
        "netIncome": 26,
        "netIncomeAfterTaxes": 27,
        "nonRecurringItems": -10,
        "period": "2023-06-30",
        "pretaxIncome": 50,
        "provisionforIncomeTaxes": 23,
        "researchDevelopment": 161,
        "revenue": 2929,
        "sgaExpense": 445,
        "totalOperatingExpense": 778,
        "totalOtherIncomeExpenseNet": 21
      },
      {
        "costOfGoodsSold": 2063,
        "depreciationAmortization": 171,
        "dilutedAverageSharesOutstanding": 255,
        "dilutedEPS": -0.04,
        "ebit": 178,
        "grossIncome": 964,
        "interestExpense": 111,
        "interestIncomeExpense": -111,
        "minorityInterest": -1,
        "netIncome": -9,
        "netIncomeAfterTaxes": -8,
        "nonRecurringItems": -47,
        "period": "2023-03-31",
        "pretaxIncome": 14,
        "provisionforIncomeTaxes": 22,
        "researchDevelopment": 161,
        "revenue": 3027,
        "sgaExpense": 454,
        "totalOperatingExpense": 786,
        "totalOtherIncomeExpenseNet": -6
      },
      {
        "costOfGoodsSold": 1975,
        "depreciationAmortization": 175,
        "dilutedAverageSharesOutstanding": 255,
        "dilutedEPS": -0.1,
        "ebit": 111,
        "grossIncome": 869,
        "interestExpense": 104,
        "interestIncomeExpense": -104,
        "minorityInterest": -1,
        "netIncome": -25,
        "netIncomeAfterTaxes": -24,
        "nonRecurringItems": -6,
        "period": "2022-12-31",
        "pretaxIncome": -5,
        "provisionforIncomeTaxes": 19,
        "researchDevelopment": 143,
        "revenue": 2844,
        "sgaExpense": 440,
        "totalOperatingExpense": 758,
        "totalOtherIncomeExpenseNet": -6
      },
      {
        "costOfGoodsSold": 2062,
        "depreciationAmortization": 182,
        "dilutedAverageSharesOutstanding": 255,
        "dilutedEPS": -8.61,
        "ebit": 261,
        "grossIncome": 1001,
        "interestExpense": 83,
        "interestIncomeExpense": -83,
        "minorityInterest": -2,
        "netIncome": -2196,
        "netIncomeAfterTaxes": -2195,
        "nonRecurringItems": -2246,
        "period": "2022-09-30",
        "pretaxIncome": -2035,
        "provisionforIncomeTaxes": 160,
        "researchDevelopment": 145,
        "revenue": 3063,
        "sgaExpense": 413,
        "totalOperatingExpense": 740,
        "totalOtherIncomeExpenseNet": 33
      },
      {
        "costOfGoodsSold": 2171,
        "depreciationAmortization": 184,
        "dilutedAverageSharesOutstanding": 255,
        "dilutedEPS": 0.43,
        "ebit": 338,
        "grossIncome": 1136,
        "interestExpense": 77,
        "interestIncomeExpense": -77,
        "minorityInterest": -2,
        "netIncome": 109,
        "netIncomeAfterTaxes": 109,
        "nonRecurringItems": -125,
        "period": "2022-06-30",
        "pretaxIncome": 130,
        "provisionforIncomeTaxes": 21,
        "researchDevelopment": 158,
        "revenue": 3307,
        "sgaExpense": 456,
        "totalOperatingExpense": 798,
        "totalOtherIncomeExpenseNet": -6
      },
      {
        "costOfGoodsSold": 2081,
        "depreciationAmortization": 186,
        "dilutedAverageSharesOutstanding": 255,
        "dilutedEPS": 0.96,
        "ebit": 343,
        "grossIncome": 1145,
        "interestExpense": 72,
        "interestIncomeExpense": -72,
        "minorityInterest": -2,
        "netIncome": 244,
        "netIncomeAfterTaxes": 246,
        "nonRecurringItems": -2,
        "period": "2022-03-31",
        "pretaxIncome": 285,
        "provisionforIncomeTaxes": 39,
        "researchDevelopment": 157,
        "revenue": 3226,
        "sgaExpense": 459,
        "totalOperatingExpense": 802,
        "totalOtherIncomeExpenseNet": 16
      },
      {
        "costOfGoodsSold": 2050,
        "depreciationAmortization": 185,
        "dilutedAverageSharesOutstanding": 255,
        "dilutedEPS": 0.35,
        "ebit": 180,
        "grossIncome": 981,
        "interestExpense": 73,
        "interestIncomeExpense": -73,
        "minorityInterest": -2,
        "netIncome": 89,
        "netIncomeAfterTaxes": 92,
        "nonRecurringItems": -7,
        "period": "2021-12-31",
        "pretaxIncome": 114,
        "provisionforIncomeTaxes": 22,
        "researchDevelopment": 166,
        "revenue": 3031,
        "sgaExpense": 450,
        "totalOperatingExpense": 801,
        "totalOtherIncomeExpenseNet": 14
      },
      {
        "costOfGoodsSold": 1981,
        "depreciationAmortization": 195,
        "dilutedAverageSharesOutstanding": 255,
        "dilutedEPS": 0.76,
        "ebit": 303,
        "grossIncome": 1090,
        "interestExpense": 74,
        "interestIncomeExpense": -74,
        "minorityInterest": -3,
        "netIncome": 193,
        "netIncomeAfterTaxes": 197,
        "nonRecurringItems": -5,
        "period": "2021-09-30",
        "pretaxIncome": 250,
        "provisionforIncomeTaxes": 53,
        "researchDevelopment": 156,
        "revenue": 3071,
        "sgaExpense": 436,
        "totalOperatingExpense": 787,
        "totalOtherIncomeExpenseNet": 26
      },
      {
        "costOfGoodsSold": 2179,
        "depreciationAmortization": 200,
        "dilutedAverageSharesOutstanding": 255,
        "dilutedEPS": 0.11,
        "ebit": 134,
        "grossIncome": 910,
        "interestExpense": 77,
        "interestIncomeExpense": -77,
        "minorityInterest": -2,
        "netIncome": 29,
        "netIncomeAfterTaxes": 30,
        "nonRecurringItems": -24,
        "period": "2021-06-30",
        "pretaxIncome": 44,
        "provisionforIncomeTaxes": 14,
        "researchDevelopment": 164,
        "revenue": 3089,
        "sgaExpense": 412,
        "totalOperatingExpense": 776,
        "totalOtherIncomeExpenseNet": 11
      },
      {
        "costOfGoodsSold": 1711,
        "depreciationAmortization": 152,
        "dilutedAverageSharesOutstanding": 206,
        "dilutedEPS": -0.21,
        "ebit": 8,
        "grossIncome": 754,
        "interestExpense": 65,
        "interestIncomeExpense": -65,
        "minorityInterest": -2,
        "netIncome": -43,
        "netIncomeAfterTaxes": -40,
        "nonRecurringItems": -4,
        "period": "2021-03-31",
        "pretaxIncome": -54,
        "provisionforIncomeTaxes": -14,
        "researchDevelopment": 143,
        "revenue": 2465,
        "sgaExpense": 451,
        "totalOperatingExpense": 746,
        "totalOtherIncomeExpenseNet": 7
      },
      {
        "costOfGoodsSold": 756.343,
        "depreciationAmortization": 47.685,
        "dilutedAverageSharesOutstanding": 112.204,
        "dilutedEPS": 0.63,
        "ebit": 111.815,
        "grossIncome": 513.73,
        "interestExpense": 32.756,
        "interestIncomeExpense": -32.756,
        "minorityInterest": 1.025,
        "netIncome": 70.25,
        "netIncomeAfterTaxes": 66.564,
        "nonRecurringItems": -11.212,
        "period": "2020-12-31",
        "pretaxIncome": 79.298,
        "provisionforIncomeTaxes": 12.734,
        "researchDevelopment": 100.038,
        "revenue": 1270.073,
        "sgaExpense": 254.192,
        "totalOperatingExpense": 401.915,
        "totalOtherIncomeExpenseNet": 11.451
      },
      {
        "costOfGoodsSold": 743.649,
        "depreciationAmortization": 47.738,
        "dilutedAverageSharesOutstanding": 113.622,
        "dilutedEPS": 0.74,
        "ebit": 152.201,
        "grossIncome": 524.427,
        "interestExpense": 34.844,
        "interestIncomeExpense": -34.844,
        "minorityInterest": -1.403,
        "netIncome": 83.864,
        "netIncomeAfterTaxes": 86.231,
        "nonRecurringItems": -1.912,
        "period": "2020-09-30",
        "pretaxIncome": 105.5,
        "provisionforIncomeTaxes": 19.269,
        "researchDevelopment": 89.968,
        "revenue": 1268.076,
        "sgaExpense": 234.52,
        "totalOperatingExpense": 372.226,
        "totalOtherIncomeExpenseNet": -9.945
      },
      {
        "costOfGoodsSold": 716.931,
        "depreciationAmortization": 48.834,
        "dilutedAverageSharesOutstanding": 114.908,
        "dilutedEPS": 0.67,
        "ebit": 121.653,
        "grossIncome": 481.842,
        "interestExpense": 32.062,
        "interestIncomeExpense": -24.399,
        "minorityInterest": -1.162,
        "netIncome": 76.098,
        "netIncomeAfterTaxes": 87.366,
        "nonRecurringItems": -2.283,
        "period": "2020-06-30",
        "pretaxIncome": 103.065,
        "provisionforIncomeTaxes": 15.699,
        "researchDevelopment": 80.948,
        "revenue": 1198.773,
        "sgaExpense": 230.407,
        "totalOperatingExpense": 360.189,
        "totalOtherIncomeExpenseNet": 8.094
      },
      {
        "costOfGoodsSold": 781.45,
        "depreciationAmortization": 48.35,
        "dilutedAverageSharesOutstanding": 113.594,
        "dilutedEPS": 1.15,
        "ebit": 201.894,
        "grossIncome": 565.867,
        "interestExpense": 32.14,
        "interestIncomeExpense": -39.803,
        "minorityInterest": -2.604,
        "netIncome": 130.213,
        "netIncomeAfterTaxes": 127.211,
        "nonRecurringItems": -5.672,
        "period": "2020-03-31",
        "pretaxIncome": 153.508,
        "provisionforIncomeTaxes": 26.297,
        "researchDevelopment": 85.909,
        "revenue": 1347.317,
        "sgaExpense": 229.714,
        "totalOperatingExpense": 363.973,
        "totalOtherIncomeExpenseNet": -2.911
      },
      {
        "costOfGoodsSold": 781.607,
        "depreciationAmortization": 49.133,
        "dilutedAverageSharesOutstanding": 113.829,
        "dilutedEPS": 0.7,
        "ebit": 125.38,
        "grossIncome": 502.162,
        "interestExpense": 35.559,
        "interestIncomeExpense": -42.4,
        "minorityInterest": 3.165,
        "netIncome": 79.353,
        "netIncomeAfterTaxes": 80.378,
        "nonRecurringItems": -8.581,
        "period": "2019-12-31",
        "pretaxIncome": 96.529,
        "provisionforIncomeTaxes": 16.151,
        "researchDevelopment": 85.639,
        "revenue": 1283.769,
        "sgaExpense": 242.01,
        "totalOperatingExpense": 376.782,
        "totalOtherIncomeExpenseNet": 22.13
      },
      {
        "costOfGoodsSold": 734.257,
        "depreciationAmortization": 48.43,
        "dilutedAverageSharesOutstanding": 113.493,
        "dilutedEPS": 1.13,
        "ebit": 188.752,
        "grossIncome": 533.088,
        "interestExpense": 33.497,
        "interestIncomeExpense": -29.105,
        "minorityInterest": -2.683,
        "netIncome": 128.66,
        "netIncomeAfterTaxes": 129.807,
        "nonRecurringItems": -4.088,
        "period": "2019-09-30",
        "pretaxIncome": 156.866,
        "provisionforIncomeTaxes": 27.059,
        "researchDevelopment": 85.077,
        "revenue": 1267.345,
        "sgaExpense": 210.829,
        "totalOperatingExpense": 344.336,
        "totalOtherIncomeExpenseNet": 1.307
      },
      {
        "costOfGoodsSold": 745.329,
        "depreciationAmortization": 47.909,
        "dilutedAverageSharesOutstanding": 112.872,
        "dilutedEPS": 1.2,
        "ebit": 203.414,
        "grossIncome": 546.239,
        "interestExpense": 32.593,
        "interestIncomeExpense": -28.661,
        "minorityInterest": -2.492,
        "netIncome": 135.664,
        "netIncomeAfterTaxes": 138.869,
        "nonRecurringItems": -3.477,
        "period": "2019-06-30",
        "pretaxIncome": 169.481,
        "provisionforIncomeTaxes": 30.612,
        "researchDevelopment": 84.816,
        "revenue": 1291.568,
        "sgaExpense": 210.1,
        "totalOperatingExpense": 342.825,
        "totalOtherIncomeExpenseNet": -1.795
      },
      {
        "costOfGoodsSold": 766.143,
        "depreciationAmortization": 47.625,
        "dilutedAverageSharesOutstanding": 113.389,
        "dilutedEPS": 0.96,
        "ebit": 179.856,
        "grossIncome": 531.259,
        "interestExpense": 36.572,
        "interestIncomeExpense": -35.646,
        "minorityInterest": -2.385,
        "netIncome": 109.099,
        "netIncomeAfterTaxes": 111.214,
        "nonRecurringItems": -15.986,
        "period": "2019-03-31",
        "pretaxIncome": 134.576,
        "provisionforIncomeTaxes": 23.362,
        "researchDevelopment": 90.596,
        "revenue": 1297.402,
        "sgaExpense": 213.182,
        "totalOperatingExpense": 351.403,
        "totalOtherIncomeExpenseNet": 6.352
      },
      {
        "costOfGoodsSold": 741.532,
        "depreciationAmortization": 48.107,
        "dilutedAverageSharesOutstanding": 112.139,
        "dilutedEPS": 0.08,
        "ebit": 96.756,
        "grossIncome": 477.515,
        "interestExpense": 38.803,
        "interestIncomeExpense": -46.151,
        "minorityInterest": -5.327,
        "netIncome": 9.773,
        "netIncomeAfterTaxes": 55.9,
        "nonRecurringItems": -1.507,
        "period": "2018-12-31",
        "pretaxIncome": 66.3,
        "provisionforIncomeTaxes": 10.4,
        "researchDevelopment": 83.038,
        "revenue": 1219.047,
        "sgaExpense": 249.614,
        "totalOperatingExpense": 380.759,
        "totalOtherIncomeExpenseNet": 17.202
      },
      {
        "costOfGoodsSold": 506.882,
        "depreciationAmortization": 9.003,
        "dilutedAverageSharesOutstanding": 81.647,
        "dilutedEPS": 1.17,
        "ebit": 158.565,
        "grossIncome": 400.666,
        "interestExpense": 49.203,
        "interestIncomeExpense": -14.462,
        "netIncome": 95.616,
        "netIncomeAfterTaxes": 87.516,
        "nonRecurringItems": -38.107,
        "period": "2018-09-30",
        "pretaxIncome": 100.702,
        "provisionforIncomeTaxes": 13.186,
        "researchDevelopment": 75.302,
        "revenue": 907.548,
        "sgaExpense": 157.796,
        "totalOperatingExpense": 242.101,
        "totalOtherIncomeExpenseNet": -5.294
      },
      {
        "costOfGoodsSold": 521.299,
        "depreciationAmortization": 9.584,
        "dilutedAverageSharesOutstanding": 79.303,
        "dilutedEPS": 1.25,
        "ebit": 156.959,
        "grossIncome": 398.717,
        "interestExpense": 28.309,
        "interestIncomeExpense": -37.582,
        "netIncome": 98.949,
        "netIncomeAfterTaxes": 99.149,
        "nonRecurringItems": -2.45,
        "period": "2018-06-30",
        "pretaxIncome": 121.918,
        "provisionforIncomeTaxes": 22.769,
        "researchDevelopment": 74.767,
        "revenue": 920.016,
        "sgaExpense": 157.407,
        "totalOperatingExpense": 241.758,
        "totalOtherIncomeExpenseNet": 4.991
      },
      {
        "costOfGoodsSold": 525.119,
        "depreciationAmortization": 9.185,
        "dilutedAverageSharesOutstanding": 79.393,
        "dilutedEPS": 1.63,
        "ebit": 175.504,
        "grossIncome": 405.809,
        "interestExpense": 16.595,
        "interestIncomeExpense": -20.21,
        "netIncome": 129.116,
        "netIncomeAfterTaxes": 130.016,
        "nonRecurringItems": -0.648,
        "period": "2018-03-31",
        "pretaxIncome": 158.837,
        "provisionforIncomeTaxes": 28.821,
        "researchDevelopment": 78.476,
        "revenue": 930.928,
        "sgaExpense": 142.644,
        "totalOperatingExpense": 230.305,
        "totalOtherIncomeExpenseNet": 4.191
      },
      {
        "costOfGoodsSold": 498.626,
        "depreciationAmortization": 10.366,
        "dilutedAverageSharesOutstanding": 79.064,
        "dilutedEPS": -0.51,
        "ebit": 127.344,
        "grossIncome": 355.999,
        "interestExpense": 15.779,
        "interestIncomeExpense": -16.679,
        "netIncome": -40.455,
        "netIncomeAfterTaxes": 99.045,
        "nonRecurringItems": -5.464,
        "period": "2017-12-31",
        "pretaxIncome": 115.192,
        "provisionforIncomeTaxes": 16.147,
        "researchDevelopment": 76.82,
        "revenue": 854.625,
        "sgaExpense": 141.469,
        "totalOperatingExpense": 228.655,
        "totalOtherIncomeExpenseNet": 9.991
      },
      {
        "costOfGoodsSold": 492.542,
        "depreciationAmortization": 8.766,
        "dilutedAverageSharesOutstanding": 79.362,
        "dilutedEPS": 1.39,
        "ebit": 152.218,
        "grossIncome": 380.398,
        "interestExpense": 19.221,
        "interestIncomeExpense": -15.197,
        "netIncome": 110.061,
        "netIncomeAfterTaxes": 110.261,
        "nonRecurringItems": -3.218,
        "period": "2017-09-30",
        "pretaxIncome": 141.326,
        "provisionforIncomeTaxes": 31.065,
        "researchDevelopment": 73.762,
        "revenue": 872.94,
        "sgaExpense": 145.652,
        "totalOperatingExpense": 228.18,
        "totalOtherIncomeExpenseNet": 7.523
      },
      {
        "costOfGoodsSold": 469.877,
        "depreciationAmortization": 8.494,
        "dilutedAverageSharesOutstanding": 79.305,
        "dilutedEPS": 1.38,
        "ebit": 152.41,
        "grossIncome": 372.984,
        "interestExpense": 17.556,
        "interestIncomeExpense": -20.61,
        "netIncome": 109.595,
        "netIncomeAfterTaxes": 109.795,
        "nonRecurringItems": -0.723,
        "period": "2017-06-30",
        "pretaxIncome": 142.04,
        "provisionforIncomeTaxes": 32.245,
        "researchDevelopment": 72.761,
        "revenue": 842.861,
        "sgaExpense": 139.319,
        "totalOperatingExpense": 220.574,
        "totalOtherIncomeExpenseNet": 10.963
      },
      {
        "costOfGoodsSold": 465.21,
        "depreciationAmortization": 7.066,
        "dilutedAverageSharesOutstanding": 79.409,
        "dilutedEPS": 1.45,
        "ebit": 140.187,
        "grossIncome": 363.083,
        "interestExpense": 12.807,
        "interestIncomeExpense": -22.934,
        "netIncome": 115.464,
        "netIncomeAfterTaxes": 115.764,
        "nonRecurringItems": -10.122,
        "period": "2017-03-31",
        "pretaxIncome": 138.487,
        "provisionforIncomeTaxes": 22.723,
        "researchDevelopment": 72.126,
        "revenue": 828.293,
        "sgaExpense": 143.704,
        "totalOperatingExpense": 222.896,
        "totalOtherIncomeExpenseNet": 31.356
      },
      {
        "costOfGoodsSold": 439.114,
        "depreciationAmortization": 7.104,
        "dilutedAverageSharesOutstanding": 79.723,
        "dilutedEPS": 1,
        "ebit": 84.385,
        "grossIncome": 323.446,
        "interestExpense": 12.34,
        "interestIncomeExpense": 21.341,
        "netIncome": 79.717,
        "netIncomeAfterTaxes": 79.917,
        "nonRecurringItems": 9.538,
        "period": "2016-12-31",
        "pretaxIncome": 103.38,
        "provisionforIncomeTaxes": 23.463,
        "researchDevelopment": 67.811,
        "revenue": 762.56,
        "sgaExpense": 164.146,
        "totalOperatingExpense": 239.061,
        "totalOtherIncomeExpenseNet": -11.884
      },
      {
        "costOfGoodsSold": 430.733,
        "depreciationAmortization": 5.468,
        "dilutedAverageSharesOutstanding": 79.935,
        "dilutedEPS": 1.12,
        "ebit": 124.339,
        "grossIncome": 346.268,
        "interestExpense": 13.111,
        "interestIncomeExpense": -16.424,
        "netIncome": 89.577,
        "netIncomeAfterTaxes": 89.777,
        "nonRecurringItems": 0.087,
        "period": "2016-09-30",
        "pretaxIncome": 113.39,
        "provisionforIncomeTaxes": 23.613,
        "researchDevelopment": 64.415,
        "revenue": 777.001,
        "sgaExpense": 152.046,
        "totalOperatingExpense": 221.929,
        "totalOtherIncomeExpenseNet": 5.388
      },
      {
        "costOfGoodsSold": 427.837,
        "depreciationAmortization": 5.13,
        "dilutedAverageSharesOutstanding": 80.826,
        "dilutedEPS": 1.46,
        "ebit": 164.475,
        "grossIncome": 365.64,
        "interestExpense": 15.06,
        "interestIncomeExpense": -23.55,
        "netIncome": 116.734,
        "netIncomeAfterTaxes": 116.734,
        "nonRecurringItems": -2.713,
        "period": "2016-06-30",
        "pretaxIncome": 152.051,
        "provisionforIncomeTaxes": 35.317,
        "researchDevelopment": 63.252,
        "revenue": 793.477,
        "sgaExpense": 132.783,
        "totalOperatingExpense": 201.165,
        "totalOtherIncomeExpenseNet": 13.839
      },
      {
        "costOfGoodsSold": 423.103,
        "depreciationAmortization": 6.061,
        "dilutedAverageSharesOutstanding": 80.055,
        "dilutedEPS": 1.47,
        "ebit": 167.22,
        "grossIncome": 360.209,
        "interestExpense": 12.478,
        "interestIncomeExpense": -7.535,
        "netIncome": 118.003,
        "netIncomeAfterTaxes": 118.603,
        "nonRecurringItems": 2.713,
        "period": "2016-03-31",
        "pretaxIncome": 154.896,
        "provisionforIncomeTaxes": 36.293,
        "researchDevelopment": 63.385,
        "revenue": 783.312,
        "sgaExpense": 123.543,
        "totalOperatingExpense": 192.989,
        "totalOtherIncomeExpenseNet": -7.502
      },
      {
        "costOfGoodsSold": 402.493,
        "dilutedAverageSharesOutstanding": 80.408,
        "dilutedEPS": 0.98,
        "ebit": 128.783,
        "grossIncome": 313.156,
        "interestExpense": 11.705,
        "interestIncomeExpense": -11.158,
        "netIncome": 78.767,
        "netIncomeAfterTaxes": 79.167,
        "nonRecurringItems": -7.764,
        "period": "2015-12-31",
        "pretaxIncome": 102.815,
        "provisionforIncomeTaxes": 23.648,
        "researchDevelopment": 57.376,
        "revenue": 715.649,
        "sgaExpense": 126.997,
        "totalOperatingExpense": 184.373,
        "totalOtherIncomeExpenseNet": -7.046
      },
      {
        "costOfGoodsSold": 417.966,
        "dilutedAverageSharesOutstanding": 80.737,
        "dilutedEPS": 1.31,
        "ebit": 156.713,
        "grossIncome": 347.126,
        "interestExpense": 11.855,
        "interestIncomeExpense": -13.834,
        "netIncome": 105.947,
        "netIncomeAfterTaxes": 106.447,
        "nonRecurringItems": 0,
        "period": "2015-09-30",
        "pretaxIncome": 142.899,
        "provisionforIncomeTaxes": 36.452,
        "researchDevelopment": 62.75,
        "revenue": 765.092,
        "sgaExpense": 127.663,
        "totalOperatingExpense": 190.413,
        "totalOtherIncomeExpenseNet": 0.02
      }
    ],
    "symbol": "IFF"
  }
}