{
  "symbol": "AVB",
  "statement": "ic",
  "frequency": "annual",
  "timestamp": "2025-09-19T13:56:31.109586",
  "data": {
    "financials": [
      {
        "costOfGoodsSold": 1073.457,
        "depreciationAmortization": 846.853,
        "dilutedAverageSharesOutstanding": 142.4586,
        "dilutedEPS": 7.5952,
        "ebit": 915.75,
        "gainLossOnDispositionOfAssets": 364.053,
        "grossIncome": 1840.3,
        "interestExpense": 226.589,
        "interestIncomeExpense": -175.907,
        "minorityInterest": -0.181,
        "netIncome": 1079.925,
        "netIncomeAfterTaxes": 1082.175,
        "nonRecurringItems": -21.276,
        "period": "2024-12-31",
        "pretaxIncome": 1082.62,
        "provisionforIncomeTaxes": 0.445,
        "revenue": 2913.757,
        "sgaExpense": 77.697,
        "totalOperatingExpense": 924.55,
        "year": 2024
      },
      {
        "costOfGoodsSold": 988.133,
        "depreciationAmortization": 816.965,
        "dilutedAverageSharesOutstanding": 141.6438,
        "dilutedEPS": 6.5577,
        "ebit": 886.278,
        "gainLossOnDispositionOfAssets": 287.598,
        "grossIncome": 1779.776,
        "interestExpense": 205.992,
        "interestIncomeExpense": -192.538,
        "minorityInterest": 0.387,
        "netIncome": 927.162,
        "netIncomeAfterTaxes": 928.438,
        "nonRecurringItems": -42.747,
        "otherOperatingExpensesTotal": -0.001,
        "period": "2023-12-31",
        "pretaxIncome": 938.591,
        "provisionforIncomeTaxes": 10.153,
        "revenue": 2767.909,
        "sgaExpense": 76.534,
        "totalOperatingExpense": 893.498,
        "year": 2023
      },
      {
        "costOfGoodsSold": 919.1,
        "depreciationAmortization": 815,
        "dilutedAverageSharesOutstanding": 140,
        "dilutedEPS": 8.11,
        "ebit": 785.3,
        "gainLossOnDispositionOfAssets": 560.7,
        "grossIncome": 1674.3,
        "interestExpense": 230.074,
        "interestIncomeExpense": -176.7,
        "minorityInterest": 0.3,
        "netIncome": 1134.7,
        "netIncomeAfterTaxes": 1136.4,
        "nonRecurringItems": -18.2,
        "period": "2022-12-31",
        "pretaxIncome": 1151.1,
        "provisionforIncomeTaxes": 14.6,
        "revenue": 2593.4,
        "sgaExpense": 74.1,
        "totalOperatingExpense": 889,
        "year": 2022
      },
      {
        "costOfGoodsSold": 853.9,
        "depreciationAmortization": 758.6,
        "dilutedAverageSharesOutstanding": 139.7,
        "dilutedEPS": 7.17,
        "ebit": 612.6,
        "gainLossOnDispositionOfAssets": 603.4,
        "grossIncome": 1440.9,
        "interestExpense": 220.415,
        "interestIncomeExpense": -181.8,
        "minorityInterest": -0.1,
        "netIncome": 1002.2,
        "netIncomeAfterTaxes": 1004.4,
        "nonRecurringItems": -24.1,
        "period": "2021-12-31",
        "pretaxIncome": 1010.1,
        "provisionforIncomeTaxes": 5.7,
        "revenue": 2294.9,
        "sgaExpense": 69.6,
        "totalOperatingExpense": 828.3,
        "year": 2021
      },
      {
        "costOfGoodsSold": 823.1,
        "depreciationAmortization": 707.3,
        "dilutedAverageSharesOutstanding": 140.4,
        "dilutedEPS": 5.88,
        "ebit": 710.5,
        "gainLossOnDispositionOfAssets": 343.4,
        "grossIncome": 1478.2,
        "interestExpense": 214.151,
        "interestIncomeExpense": -207.8,
        "minorityInterest": -0.1,
        "netIncome": 825.7,
        "netIncomeAfterTaxes": 827.7,
        "nonRecurringItems": -21.7,
        "period": "2020-12-31",
        "pretaxIncome": 824.5,
        "provisionforIncomeTaxes": -3.2,
        "revenue": 2301.3,
        "sgaExpense": 60.3,
        "totalOperatingExpense": 767.7,
        "year": 2020
      },
      {
        "costOfGoodsSold": 768.1,
        "depreciationAmortization": 661.6,
        "dilutedAverageSharesOutstanding": 139.6,
        "dilutedEPS": 5.62,
        "ebit": 836.9,
        "gainLossOnDispositionOfAssets": 162.7,
        "grossIncome": 1556.5,
        "interestExpense": 203.585,
        "interestIncomeExpense": -194.9,
        "minorityInterest": -0.1,
        "netIncome": 783.9,
        "netIncomeAfterTaxes": 786.1,
        "nonRecurringItems": -5.6,
        "period": "2019-12-31",
        "pretaxIncome": 799.1,
        "provisionforIncomeTaxes": 13,
        "revenue": 2324.6,
        "sgaExpense": 58,
        "totalOperatingExpense": 719.6,
        "year": 2019
      },
      {
        "costOfGoodsSold": 770.6,
        "depreciationAmortization": 631.2,
        "dilutedAverageSharesOutstanding": 138.3,
        "dilutedEPS": 7.03,
        "ebit": 826.4,
        "gainLossOnDispositionOfAssets": 375.3,
        "grossIncome": 1514,
        "interestExpense": 220.974,
        "interestIncomeExpense": -205.7,
        "minorityInterest": 0.4,
        "netIncome": 971.7,
        "netIncomeAfterTaxes": 974.2,
        "nonRecurringItems": -22,
        "period": "2018-12-31",
        "pretaxIncome": 974,
        "provisionforIncomeTaxes": -0.2,
        "revenue": 2284.5,
        "sgaExpense": 56.4,
        "totalOperatingExpense": 687.5,
        "year": 2018
      },
      {
        "costOfGoodsSold": 725.3,
        "depreciationAmortization": 584.2,
        "dilutedAverageSharesOutstanding": 138.1,
        "dilutedEPS": 6.33,
        "ebit": 798.6,
        "gainLossOnDispositionOfAssets": 241.7,
        "grossIncome": 1433.3,
        "interestExpense": 199.661,
        "interestIncomeExpense": -129,
        "minorityInterest": 0.3,
        "netIncome": 874.5,
        "netIncomeAfterTaxes": 876.7,
        "nonRecurringItems": -34.5,
        "period": "2017-12-31",
        "pretaxIncome": 876.8,
        "provisionforIncomeTaxes": 0.1,
        "revenue": 2158.6,
        "sgaExpense": 50.7,
        "totalOperatingExpense": 634.8,
        "year": 2017
      },
      {
        "costOfGoodsSold": 683.3,
        "depreciationAmortization": 531.4,
        "dilutedAverageSharesOutstanding": 137.5,
        "dilutedEPS": 7.5,
        "ebit": 784.8,
        "gainLossOnDispositionOfAssets": 384.8,
        "grossIncome": 1362,
        "interestExpense": 187.51,
        "interestIncomeExpense": -122.5,
        "minorityInterest": 0.3,
        "netIncome": 1031.4,
        "netIncomeAfterTaxes": 1033.7,
        "nonRecurringItems": -13.1,
        "period": "2016-12-31",
        "pretaxIncome": 1034,
        "provisionforIncomeTaxes": 0.3,
        "revenue": 2045.3,
        "sgaExpense": 45.8,
        "totalOperatingExpense": 577.2,
        "year": 2016
      },
      {
        "costOfGoodsSold": 642.2,
        "depreciationAmortization": 477.9,
        "dilutedAverageSharesOutstanding": 134.6,
        "dilutedEPS": 5.5,
        "ebit": 693.4,
        "gainLossOnDispositionOfAssets": 125.3,
        "grossIncome": 1213.8,
        "interestExpense": 175.615,
        "interestIncomeExpense": -105.6,
        "minorityInterest": 0.3,
        "netIncome": 740.3,
        "netIncomeAfterTaxes": 741.7,
        "nonRecurringItems": 30.5,
        "period": "2015-12-31",
        "pretaxIncome": 743.6,
        "provisionforIncomeTaxes": 1.9,
        "revenue": 1856,
        "sgaExpense": 42.4,
        "totalOperatingExpense": 520.4,
        "year": 2015
      }
    ],
    "symbol": "AVB"
  }
}