{
  "symbol": "PODD",
  "statement": "ic",
  "frequency": "quarterly",
  "timestamp": "2025-09-19T14:02:02.477919",
  "data": {
    "financials": [
      {
        "costOfGoodsSold": 196.9,
        "dilutedAverageSharesOutstanding": 70.652,
        "dilutedEPS": 0.3185,
        "ebit": 121.1,
        "grossIncome": 452.2,
        "interestExpense": 19.6,
        "interestIncomeExpense": -9.5,
        "netIncome": 22.5,
        "netIncomeAfterTaxes": 22.5,
        "nonRecurringItems": -84.4,
        "period": "2025-06-30",
        "pretaxIncome": 28.4,
        "provisionforIncomeTaxes": 5.9,
        "researchDevelopment": 73.4,
        "revenue": 649.1,
        "sgaExpense": 257.7,
        "totalOperatingExpense": 331.1,
        "totalOtherIncomeExpenseNet": 1.2
      },
      {
        "costOfGoodsSold": 160,
        "dilutedAverageSharesOutstanding": 74.111,
        "dilutedEPS": 0.47,
        "ebit": 88.8,
        "grossIncome": 409,
        "interestExpense": 9.2,
        "interestIncomeExpense": 1.1,
        "netIncome": 35.4,
        "netIncomeAfterTaxes": 35.4,
        "nonRecurringItems": -39.5,
        "period": "2025-03-31",
        "pretaxIncome": 48.1,
        "provisionforIncomeTaxes": 12.7,
        "researchDevelopment": 59.6,
        "revenue": 569,
        "sgaExpense": 260.6,
        "totalOperatingExpense": 320.2,
        "totalOtherIncomeExpenseNet": -2.3
      },
      {
        "costOfGoodsSold": 166.6,
        "dilutedAverageSharesOutstanding": 74.07,
        "dilutedEPS": 1.35,
        "ebit": 109.3,
        "grossIncome": 430.9,
        "interestExpense": 8.7,
        "interestIncomeExpense": -0.7,
        "netIncome": 100.7,
        "netIncomeAfterTaxes": 100.7,
        "period": "2024-12-31",
        "pretaxIncome": 111.3,
        "provisionforIncomeTaxes": 10.6,
        "researchDevelopment": 60.6,
        "revenue": 597.5,
        "sgaExpense": 261,
        "totalOperatingExpense": 321.6,
        "totalOtherIncomeExpenseNet": 2.7
      },
      {
        "costOfGoodsSold": 166.8,
        "dilutedAverageSharesOutstanding": 73.951,
        "dilutedEPS": 1.04,
        "ebit": 88.1,
        "grossIncome": 377.1,
        "interestExpense": 12.3,
        "interestIncomeExpense": -3.8,
        "netIncome": 77.5,
        "netIncomeAfterTaxes": 77.5,
        "period": "2024-09-30",
        "pretaxIncome": 82.9,
        "provisionforIncomeTaxes": 5.4,
        "researchDevelopment": 54.9,
        "revenue": 543.9,
        "sgaExpense": 234.1,
        "totalOperatingExpense": 289,
        "totalOtherIncomeExpenseNet": -1.4
      },
      {
        "costOfGoodsSold": 157.6,
        "dilutedAverageSharesOutstanding": 73.802,
        "dilutedEPS": 2.55,
        "ebit": 54.6,
        "grossIncome": 330.9,
        "interestExpense": 11,
        "interestIncomeExpense": -1.7,
        "netIncome": 188.6,
        "netIncomeAfterTaxes": 188.6,
        "period": "2024-06-30",
        "pretaxIncome": 51.1,
        "provisionforIncomeTaxes": -137.5,
        "researchDevelopment": 53.9,
        "revenue": 488.5,
        "sgaExpense": 222.4,
        "totalOperatingExpense": 276.3,
        "totalOtherIncomeExpenseNet": -1.8
      },
      {
        "costOfGoodsSold": 134.9,
        "dilutedAverageSharesOutstanding": 73.741,
        "dilutedEPS": 0.69,
        "ebit": 56.9,
        "grossIncome": 306.8,
        "interestExpense": 10.7,
        "interestIncomeExpense": -1.3,
        "netIncome": 51.5,
        "netIncomeAfterTaxes": 51.5,
        "period": "2024-03-31",
        "pretaxIncome": 54.9,
        "provisionforIncomeTaxes": 3.4,
        "researchDevelopment": 50.2,
        "revenue": 441.7,
        "sgaExpense": 199.7,
        "totalOperatingExpense": 249.9,
        "totalOtherIncomeExpenseNet": -0.7
      },
      {
        "costOfGoodsSold": 148.6,
        "dilutedAverageSharesOutstanding": 84.199,
        "dilutedEPS": 1.22,
        "ebit": 106.4,
        "grossIncome": 361.2,
        "interestExpense": 6.7,
        "interestIncomeExpense": 1.7,
        "netIncome": 103.3,
        "netIncomeAfterTaxes": 103.3,
        "nonRecurringItems": 0,
        "period": "2023-12-31",
        "pretaxIncome": 107.8,
        "provisionforIncomeTaxes": 4.5,
        "researchDevelopment": 42,
        "revenue": 509.8,
        "sgaExpense": 212.8,
        "totalOperatingExpense": 254.8,
        "totalOtherIncomeExpenseNet": -0.3
      },
      {
        "costOfGoodsSold": 139.4,
        "dilutedAverageSharesOutstanding": 73.6,
        "dilutedEPS": 0.7,
        "ebit": 54.8,
        "grossIncome": 293.3,
        "interestExpense": 10.4,
        "interestIncomeExpense": -1.1,
        "netIncome": 51.9,
        "netIncomeAfterTaxes": 51.9,
        "period": "2023-09-30",
        "pretaxIncome": 53.7,
        "provisionforIncomeTaxes": 1.8,
        "researchDevelopment": 57.8,
        "revenue": 432.7,
        "sgaExpense": 180.7,
        "totalOperatingExpense": 238.5
      },
      {
        "costOfGoodsSold": 131.6,
        "dilutedAverageSharesOutstanding": 70.1,
        "dilutedEPS": 0.39,
        "ebit": 31.1,
        "grossIncome": 264.9,
        "interestExpense": 9.7,
        "interestIncomeExpense": -2.6,
        "netIncome": 27.3,
        "netIncomeAfterTaxes": 27.3,
        "period": "2023-06-30",
        "pretaxIncome": 28.5,
        "provisionforIncomeTaxes": 1.2,
        "researchDevelopment": 55.1,
        "revenue": 396.5,
        "sgaExpense": 178.7,
        "totalOperatingExpense": 233.8
      },
      {
        "costOfGoodsSold": 117.6,
        "dilutedAverageSharesOutstanding": 70.1,
        "dilutedEPS": 0.34,
        "ebit": 27.7,
        "grossIncome": 240.5,
        "interestExpense": 9.4,
        "interestIncomeExpense": -3.1,
        "netIncome": 23.8,
        "netIncomeAfterTaxes": 23.8,
        "period": "2023-03-31",
        "pretaxIncome": 24.6,
        "provisionforIncomeTaxes": 0.8,
        "researchDevelopment": 50.1,
        "revenue": 358.1,
        "sgaExpense": 162.7,
        "totalOperatingExpense": 212.8
      },
      {
        "costOfGoodsSold": 152.4,
        "dilutedAverageSharesOutstanding": 71.6,
        "dilutedEPS": 0.24,
        "ebit": 23.5,
        "grossIncome": 217.3,
        "interestExpense": 9.2,
        "interestIncomeExpense": -1.2,
        "netIncome": 17,
        "netIncomeAfterTaxes": 17,
        "period": "2022-12-31",
        "pretaxIncome": 22.3,
        "provisionforIncomeTaxes": 5.3,
        "researchDevelopment": 49.5,
        "revenue": 369.7,
        "sgaExpense": 144.3,
        "totalOperatingExpense": 193.8
      },
      {
        "costOfGoodsSold": 152.5,
        "dilutedAverageSharesOutstanding": 69.4,
        "dilutedEPS": -0.07,
        "ebit": 2.9,
        "grossIncome": 188.3,
        "interestExpense": 9.2,
        "interestIncomeExpense": -8.6,
        "netIncome": -5.2,
        "netIncomeAfterTaxes": -5.2,
        "nonRecurringItems": 0,
        "period": "2022-09-30",
        "pretaxIncome": -5.7,
        "provisionforIncomeTaxes": -0.5,
        "researchDevelopment": 45,
        "revenue": 340.8,
        "sgaExpense": 140.4,
        "totalOperatingExpense": 185.4
      },
      {
        "costOfGoodsSold": 109.1,
        "dilutedAverageSharesOutstanding": 69.4,
        "dilutedEPS": -0.5,
        "ebit": -26.7,
        "grossIncome": 190.3,
        "interestExpense": 9.1,
        "interestIncomeExpense": -9.4,
        "netIncome": -35,
        "netIncomeAfterTaxes": -35,
        "nonRecurringItems": 0,
        "period": "2022-06-30",
        "pretaxIncome": -36.1,
        "provisionforIncomeTaxes": -1.1,
        "researchDevelopment": 42.6,
        "revenue": 299.4,
        "sgaExpense": 174.4,
        "totalOperatingExpense": 217
      },
      {
        "costOfGoodsSold": 85.7,
        "dilutedAverageSharesOutstanding": 69.9,
        "dilutedEPS": 0.4,
        "ebit": 37.9,
        "grossIncome": 209.7,
        "interestExpense": 9,
        "interestIncomeExpense": -8.6,
        "netIncome": 27.8,
        "netIncomeAfterTaxes": 27.8,
        "period": "2022-03-31",
        "pretaxIncome": 29.3,
        "provisionforIncomeTaxes": 1.5,
        "researchDevelopment": 43.1,
        "revenue": 295.4,
        "sgaExpense": 128.7,
        "totalOperatingExpense": 171.8
      },
      {
        "costOfGoodsSold": 94.5,
        "dilutedAverageSharesOutstanding": 72.6,
        "dilutedEPS": 0.4,
        "ebit": 49.7,
        "grossIncome": 213.2,
        "interestExpense": 15.1,
        "interestIncomeExpense": -15.5,
        "netIncome": 29.2,
        "netIncomeAfterTaxes": 29.2,
        "nonRecurringItems": -0.8,
        "period": "2021-12-31",
        "pretaxIncome": 33.4,
        "provisionforIncomeTaxes": 4.2,
        "researchDevelopment": 41.8,
        "revenue": 307.7,
        "sgaExpense": 121.7,
        "totalOperatingExpense": 163.5
      },
      {
        "costOfGoodsSold": 86.9,
        "dilutedAverageSharesOutstanding": 69.6,
        "dilutedEPS": 0.18,
        "ebit": 33.7,
        "grossIncome": 188.7,
        "interestExpense": 16.4,
        "interestIncomeExpense": -17,
        "netIncome": 12.6,
        "netIncomeAfterTaxes": 12.6,
        "nonRecurringItems": -1.5,
        "period": "2021-09-30",
        "pretaxIncome": 15.2,
        "provisionforIncomeTaxes": 2.6,
        "researchDevelopment": 37.5,
        "revenue": 275.6,
        "sgaExpense": 117.5,
        "totalOperatingExpense": 155
      },
      {
        "costOfGoodsSold": 80.5,
        "dilutedAverageSharesOutstanding": 66.7,
        "dilutedEPS": -0.37,
        "ebit": 26.3,
        "grossIncome": 182.7,
        "interestExpense": 16.6,
        "interestIncomeExpense": -14.6,
        "netIncome": -25,
        "netIncomeAfterTaxes": -25,
        "nonRecurringItems": -40.1,
        "period": "2021-06-30",
        "pretaxIncome": -28.4,
        "provisionforIncomeTaxes": -3.4,
        "researchDevelopment": 40.1,
        "revenue": 263.2,
        "sgaExpense": 116.3,
        "totalOperatingExpense": 156.4
      },
      {
        "costOfGoodsSold": 84.8,
        "dilutedAverageSharesOutstanding": 66.1,
        "dilutedEPS": 0,
        "ebit": 16.3,
        "grossIncome": 167.5,
        "interestExpense": 13.6,
        "interestIncomeExpense": -16,
        "netIncome": 0,
        "netIncomeAfterTaxes": 0,
        "period": "2021-03-31",
        "pretaxIncome": 0.3,
        "provisionforIncomeTaxes": 0.3,
        "researchDevelopment": 40.7,
        "revenue": 252.3,
        "sgaExpense": 110.5,
        "totalOperatingExpense": 151.2
      },
      {
        "costOfGoodsSold": 85,
        "dilutedAverageSharesOutstanding": 66,
        "dilutedEPS": -0.26,
        "ebit": -7.3,
        "grossIncome": 161.1,
        "interestExpense": 12.8,
        "interestIncomeExpense": -11.2,
        "netIncome": -17.1,
        "netIncomeAfterTaxes": -17.1,
        "nonRecurringItems": 0,
        "period": "2020-12-31",
        "pretaxIncome": -18.5,
        "provisionforIncomeTaxes": -1.4,
        "researchDevelopment": 38.3,
        "revenue": 246.1,
        "sgaExpense": 130.1,
        "totalOperatingExpense": 168.4
      },
      {
        "costOfGoodsSold": 82.2,
        "dilutedAverageSharesOutstanding": 66.8,
        "dilutedEPS": 0.17,
        "ebit": 23.8,
        "grossIncome": 151.8,
        "interestExpense": 11.9,
        "interestIncomeExpense": -10.4,
        "netIncome": 11.6,
        "netIncomeAfterTaxes": 11.6,
        "nonRecurringItems": 0,
        "period": "2020-09-30",
        "pretaxIncome": 13.4,
        "provisionforIncomeTaxes": 1.8,
        "researchDevelopment": 38.8,
        "revenue": 234,
        "sgaExpense": 89.2,
        "totalOperatingExpense": 128
      },
      {
        "costOfGoodsSold": 83.8,
        "dilutedAverageSharesOutstanding": 65.6,
        "dilutedEPS": 0.22,
        "ebit": 27.5,
        "grossIncome": 142.5,
        "interestExpense": 11.8,
        "interestIncomeExpense": -10.1,
        "netIncome": 14.4,
        "netIncomeAfterTaxes": 14.4,
        "period": "2020-06-30",
        "pretaxIncome": 17.4,
        "provisionforIncomeTaxes": 3,
        "researchDevelopment": 34.2,
        "revenue": 226.3,
        "sgaExpense": 80.8,
        "totalOperatingExpense": 115
      },
      {
        "costOfGoodsSold": 71.1,
        "dilutedAverageSharesOutstanding": 62.9,
        "dilutedEPS": -0.03,
        "ebit": 7.5,
        "grossIncome": 126.9,
        "interestExpense": 11.6,
        "interestIncomeExpense": -10.1,
        "netIncome": -2.1,
        "netIncomeAfterTaxes": -2.1,
        "period": "2020-03-31",
        "pretaxIncome": -2.6,
        "provisionforIncomeTaxes": -0.5,
        "researchDevelopment": 35.5,
        "revenue": 198,
        "sgaExpense": 83.9,
        "totalOperatingExpense": 119.4
      },
      {
        "costOfGoodsSold": 75.3,
        "dilutedAverageSharesOutstanding": 64,
        "dilutedEPS": 0.08,
        "ebit": 18.1,
        "grossIncome": 134.1,
        "interestExpense": 10.973,
        "interestIncomeExpense": -9.1,
        "netIncome": 5,
        "netIncomeAfterTaxes": 5,
        "nonRecurringItems": -2.2,
        "period": "2019-12-31",
        "pretaxIncome": 6.8,
        "provisionforIncomeTaxes": 1.8,
        "researchDevelopment": 34.7,
        "revenue": 209.4,
        "sgaExpense": 81.3,
        "totalOperatingExpense": 116
      },
      {
        "costOfGoodsSold": 69,
        "dilutedAverageSharesOutstanding": 62.3,
        "dilutedEPS": 0.01,
        "ebit": 17.1,
        "grossIncome": 123.1,
        "interestExpense": 9.37,
        "interestIncomeExpense": -9.4,
        "netIncome": 0.9,
        "netIncomeAfterTaxes": 0.9,
        "nonRecurringItems": -6.5,
        "period": "2019-09-30",
        "pretaxIncome": 1.1,
        "provisionforIncomeTaxes": 0.3,
        "researchDevelopment": 30.8,
        "revenue": 192.1,
        "sgaExpense": 75.3,
        "totalOperatingExpense": 106.1
      },
      {
        "costOfGoodsSold": 60.7,
        "dilutedAverageSharesOutstanding": 61.5,
        "dilutedEPS": 0.02,
        "ebit": 7.6,
        "grossIncome": 116.4,
        "interestExpense": 7.642,
        "interestIncomeExpense": -5.7,
        "netIncome": 1.4,
        "netIncomeAfterTaxes": 1.4,
        "period": "2019-06-30",
        "pretaxIncome": 1.9,
        "provisionforIncomeTaxes": 0.5,
        "researchDevelopment": 32.3,
        "revenue": 177.1,
        "sgaExpense": 76.6,
        "totalOperatingExpense": 108.8
      },
      {
        "costOfGoodsSold": 52.9,
        "dilutedAverageSharesOutstanding": 61.1,
        "dilutedEPS": 0.07,
        "ebit": 7.3,
        "grossIncome": 106.7,
        "interestExpense": 6.615,
        "interestIncomeExpense": -2.6,
        "netIncome": 4.4,
        "netIncomeAfterTaxes": 4.4,
        "period": "2019-03-31",
        "pretaxIncome": 4.7,
        "provisionforIncomeTaxes": 0.3,
        "researchDevelopment": 32,
        "revenue": 159.6,
        "sgaExpense": 67.5,
        "totalOperatingExpense": 99.4
      },
      {
        "costOfGoodsSold": 54.6,
        "dilutedAverageSharesOutstanding": 67.7,
        "dilutedEPS": 0.15,
        "ebit": 16.2,
        "grossIncome": 110.3,
        "interestExpense": 6.848,
        "interestIncomeExpense": -5.3,
        "netIncome": 9.9,
        "netIncomeAfterTaxes": 9.9,
        "nonRecurringItems": 0,
        "period": "2018-12-31",
        "pretaxIncome": 10.9,
        "provisionforIncomeTaxes": 1,
        "researchDevelopment": 28.5,
        "revenue": 164.9,
        "sgaExpense": 65.6,
        "totalOperatingExpense": 94.1
      },
      {
        "costOfGoodsSold": 49.1,
        "dilutedAverageSharesOutstanding": 61.1,
        "dilutedEPS": 0.03,
        "ebit": 19.5,
        "grossIncome": 102,
        "interestExpense": 6.846,
        "interestIncomeExpense": -5,
        "netIncome": 1.7,
        "netIncomeAfterTaxes": 1.7,
        "nonRecurringItems": -12.6,
        "period": "2018-09-30",
        "pretaxIncome": 1.9,
        "provisionforIncomeTaxes": 0.2,
        "researchDevelopment": 21.8,
        "revenue": 151.1,
        "sgaExpense": 60.7,
        "totalOperatingExpense": 82.5
      },
      {
        "costOfGoodsSold": 42.2,
        "dilutedAverageSharesOutstanding": 58.8,
        "dilutedEPS": -0.03,
        "ebit": 4.3,
        "grossIncome": 82.1,
        "interestExpense": 7.29,
        "interestIncomeExpense": -5.6,
        "netIncome": -1.7,
        "netIncomeAfterTaxes": -1.7,
        "period": "2018-06-30",
        "pretaxIncome": -1.3,
        "provisionforIncomeTaxes": 0.4,
        "researchDevelopment": 18.4,
        "revenue": 124.3,
        "sgaExpense": 59.3,
        "totalOperatingExpense": 77.7
      },
      {
        "costOfGoodsSold": 47.8,
        "dilutedAverageSharesOutstanding": 58.5,
        "dilutedEPS": -0.11,
        "ebit": 0,
        "grossIncome": 75.8,
        "interestExpense": 7.918,
        "interestIncomeExpense": -6.2,
        "netIncome": -6.6,
        "netIncomeAfterTaxes": -6.6,
        "period": "2018-03-31",
        "pretaxIncome": -6.2,
        "provisionforIncomeTaxes": 0.3,
        "researchDevelopment": 19.9,
        "revenue": 123.6,
        "sgaExpense": 55.9,
        "totalOperatingExpense": 75.8
      },
      {
        "costOfGoodsSold": 51,
        "dilutedAverageSharesOutstanding": 58.2,
        "dilutedEPS": -0.11,
        "ebit": -0.8,
        "grossIncome": 79.5,
        "interestExpense": 6.699,
        "interestIncomeExpense": -5.5,
        "netIncome": -6.9,
        "netIncomeAfterTaxes": -6.6,
        "nonRecurringItems": -0.6,
        "period": "2017-12-31",
        "pretaxIncome": -6.9,
        "provisionforIncomeTaxes": -0.4,
        "researchDevelopment": 18.8,
        "revenue": 130.5,
        "sgaExpense": 61.5,
        "totalOperatingExpense": 80.3
      },
      {
        "costOfGoodsSold": 48.2,
        "dilutedAverageSharesOutstanding": 58.1,
        "dilutedEPS": -0.04,
        "ebit": 2,
        "grossIncome": 73.6,
        "interestExpense": 4.709,
        "interestIncomeExpense": -4.2,
        "netIncome": -2.2,
        "netIncomeAfterTaxes": -2.2,
        "nonRecurringItems": 0,
        "period": "2017-09-30",
        "pretaxIncome": -2.1,
        "provisionforIncomeTaxes": 0.1,
        "researchDevelopment": 20.1,
        "revenue": 121.8,
        "sgaExpense": 51.4,
        "totalOperatingExpense": 71.5
      },
      {
        "costOfGoodsSold": 45.1,
        "dilutedAverageSharesOutstanding": 58,
        "dilutedEPS": -0.13,
        "ebit": -3.4,
        "grossIncome": 64.6,
        "interestExpense": 4.796,
        "interestIncomeExpense": -4.3,
        "netIncome": -7.8,
        "netIncomeAfterTaxes": -7.8,
        "period": "2017-06-30",
        "pretaxIncome": -7.7,
        "provisionforIncomeTaxes": 0.1,
        "researchDevelopment": 18,
        "revenue": 109.8,
        "sgaExpense": 50,
        "totalOperatingExpense": 68
      },
      {
        "costOfGoodsSold": 42.3,
        "dilutedAverageSharesOutstanding": 57.7,
        "dilutedEPS": -0.17,
        "ebit": -5.3,
        "grossIncome": 59.4,
        "interestExpense": 5.007,
        "interestIncomeExpense": -4.6,
        "netIncome": -10,
        "netIncomeAfterTaxes": -10,
        "period": "2017-03-31",
        "pretaxIncome": -9.9,
        "provisionforIncomeTaxes": 0.1,
        "researchDevelopment": 17.5,
        "revenue": 101.7,
        "sgaExpense": 47.2,
        "totalOperatingExpense": 64.7
      },
      {
        "costOfGoodsSold": 42.6,
        "dilutedAverageSharesOutstanding": 57.4,
        "dilutedEPS": -0.16,
        "ebit": -4.1,
        "grossIncome": 60.9,
        "interestExpense": 5.136,
        "interestIncomeExpense": -6.5,
        "netIncome": -9.1,
        "netIncomeAfterTaxes": -9.2,
        "nonRecurringItems": 0,
        "period": "2016-12-31",
        "pretaxIncome": -9,
        "provisionforIncomeTaxes": 0.2,
        "researchDevelopment": 16,
        "revenue": 103.6,
        "sgaExpense": 49,
        "totalOperatingExpense": 65.1,
        "totalOtherIncomeExpenseNet": 1.7
      },
      {
        "costOfGoodsSold": 39.2,
        "dilutedAverageSharesOutstanding": 57.3,
        "dilutedEPS": -0.05,
        "ebit": 2.5,
        "grossIncome": 55.6,
        "interestExpense": 3.029,
        "interestIncomeExpense": -2.8,
        "netIncome": -3.1,
        "netIncomeAfterTaxes": -3,
        "nonRecurringItems": -2.6,
        "period": "2016-09-30",
        "pretaxIncome": -3,
        "provisionforIncomeTaxes": 0.1,
        "researchDevelopment": 13.7,
        "revenue": 94.9,
        "sgaExpense": 39.5,
        "totalOperatingExpense": 53.2
      },
      {
        "costOfGoodsSold": 36.9,
        "dilutedAverageSharesOutstanding": 57.2,
        "dilutedEPS": -0.08,
        "ebit": -1.3,
        "grossIncome": 50.5,
        "interestExpense": 3.127,
        "interestIncomeExpense": -3,
        "netIncome": -4.2,
        "netIncomeAfterTaxes": -4.4,
        "period": "2016-06-30",
        "pretaxIncome": -4.3,
        "provisionforIncomeTaxes": 0.1,
        "researchDevelopment": 13,
        "revenue": 87.3,
        "sgaExpense": 38.8,
        "totalOperatingExpense": 51.7
      },
      {
        "costOfGoodsSold": 37.2,
        "dilutedAverageSharesOutstanding": 57,
        "dilutedEPS": -0.21,
        "ebit": -7.7,
        "grossIncome": 44.1,
        "interestExpense": 3.096,
        "interestIncomeExpense": -2.9,
        "netIncome": -12.5,
        "netIncomeAfterTaxes": -10.7,
        "period": "2016-03-31",
        "pretaxIncome": -10.6,
        "provisionforIncomeTaxes": 0.1,
        "researchDevelopment": 13,
        "revenue": 81.2,
        "sgaExpense": 38.8,
        "totalOperatingExpense": 51.7
      },
      {
        "costOfGoodsSold": 41.8,
        "dilutedAverageSharesOutstanding": 56.9,
        "dilutedEPS": -0.47,
        "ebit": -12.6,
        "grossIncome": 42,
        "interestExpense": 3.145,
        "interestIncomeExpense": -3.2,
        "netIncome": -27.3,
        "netIncomeAfterTaxes": -15.9,
        "nonRecurringItems": 0,
        "period": "2015-12-31",
        "pretaxIncome": -15.8,
        "provisionforIncomeTaxes": 0.1,
        "researchDevelopment": 12.9,
        "revenue": 83.8,
        "sgaExpense": 41.7,
        "totalOperatingExpense": 54.6
      },
      {
        "costOfGoodsSold": 39.8,
        "dilutedAverageSharesOutstanding": 56.9,
        "dilutedEPS": -0.32,
        "ebit": -14.8,
        "grossIncome": 31.6,
        "interestExpense": 3.167,
        "interestIncomeExpense": -3.1,
        "netIncome": -18.9,
        "netIncomeAfterTaxes": -18,
        "nonRecurringItems": 0,
        "period": "2015-09-30",
        "pretaxIncome": -17.9,
        "provisionforIncomeTaxes": 0,
        "researchDevelopment": 10,
        "revenue": 71.4,
        "sgaExpense": 36.3,
        "totalOperatingExpense": 46.4
      }
    ],
    "symbol": "PODD"
  }
}