{
  "symbol": "GOOG",
  "statement": "ic",
  "frequency": "quarterly",
  "timestamp": "2025-09-19T13:55:39.428419",
  "data": {
    "financials": [
      {
        "costOfGoodsSold": 39039,
        "depreciationAmortization": 575,
        "dilutedAverageSharesOutstanding": 12198,
        "dilutedEPS": 2.31,
        "ebit": 33571,
        "grossIncome": 57389,
        "interestExpense": 261,
        "interestIncomeExpense": 2590,
        "netIncome": 28196,
        "netIncomeAfterTaxes": 28196,
        "nonRecurringItems": -2300,
        "period": "2025-06-30",
        "pretaxIncome": 33933,
        "provisionforIncomeTaxes": 5737,
        "researchDevelopment": 13233,
        "revenue": 96428,
        "sgaExpense": 10010,
        "totalOperatingExpense": 23818,
        "totalOtherIncomeExpenseNet": 72
      },
      {
        "costOfGoodsSold": 36361,
        "depreciationAmortization": 491,
        "dilutedAverageSharesOutstanding": 12291,
        "dilutedEPS": 2.81,
        "ebit": 30898,
        "grossIncome": 53873,
        "interestExpense": 34,
        "interestIncomeExpense": 10799,
        "netIncome": 34540,
        "netIncomeAfterTaxes": 34540,
        "nonRecurringItems": -292,
        "period": "2025-03-31",
        "pretaxIncome": 41789,
        "provisionforIncomeTaxes": 7249,
        "researchDevelopment": 13065,
        "revenue": 90234,
        "sgaExpense": 9419,
        "totalOperatingExpense": 22975,
        "totalOtherIncomeExpenseNet": 384
      },
      {
        "costOfGoodsSold": 40613,
        "dilutedAverageSharesOutstanding": 13211,
        "dilutedEPS": 2.01,
        "ebit": 30855,
        "grossIncome": 55856,
        "interestExpense": 53,
        "interestIncomeExpense": 860,
        "netIncome": 26536,
        "netIncomeAfterTaxes": 26536,
        "nonRecurringItems": 117,
        "period": "2024-12-31",
        "pretaxIncome": 32243,
        "provisionforIncomeTaxes": 5707,
        "researchDevelopment": 13133,
        "revenue": 96469,
        "sgaExpense": 11868,
        "totalOperatingExpense": 25001,
        "totalOtherIncomeExpenseNet": 411
      },
      {
        "costOfGoodsSold": 36474,
        "dilutedAverageSharesOutstanding": 12419,
        "dilutedEPS": 2.12,
        "ebit": 29199,
        "grossIncome": 51794,
        "interestExpense": 54,
        "interestIncomeExpense": 3086,
        "netIncome": 26301,
        "netIncomeAfterTaxes": 26301,
        "nonRecurringItems": -678,
        "period": "2024-09-30",
        "pretaxIncome": 31706,
        "provisionforIncomeTaxes": 5405,
        "researchDevelopment": 12462,
        "revenue": 88268,
        "sgaExpense": 10133,
        "totalOperatingExpense": 22595,
        "totalOtherIncomeExpenseNet": 99
      },
      {
        "costOfGoodsSold": 35507,
        "dilutedAverageSharesOutstanding": 12495,
        "dilutedEPS": 1.89,
        "ebit": 28218,
        "grossIncome": 49235,
        "interestExpense": 67,
        "interestIncomeExpense": -142,
        "netIncome": 23619,
        "netIncomeAfterTaxes": 24219,
        "nonRecurringItems": -793,
        "period": "2024-06-30",
        "pretaxIncome": 27551,
        "provisionforIncomeTaxes": 3332,
        "researchDevelopment": 11538,
        "revenue": 84742,
        "sgaExpense": 9479,
        "totalOperatingExpense": 21017,
        "totalOtherIncomeExpenseNet": 268
      },
      {
        "costOfGoodsSold": 33559,
        "dilutedAverageSharesOutstanding": 12527,
        "dilutedEPS": 1.88,
        "ebit": 26436,
        "grossIncome": 46980,
        "interestExpense": 94,
        "interestIncomeExpense": 2484,
        "netIncome": 23662,
        "netIncomeAfterTaxes": 25762,
        "nonRecurringItems": -964,
        "period": "2024-03-31",
        "pretaxIncome": 28315,
        "provisionforIncomeTaxes": 2553,
        "researchDevelopment": 11656,
        "revenue": 80539,
        "sgaExpense": 8888,
        "totalOperatingExpense": 20544,
        "totalOtherIncomeExpenseNet": 359
      },
      {
        "costOfGoodsSold": 37338,
        "dilutedAverageSharesOutstanding": 12602,
        "dilutedEPS": 1.64,
        "ebit": 24900,
        "grossIncome": 48972,
        "interestExpense": 69,
        "interestIncomeExpense": 807,
        "netIncome": 20687,
        "netIncomeAfterTaxes": 20687,
        "nonRecurringItems": -1203,
        "period": "2023-12-31",
        "pretaxIncome": 24412,
        "provisionforIncomeTaxes": 3725,
        "researchDevelopment": 11510,
        "revenue": 86310,
        "sgaExpense": 12562,
        "totalOperatingExpense": 24072,
        "totalOtherIncomeExpenseNet": -92
      },
      {
        "costOfGoodsSold": 33206,
        "dilutedAverageSharesOutstanding": 12696,
        "dilutedEPS": 1.55,
        "ebit": 21445,
        "grossIncome": 43487,
        "interestExpense": 116,
        "interestIncomeExpense": -445,
        "netIncome": 19689,
        "netIncomeAfterTaxes": 19689,
        "nonRecurringItems": -102,
        "period": "2023-09-30",
        "pretaxIncome": 21197,
        "provisionforIncomeTaxes": 1508,
        "researchDevelopment": 11236,
        "revenue": 76693,
        "sgaExpense": 10806,
        "totalOperatingExpense": 22042,
        "totalOtherIncomeExpenseNet": 299
      },
      {
        "costOfGoodsSold": 31897,
        "dilutedAverageSharesOutstanding": 12764,
        "dilutedEPS": 1.43,
        "ebit": 21908,
        "grossIncome": 42707,
        "interestExpense": 43,
        "interestIncomeExpense": -34,
        "netIncome": 18368,
        "netIncomeAfterTaxes": 20368,
        "nonRecurringItems": -70,
        "period": "2023-06-30",
        "pretaxIncome": 21903,
        "provisionforIncomeTaxes": 1535,
        "researchDevelopment": 10577,
        "revenue": 74604,
        "sgaExpense": 10222,
        "totalOperatingExpense": 20799,
        "totalOtherIncomeExpenseNet": 99
      },
      {
        "costOfGoodsSold": 29931,
        "dilutedAverageSharesOutstanding": 12823,
        "dilutedEPS": 1.17,
        "ebit": 19973,
        "grossIncome": 39856,
        "interestExpense": 80,
        "interestIncomeExpense": 540,
        "netIncome": 15051,
        "netIncomeAfterTaxes": 16651,
        "nonRecurringItems": -2558,
        "period": "2023-03-31",
        "pretaxIncome": 18205,
        "provisionforIncomeTaxes": 1554,
        "researchDevelopment": 10386,
        "revenue": 69787,
        "sgaExpense": 9497,
        "totalOperatingExpense": 19883,
        "totalOtherIncomeExpenseNet": 250
      },
      {
        "costOfGoodsSold": 35342,
        "dilutedAverageSharesOutstanding": 12949,
        "dilutedEPS": 1.05,
        "ebit": 18160,
        "grossIncome": 40706,
        "interestExpense": 90,
        "interestIncomeExpense": -1310,
        "netIncome": 13624,
        "netIncomeAfterTaxes": 13624,
        "period": "2022-12-31",
        "pretaxIncome": 17147,
        "provisionforIncomeTaxes": 3523,
        "researchDevelopment": 10267,
        "revenue": 76048,
        "sgaExpense": 12279,
        "totalOperatingExpense": 22546,
        "totalOtherIncomeExpenseNet": 297
      },
      {
        "costOfGoodsSold": 31158,
        "dilutedAverageSharesOutstanding": 13097,
        "dilutedEPS": 1.06,
        "ebit": 17135,
        "grossIncome": 37934,
        "interestExpense": 101,
        "interestIncomeExpense": -1099,
        "netIncome": 13910,
        "netIncomeAfterTaxes": 13910,
        "period": "2022-09-30",
        "pretaxIncome": 16233,
        "provisionforIncomeTaxes": 2323,
        "researchDevelopment": 10273,
        "revenue": 69092,
        "sgaExpense": 10526,
        "totalOperatingExpense": 20799,
        "totalOtherIncomeExpenseNet": 197
      },
      {
        "costOfGoodsSold": 30104,
        "dilutedAverageSharesOutstanding": 13239,
        "dilutedEPS": 1.2,
        "ebit": 19453,
        "grossIncome": 39581,
        "interestExpense": 83,
        "interestIncomeExpense": -1016,
        "netIncome": 16002,
        "netIncomeAfterTaxes": 16797,
        "period": "2022-06-30",
        "pretaxIncome": 19014,
        "provisionforIncomeTaxes": 2217,
        "researchDevelopment": 9841,
        "revenue": 69685,
        "sgaExpense": 10287,
        "totalOperatingExpense": 20128,
        "totalOtherIncomeExpenseNet": 577
      },
      {
        "costOfGoodsSold": 29599,
        "dilutedAverageSharesOutstanding": 13351.02,
        "dilutedEPS": 1.23,
        "ebit": 20094,
        "grossIncome": 38412,
        "interestExpense": 83,
        "interestIncomeExpense": -1268,
        "netIncome": 16436,
        "netIncomeAfterTaxes": 17241,
        "period": "2022-03-31",
        "pretaxIncome": 18934,
        "provisionforIncomeTaxes": 1693,
        "researchDevelopment": 9119,
        "revenue": 68011,
        "sgaExpense": 9199,
        "totalOperatingExpense": 18318,
        "totalOtherIncomeExpenseNet": 108
      },
      {
        "costOfGoodsSold": 32988,
        "dilutedAverageSharesOutstanding": 14346.94,
        "dilutedEPS": 1.44,
        "ebit": 21885,
        "grossIncome": 42337,
        "interestExpense": 117,
        "interestIncomeExpense": 2625,
        "netIncome": 20642,
        "netIncomeAfterTaxes": 20642,
        "nonRecurringItems": 0,
        "period": "2021-12-31",
        "pretaxIncome": 24402,
        "provisionforIncomeTaxes": 3760,
        "researchDevelopment": 8708,
        "revenue": 75325,
        "sgaExpense": 11744,
        "totalOperatingExpense": 20452,
        "totalOtherIncomeExpenseNet": -108
      },
      {
        "costOfGoodsSold": 27621,
        "dilutedAverageSharesOutstanding": 13530.38,
        "dilutedEPS": 1.4,
        "ebit": 21031,
        "grossIncome": 37497,
        "interestExpense": 77,
        "interestIncomeExpense": 2517,
        "netIncome": 18936,
        "netIncomeAfterTaxes": 18936,
        "period": "2021-09-30",
        "pretaxIncome": 23064,
        "provisionforIncomeTaxes": 4128,
        "researchDevelopment": 7694,
        "revenue": 65118,
        "sgaExpense": 8772,
        "totalOperatingExpense": 16466,
        "totalOtherIncomeExpenseNet": -484
      },
      {
        "costOfGoodsSold": 26227,
        "dilutedAverageSharesOutstanding": 13592.24,
        "dilutedEPS": 1.36,
        "ebit": 19361,
        "grossIncome": 35653,
        "interestExpense": 76,
        "interestIncomeExpense": 3237,
        "netIncome": 18525,
        "netIncomeAfterTaxes": 18525,
        "period": "2021-06-30",
        "pretaxIncome": 21985,
        "provisionforIncomeTaxes": 3460,
        "researchDevelopment": 7675,
        "revenue": 61880,
        "sgaExpense": 8617,
        "totalOperatingExpense": 16292,
        "totalOtherIncomeExpenseNet": -613
      },
      {
        "costOfGoodsSold": 24103,
        "dilutedAverageSharesOutstanding": 13641.42,
        "dilutedEPS": 1.31,
        "ebit": 16437,
        "grossIncome": 31211,
        "interestExpense": 76,
        "interestIncomeExpense": 5138,
        "netIncome": 17930,
        "netIncomeAfterTaxes": 17930,
        "period": "2021-03-31",
        "pretaxIncome": 21283,
        "provisionforIncomeTaxes": 3353,
        "researchDevelopment": 7485,
        "revenue": 55314,
        "sgaExpense": 7289,
        "totalOperatingExpense": 14774,
        "totalOtherIncomeExpenseNet": -292
      },
      {
        "costOfGoodsSold": 26080,
        "dilutedAverageSharesOutstanding": 14577.98,
        "dilutedEPS": 1.04,
        "ebit": 15651,
        "grossIncome": 30818,
        "interestExpense": 53,
        "interestIncomeExpense": 3863,
        "netIncome": 15227,
        "netIncomeAfterTaxes": 15227,
        "nonRecurringItems": 0,
        "period": "2020-12-31",
        "pretaxIncome": 18689,
        "provisionforIncomeTaxes": 3462,
        "researchDevelopment": 7022,
        "revenue": 56898,
        "sgaExpense": 8145,
        "totalOperatingExpense": 15167,
        "totalOtherIncomeExpenseNet": -825
      },
      {
        "costOfGoodsSold": 21117,
        "dilutedAverageSharesOutstanding": 13717.02,
        "dilutedEPS": 0.82,
        "ebit": 11213,
        "grossIncome": 25056,
        "interestExpense": 48,
        "interestIncomeExpense": 2369,
        "netIncome": 11247,
        "netIncomeAfterTaxes": 11247,
        "nonRecurringItems": 0,
        "period": "2020-09-30",
        "pretaxIncome": 13359,
        "provisionforIncomeTaxes": 2112,
        "researchDevelopment": 6856,
        "revenue": 46173,
        "sgaExpense": 6987,
        "totalOperatingExpense": 13843,
        "totalOtherIncomeExpenseNet": -223
      },
      {
        "costOfGoodsSold": 18553,
        "dilutedAverageSharesOutstanding": 13740.48,
        "dilutedEPS": 0.51,
        "ebit": 6383,
        "grossIncome": 19744,
        "interestExpense": 13,
        "interestIncomeExpense": 2116,
        "netIncome": 6959,
        "netIncomeAfterTaxes": 6959,
        "nonRecurringItems": 0,
        "period": "2020-06-30",
        "pretaxIncome": 8277,
        "provisionforIncomeTaxes": 1318,
        "researchDevelopment": 6875,
        "revenue": 38297,
        "sgaExpense": 6486,
        "totalOperatingExpense": 13361,
        "totalOtherIncomeExpenseNet": -222
      },
      {
        "costOfGoodsSold": 18982,
        "dilutedAverageSharesOutstanding": 13845.34,
        "dilutedEPS": 0.49,
        "ebit": 7977,
        "grossIncome": 22177,
        "interestExpense": 21,
        "interestIncomeExpense": 36,
        "netIncome": 6836,
        "netIncomeAfterTaxes": 6836,
        "nonRecurringItems": 0,
        "period": "2020-03-31",
        "pretaxIncome": 7757,
        "provisionforIncomeTaxes": 921,
        "researchDevelopment": 6820,
        "revenue": 41159,
        "sgaExpense": 7380,
        "totalOperatingExpense": 14200,
        "totalOtherIncomeExpenseNet": -256
      },
      {
        "costOfGoodsSold": 21020,
        "dilutedAverageSharesOutstanding": 14833.08,
        "dilutedEPS": 0.72,
        "ebit": 9266,
        "grossIncome": 25055,
        "interestExpense": 17,
        "interestIncomeExpense": 1548,
        "netIncome": 10671,
        "netIncomeAfterTaxes": 10671,
        "nonRecurringItems": 0,
        "period": "2019-12-31",
        "pretaxIncome": 10704,
        "provisionforIncomeTaxes": 33,
        "researchDevelopment": 7222,
        "revenue": 46075,
        "sgaExpense": 8567,
        "totalOperatingExpense": 15789,
        "totalOtherIncomeExpenseNet": -110
      },
      {
        "costOfGoodsSold": 17568,
        "dilutedAverageSharesOutstanding": 13963.98,
        "dilutedEPS": 0.51,
        "ebit": 9177,
        "grossIncome": 22931,
        "interestExpense": 23,
        "interestIncomeExpense": -1011,
        "netIncome": 7068,
        "netIncomeAfterTaxes": 7068,
        "nonRecurringItems": 0,
        "period": "2019-09-30",
        "pretaxIncome": 8628,
        "provisionforIncomeTaxes": 1560,
        "researchDevelopment": 6554,
        "revenue": 40499,
        "sgaExpense": 7200,
        "totalOperatingExpense": 13754,
        "totalOtherIncomeExpenseNet": 462
      },
      {
        "costOfGoodsSold": 17296,
        "dilutedAverageSharesOutstanding": 13999.08,
        "dilutedEPS": 0.71,
        "ebit": 9180,
        "grossIncome": 21648,
        "interestExpense": 25,
        "interestIncomeExpense": 3519,
        "netIncome": 9947,
        "netIncomeAfterTaxes": 9947,
        "nonRecurringItems": 0,
        "period": "2019-06-30",
        "pretaxIncome": 12147,
        "provisionforIncomeTaxes": 2200,
        "researchDevelopment": 6213,
        "revenue": 38944,
        "sgaExpense": 6255,
        "totalOperatingExpense": 12468,
        "totalOtherIncomeExpenseNet": -552
      },
      {
        "costOfGoodsSold": 16012,
        "dilutedAverageSharesOutstanding": 14017.58,
        "dilutedEPS": 0.47,
        "ebit": 8305,
        "grossIncome": 20327,
        "interestExpense": 35,
        "interestIncomeExpense": 1417,
        "netIncome": 6657,
        "netIncomeAfterTaxes": 6657,
        "nonRecurringItems": -1697,
        "period": "2019-03-31",
        "pretaxIncome": 8146,
        "provisionforIncomeTaxes": 1489,
        "researchDevelopment": 6029,
        "revenue": 36339,
        "sgaExpense": 5993,
        "totalOperatingExpense": 12022,
        "totalOtherIncomeExpenseNet": 121
      },
      {
        "costOfGoodsSold": 17918,
        "dilutedAverageSharesOutstanding": 14018,
        "dilutedEPS": 0.64,
        "ebit": 8221,
        "grossIncome": 21358,
        "interestExpense": 29,
        "interestIncomeExpense": 1674,
        "netIncome": 8948,
        "netIncomeAfterTaxes": 8948,
        "nonRecurringItems": 0,
        "period": "2018-12-31",
        "pretaxIncome": 10072,
        "provisionforIncomeTaxes": 1124,
        "researchDevelopment": 6034,
        "revenue": 39276,
        "sgaExpense": 7103,
        "totalOperatingExpense": 13137,
        "totalOtherIncomeExpenseNet": 177
      },
      {
        "costOfGoodsSold": 14281,
        "dilutedAverageSharesOutstanding": 14077.18,
        "dilutedEPS": 0.65,
        "ebit": 8625,
        "grossIncome": 19459,
        "interestExpense": 28,
        "interestIncomeExpense": 1899,
        "netIncome": 9192,
        "netIncomeAfterTaxes": 9192,
        "nonRecurringItems": 0,
        "period": "2018-09-30",
        "pretaxIncome": 10083,
        "provisionforIncomeTaxes": 891,
        "researchDevelopment": 5232,
        "revenue": 33740,
        "sgaExpense": 5602,
        "totalOperatingExpense": 10834,
        "totalOtherIncomeExpenseNet": -441
      },
      {
        "costOfGoodsSold": 13883,
        "dilutedAverageSharesOutstanding": 14064.94,
        "dilutedEPS": 0.23,
        "ebit": 8116,
        "grossIncome": 18774,
        "interestExpense": 27,
        "interestIncomeExpense": 1569,
        "netIncome": 3195,
        "netIncomeAfterTaxes": 3195,
        "nonRecurringItems": -5071,
        "period": "2018-06-30",
        "pretaxIncome": 4215,
        "provisionforIncomeTaxes": 1020,
        "researchDevelopment": 5114,
        "revenue": 32657,
        "sgaExpense": 5544,
        "totalOperatingExpense": 10658,
        "totalOtherIncomeExpenseNet": -399
      },
      {
        "costOfGoodsSold": 13467,
        "dilutedAverageSharesOutstanding": 14102.68,
        "dilutedEPS": 0.67,
        "ebit": 7633,
        "grossIncome": 17679,
        "interestExpense": 30,
        "interestIncomeExpense": 3241,
        "netIncome": 9401,
        "netIncomeAfterTaxes": 9401,
        "nonRecurringItems": 0,
        "period": "2018-03-31",
        "pretaxIncome": 10543,
        "provisionforIncomeTaxes": 1142,
        "researchDevelopment": 5039,
        "revenue": 31146,
        "sgaExpense": 5007,
        "totalOperatingExpense": 10046,
        "totalOtherIncomeExpenseNet": -331
      },
      {
        "costOfGoodsSold": 14267,
        "dilutedAverageSharesOutstanding": 13892.1,
        "dilutedEPS": -0.21,
        "ebit": 7696,
        "grossIncome": 18056,
        "interestExpense": 36,
        "interestIncomeExpense": 364,
        "netIncome": -3020,
        "netIncomeAfterTaxes": 6804,
        "nonRecurringItems": 0,
        "period": "2017-12-31",
        "pretaxIncome": 8018,
        "provisionforIncomeTaxes": 1214,
        "researchDevelopment": 4306,
        "revenue": 32323,
        "sgaExpense": 6054,
        "totalOperatingExpense": 10360,
        "totalOtherIncomeExpenseNet": -42
      },
      {
        "costOfGoodsSold": 11148,
        "dilutedAverageSharesOutstanding": 14074.32,
        "dilutedEPS": 0.48,
        "ebit": 7782,
        "grossIncome": 16624,
        "interestExpense": 27,
        "interestIncomeExpense": 142,
        "netIncome": 6732,
        "netIncomeAfterTaxes": 6732,
        "nonRecurringItems": 0,
        "period": "2017-09-30",
        "pretaxIncome": 7979,
        "provisionforIncomeTaxes": 1247,
        "researchDevelopment": 4205,
        "revenue": 27772,
        "sgaExpense": 4637,
        "totalOperatingExpense": 8842,
        "totalOtherIncomeExpenseNet": 55
      },
      {
        "costOfGoodsSold": 10373,
        "dilutedAverageSharesOutstanding": 14070.06,
        "dilutedEPS": 0.25,
        "ebit": 6868,
        "grossIncome": 15637,
        "interestExpense": 21,
        "interestIncomeExpense": 214,
        "netIncome": 3524,
        "netIncomeAfterTaxes": 3524,
        "nonRecurringItems": -2736,
        "period": "2017-06-30",
        "pretaxIncome": 4377,
        "provisionforIncomeTaxes": 853,
        "researchDevelopment": 4172,
        "revenue": 26010,
        "sgaExpense": 4597,
        "totalOperatingExpense": 8769,
        "totalOtherIncomeExpenseNet": 31
      },
      {
        "costOfGoodsSold": 9795,
        "dilutedAverageSharesOutstanding": 14040.72,
        "dilutedEPS": 0.39,
        "ebit": 6568,
        "grossIncome": 14955,
        "interestExpense": 25,
        "interestIncomeExpense": 46,
        "netIncome": 5426,
        "netIncomeAfterTaxes": 5426,
        "period": "2017-03-31",
        "pretaxIncome": 6819,
        "provisionforIncomeTaxes": 1393,
        "researchDevelopment": 3942,
        "revenue": 24750,
        "sgaExpense": 4445,
        "totalOperatingExpense": 8387,
        "totalOtherIncomeExpenseNet": 205
      },
      {
        "costOfGoodsSold": 10661,
        "dilutedAverageSharesOutstanding": 13828.46,
        "dilutedEPS": 0.39,
        "ebit": 6639,
        "grossIncome": 15403,
        "interestExpense": 33,
        "interestIncomeExpense": 445,
        "netIncome": 5333,
        "netIncomeAfterTaxes": 5333,
        "period": "2016-12-31",
        "pretaxIncome": 6857,
        "provisionforIncomeTaxes": 1524,
        "researchDevelopment": 3622,
        "revenue": 26064,
        "sgaExpense": 5142,
        "totalOperatingExpense": 8764,
        "totalOtherIncomeExpenseNet": -227
      },
      {
        "costOfGoodsSold": 8699,
        "dilutedAverageSharesOutstanding": 13968.8,
        "dilutedEPS": 0.36,
        "ebit": 5767,
        "grossIncome": 13752,
        "interestExpense": 29,
        "interestIncomeExpense": 90,
        "netIncome": 5061,
        "netIncomeAfterTaxes": 5061,
        "period": "2016-09-30",
        "pretaxIncome": 6045,
        "provisionforIncomeTaxes": 984,
        "researchDevelopment": 3596,
        "revenue": 22451,
        "sgaExpense": 4389,
        "totalOperatingExpense": 7985,
        "totalOtherIncomeExpenseNet": 188
      },
      {
        "costOfGoodsSold": 8130,
        "dilutedAverageSharesOutstanding": 13936.94,
        "dilutedEPS": 0.35,
        "ebit": 5968,
        "grossIncome": 13370,
        "interestExpense": 32,
        "interestIncomeExpense": 2,
        "netIncome": 4877,
        "netIncomeAfterTaxes": 4877,
        "period": "2016-06-30",
        "pretaxIncome": 6119,
        "provisionforIncomeTaxes": 1242,
        "researchDevelopment": 3363,
        "revenue": 21500,
        "sgaExpense": 4039,
        "totalOperatingExpense": 7402,
        "totalOtherIncomeExpenseNet": 149
      },
      {
        "costOfGoodsSold": 7648,
        "dilutedAverageSharesOutstanding": 13986.22,
        "dilutedEPS": 0.3,
        "ebit": 5342,
        "grossIncome": 12609,
        "interestExpense": 30,
        "interestIncomeExpense": -447,
        "netIncome": 4207,
        "netIncomeAfterTaxes": 4207,
        "period": "2016-03-31",
        "pretaxIncome": 5129,
        "provisionforIncomeTaxes": 922,
        "researchDevelopment": 3367,
        "revenue": 20257,
        "sgaExpense": 3900,
        "totalOperatingExpense": 7267,
        "totalOtherIncomeExpenseNet": 234
      },
      {
        "costOfGoodsSold": 8188,
        "dilutedAverageSharesOutstanding": 13940.5,
        "dilutedEPS": 0.35,
        "ebit": 5380,
        "gainLossOnDispositionOfAssets": 0,
        "grossIncome": 13141,
        "interestExpense": 26,
        "interestIncomeExpense": -325,
        "netIncome": 4923,
        "netIncomeAfterTaxes": 4923,
        "period": "2015-12-31",
        "pretaxIncome": 5200,
        "provisionforIncomeTaxes": 277,
        "researchDevelopment": 3510,
        "revenue": 21329,
        "sgaExpense": 4251,
        "totalOperatingExpense": 7761,
        "totalOtherIncomeExpenseNet": 145
      },
      {
        "costOfGoodsSold": 7037,
        "dilutedAverageSharesOutstanding": 13886.38,
        "dilutedEPS": 0.29,
        "ebit": 4708,
        "grossIncome": 11638,
        "interestExpense": 26,
        "interestIncomeExpense": 223,
        "netIncome": 3979,
        "netIncomeAfterTaxes": 3979,
        "period": "2015-09-30",
        "pretaxIncome": 4891,
        "provisionforIncomeTaxes": 912,
        "researchDevelopment": 3230,
        "revenue": 18675,
        "sgaExpense": 3700,
        "totalOperatingExpense": 6930,
        "totalOtherIncomeExpenseNet": -40
      }
    ],
    "symbol": "GOOGL"
  }
}