{
  "symbol": "TTD",
  "statement": "ic",
  "frequency": "quarterly",
  "timestamp": "2025-09-19T14:07:36.499781",
  "data": {
    "financials": [
      {
        "costOfGoodsSold": 150.98,
        "dilutedAverageSharesOutstanding": 495.776,
        "dilutedEPS": 0.1818,
        "ebit": 116.777,
        "grossIncome": 543.059,
        "interestExpense": 0.407,
        "interestIncomeExpense": 16.424,
        "netIncome": 90.129,
        "netIncomeAfterTaxes": 90.129,
        "period": "2025-06-30",
        "pretaxIncome": 133.201,
        "provisionforIncomeTaxes": 43.072,
        "researchDevelopment": 134.251,
        "revenue": 694.039,
        "sgaExpense": 292.031,
        "totalOperatingExpense": 426.282
      },
      {
        "costOfGoodsSold": 142.839,
        "dilutedAverageSharesOutstanding": 502.944,
        "dilutedEPS": 0.1008,
        "ebit": 54.452,
        "grossIncome": 473.182,
        "interestIncomeExpense": 21.317,
        "netIncome": 50.678,
        "netIncomeAfterTaxes": 50.678,
        "period": "2025-03-31",
        "pretaxIncome": 75.769,
        "provisionforIncomeTaxes": 25.091,
        "researchDevelopment": 132.402,
        "revenue": 616.021,
        "sgaExpense": 286.328,
        "totalOperatingExpense": 418.73
      },
      {
        "costOfGoodsSold": 135.267,
        "dilutedAverageSharesOutstanding": 506.877,
        "dilutedEPS": 0.3595,
        "ebit": 195.309,
        "grossIncome": 605.745,
        "interestIncomeExpense": 26.29,
        "netIncome": 182.229,
        "netIncomeAfterTaxes": 182.229,
        "period": "2024-12-31",
        "pretaxIncome": 221.599,
        "provisionforIncomeTaxes": 39.37,
        "researchDevelopment": 127.893,
        "revenue": 741.012,
        "sgaExpense": 282.543,
        "totalOperatingExpense": 410.436,
        "totalOtherIncomeExpenseNet": 0
      },
      {
        "costOfGoodsSold": 122.656,
        "dilutedAverageSharesOutstanding": 502.563,
        "dilutedEPS": 0.1874,
        "ebit": 108.481,
        "grossIncome": 505.36,
        "interestIncomeExpense": 18.697,
        "netIncome": 94.158,
        "netIncomeAfterTaxes": 94.158,
        "period": "2024-09-30",
        "pretaxIncome": 127.178,
        "provisionforIncomeTaxes": 33.02,
        "researchDevelopment": 117.705,
        "revenue": 628.016,
        "sgaExpense": 279.174,
        "totalOperatingExpense": 396.879
      },
      {
        "costOfGoodsSold": 110.459,
        "dilutedAverageSharesOutstanding": 500.04,
        "dilutedEPS": 0.17,
        "ebit": 94.72,
        "grossIncome": 474.091,
        "interestIncomeExpense": 17.772,
        "netIncome": 85.029,
        "netIncomeAfterTaxes": 85.029,
        "period": "2024-06-30",
        "pretaxIncome": 112.492,
        "provisionforIncomeTaxes": 27.463,
        "researchDevelopment": 110.035,
        "revenue": 584.55,
        "sgaExpense": 269.336,
        "totalOperatingExpense": 379.371
      },
      {
        "costOfGoodsSold": 103.63,
        "dilutedAverageSharesOutstanding": 498.192,
        "dilutedEPS": 0.0636,
        "ebit": 28.657,
        "grossIncome": 387.623,
        "interestIncomeExpense": 17.376,
        "netIncome": 31.66,
        "netIncomeAfterTaxes": 31.66,
        "period": "2024-03-31",
        "pretaxIncome": 46.033,
        "provisionforIncomeTaxes": 14.373,
        "researchDevelopment": 107.686,
        "revenue": 491.253,
        "sgaExpense": 251.28,
        "totalOperatingExpense": 358.966,
        "totalOtherIncomeExpenseNet": 0
      },
      {
        "costOfGoodsSold": 100.695,
        "dilutedAverageSharesOutstanding": 499.684,
        "dilutedEPS": 0.1948,
        "ebit": 144.438,
        "grossIncome": 505.102,
        "interestIncomeExpense": 16.238,
        "netIncome": 97.323,
        "netIncomeAfterTaxes": 97.323,
        "period": "2023-12-31",
        "pretaxIncome": 160.676,
        "provisionforIncomeTaxes": 63.353,
        "researchDevelopment": 102.004,
        "revenue": 605.797,
        "sgaExpense": 258.66,
        "totalOperatingExpense": 360.664
      },
      {
        "costOfGoodsSold": 93.4,
        "dilutedAverageSharesOutstanding": 501.9,
        "dilutedEPS": 0.08,
        "ebit": 37.7,
        "grossIncome": 399.9,
        "interestIncomeExpense": 19.3,
        "netIncome": 39.4,
        "netIncomeAfterTaxes": 39.4,
        "period": "2023-09-30",
        "pretaxIncome": 57,
        "provisionforIncomeTaxes": 17.6,
        "researchDevelopment": 117.8,
        "revenue": 493.3,
        "sgaExpense": 244.4,
        "totalOperatingExpense": 362.2
      },
      {
        "costOfGoodsSold": 86.7,
        "dilutedAverageSharesOutstanding": 499.3,
        "dilutedEPS": 0.07,
        "ebit": 41.7,
        "grossIncome": 377.6,
        "interestIncomeExpense": 18.3,
        "netIncome": 32.9,
        "netIncomeAfterTaxes": 32.9,
        "period": "2023-06-30",
        "pretaxIncome": 59.9,
        "provisionforIncomeTaxes": 27,
        "researchDevelopment": 98.3,
        "revenue": 464.3,
        "sgaExpense": 237.6,
        "totalOperatingExpense": 335.9
      },
      {
        "costOfGoodsSold": 84.9,
        "dilutedAverageSharesOutstanding": 499.8,
        "dilutedEPS": 0.02,
        "ebit": -23.3,
        "grossIncome": 297.9,
        "interestIncomeExpense": 13.7,
        "netIncome": 9.3,
        "netIncomeAfterTaxes": 9.3,
        "period": "2023-03-31",
        "pretaxIncome": -9.6,
        "provisionforIncomeTaxes": -18.9,
        "researchDevelopment": 93.7,
        "revenue": 382.8,
        "sgaExpense": 227.5,
        "totalOperatingExpense": 321.2
      },
      {
        "costOfGoodsSold": 79.6,
        "dilutedAverageSharesOutstanding": 541.2,
        "dilutedEPS": 0.13,
        "ebit": 100.2,
        "grossIncome": 411.1,
        "interestIncomeExpense": 12,
        "netIncome": 71.2,
        "netIncomeAfterTaxes": 71.2,
        "period": "2022-12-31",
        "pretaxIncome": 112.1,
        "provisionforIncomeTaxes": 40.9,
        "researchDevelopment": 84.5,
        "revenue": 490.7,
        "sgaExpense": 226.5,
        "totalOperatingExpense": 311
      },
      {
        "costOfGoodsSold": 70.1,
        "dilutedAverageSharesOutstanding": 500.3,
        "dilutedEPS": 0.03,
        "ebit": 28.8,
        "grossIncome": 324.6,
        "interestIncomeExpense": 1.7,
        "netIncome": 15.9,
        "netIncomeAfterTaxes": 15.9,
        "period": "2022-09-30",
        "pretaxIncome": 30.5,
        "provisionforIncomeTaxes": 14.6,
        "researchDevelopment": 79.9,
        "revenue": 394.8,
        "sgaExpense": 215.9,
        "totalOperatingExpense": 295.9
      },
      {
        "costOfGoodsSold": 67.5,
        "dilutedAverageSharesOutstanding": 486.3,
        "dilutedEPS": -0.04,
        "ebit": 1.7,
        "grossIncome": 309.5,
        "interestIncomeExpense": 0.3,
        "netIncome": -19.1,
        "netIncomeAfterTaxes": -19.1,
        "period": "2022-06-30",
        "pretaxIncome": 2.1,
        "provisionforIncomeTaxes": 21.2,
        "researchDevelopment": 83.5,
        "revenue": 377,
        "sgaExpense": 224.2,
        "totalOperatingExpense": 307.7
      },
      {
        "costOfGoodsSold": 63.9,
        "dilutedAverageSharesOutstanding": 484.2,
        "dilutedEPS": -0.03,
        "ebit": -17.1,
        "grossIncome": 251.4,
        "interestIncomeExpense": -0.3,
        "netIncome": -14.6,
        "netIncomeAfterTaxes": -14.6,
        "period": "2022-03-31",
        "pretaxIncome": -17.3,
        "provisionforIncomeTaxes": -2.7,
        "researchDevelopment": 72,
        "revenue": 315.3,
        "sgaExpense": 196.5,
        "totalOperatingExpense": 268.5
      },
      {
        "costOfGoodsSold": 66.8,
        "dilutedAverageSharesOutstanding": 500.3,
        "dilutedEPS": 0.02,
        "ebit": -25.4,
        "grossIncome": 328.8,
        "interestIncomeExpense": -1.2,
        "netIncome": 8,
        "netIncomeAfterTaxes": 8,
        "period": "2021-12-31",
        "pretaxIncome": -26.6,
        "provisionforIncomeTaxes": -34.6,
        "researchDevelopment": 62.8,
        "revenue": 395.6,
        "sgaExpense": 291.3,
        "totalOperatingExpense": 354.2
      },
      {
        "costOfGoodsSold": 53.4,
        "dilutedAverageSharesOutstanding": 498.9,
        "dilutedEPS": 0.12,
        "ebit": 80.4,
        "grossIncome": 247.7,
        "interestIncomeExpense": -1.5,
        "netIncome": 59.4,
        "netIncomeAfterTaxes": 59.4,
        "period": "2021-09-30",
        "pretaxIncome": 79,
        "provisionforIncomeTaxes": 19.6,
        "researchDevelopment": 55.8,
        "revenue": 301.1,
        "sgaExpense": 111.4,
        "totalOperatingExpense": 167.2
      },
      {
        "costOfGoodsSold": 50.8,
        "dilutedAverageSharesOutstanding": 497,
        "dilutedEPS": 0.1,
        "ebit": 61.9,
        "grossIncome": 229.2,
        "interestIncomeExpense": -0.4,
        "netIncome": 47.7,
        "netIncomeAfterTaxes": 47.7,
        "period": "2021-06-30",
        "pretaxIncome": 61.6,
        "provisionforIncomeTaxes": 13.9,
        "researchDevelopment": 53.5,
        "revenue": 280,
        "sgaExpense": 113.7,
        "totalOperatingExpense": 167.2
      },
      {
        "costOfGoodsSold": 50.5,
        "dilutedAverageSharesOutstanding": 497.9,
        "dilutedEPS": 0.05,
        "ebit": 7.8,
        "grossIncome": 169.3,
        "interestIncomeExpense": 0.3,
        "netIncome": 22.6,
        "netIncomeAfterTaxes": 22.6,
        "period": "2021-03-31",
        "pretaxIncome": 8.1,
        "provisionforIncomeTaxes": -14.6,
        "researchDevelopment": 53.9,
        "revenue": 219.8,
        "sgaExpense": 107.6,
        "totalOperatingExpense": 161.5
      },
      {
        "costOfGoodsSold": 51.6,
        "dilutedAverageSharesOutstanding": 497.6,
        "dilutedEPS": 0.31,
        "ebit": 106.4,
        "grossIncome": 268.3,
        "interestIncomeExpense": 0.5,
        "netIncome": 151.9,
        "netIncomeAfterTaxes": 151.9,
        "period": "2020-12-31",
        "pretaxIncome": 107,
        "provisionforIncomeTaxes": -44.9,
        "researchDevelopment": 48.7,
        "revenue": 319.9,
        "sgaExpense": 113.1,
        "totalOperatingExpense": 161.9
      },
      {
        "costOfGoodsSold": 44.8,
        "dilutedAverageSharesOutstanding": 492.2,
        "dilutedEPS": 0.08,
        "ebit": 42.8,
        "grossIncome": 171.3,
        "interestIncomeExpense": -0.2,
        "netIncome": 41.2,
        "netIncomeAfterTaxes": 41.2,
        "period": "2020-09-30",
        "pretaxIncome": 42.6,
        "provisionforIncomeTaxes": 1.3,
        "researchDevelopment": 41.1,
        "revenue": 216.1,
        "sgaExpense": 87.4,
        "totalOperatingExpense": 128.5
      },
      {
        "costOfGoodsSold": 42.1,
        "dilutedAverageSharesOutstanding": 486.5,
        "dilutedEPS": 0.05,
        "ebit": -15.8,
        "grossIncome": 97.2,
        "interestIncomeExpense": -0.5,
        "netIncome": 25.1,
        "netIncomeAfterTaxes": 25.1,
        "period": "2020-06-30",
        "pretaxIncome": -16,
        "provisionforIncomeTaxes": -41.1,
        "researchDevelopment": 40.1,
        "revenue": 139.4,
        "sgaExpense": 72.9,
        "totalOperatingExpense": 113,
        "totalOtherIncomeExpenseNet": 0.3
      },
      {
        "costOfGoodsSold": 40.2,
        "dilutedAverageSharesOutstanding": 483.1,
        "dilutedEPS": 0.05,
        "ebit": 10.8,
        "grossIncome": 120.5,
        "interestIncomeExpense": -0.1,
        "netIncome": 24.1,
        "netIncomeAfterTaxes": 24.1,
        "period": "2020-03-31",
        "pretaxIncome": 10.3,
        "provisionforIncomeTaxes": -13.7,
        "researchDevelopment": 36.8,
        "revenue": 160.7,
        "sgaExpense": 72.9,
        "totalOperatingExpense": 109.7,
        "totalOtherIncomeExpenseNet": -0.3
      },
      {
        "costOfGoodsSold": 47.3,
        "dilutedAverageSharesOutstanding": 480.4,
        "dilutedEPS": 0.11,
        "ebit": 52.7,
        "grossIncome": 168.7,
        "interestIncomeExpense": 1,
        "netIncome": 50.9,
        "netIncomeAfterTaxes": 50.9,
        "period": "2019-12-31",
        "pretaxIncome": 53.7,
        "provisionforIncomeTaxes": 2.8,
        "researchDevelopment": 32.8,
        "revenue": 215.9,
        "sgaExpense": 83.2,
        "totalOperatingExpense": 116
      },
      {
        "costOfGoodsSold": 39.9,
        "dilutedAverageSharesOutstanding": 480.4,
        "dilutedEPS": 0.04,
        "ebit": 21.9,
        "grossIncome": 124.3,
        "interestIncomeExpense": 1.9,
        "netIncome": 19.4,
        "netIncomeAfterTaxes": 19.4,
        "period": "2019-09-30",
        "pretaxIncome": 23.8,
        "provisionforIncomeTaxes": 4.4,
        "researchDevelopment": 29.2,
        "revenue": 164.2,
        "sgaExpense": 73.2,
        "totalOperatingExpense": 102.4
      },
      {
        "costOfGoodsSold": 35.3,
        "dilutedAverageSharesOutstanding": 478.3,
        "dilutedEPS": 0.06,
        "ebit": 31.9,
        "grossIncome": 124.6,
        "interestIncomeExpense": 1.4,
        "netIncome": 27.8,
        "netIncomeAfterTaxes": 27.8,
        "period": "2019-06-30",
        "pretaxIncome": 33.4,
        "provisionforIncomeTaxes": 5.6,
        "researchDevelopment": 29.5,
        "revenue": 159.9,
        "sgaExpense": 63.2,
        "totalOperatingExpense": 92.7
      },
      {
        "costOfGoodsSold": 33.7,
        "dilutedAverageSharesOutstanding": 473.1,
        "dilutedEPS": 0.02,
        "ebit": 5.7,
        "grossIncome": 87.3,
        "interestIncomeExpense": -0.3,
        "netIncome": 10.2,
        "netIncomeAfterTaxes": 10.2,
        "period": "2019-03-31",
        "pretaxIncome": 5.3,
        "provisionforIncomeTaxes": -4.8,
        "researchDevelopment": 25.3,
        "revenue": 121,
        "sgaExpense": 56.4,
        "totalOperatingExpense": 81.6
      },
      {
        "costOfGoodsSold": 35.3,
        "dilutedAverageSharesOutstanding": 467.9,
        "dilutedEPS": 0.08,
        "ebit": 49,
        "grossIncome": 125.2,
        "interestExpense": 1.55,
        "interestIncomeExpense": 0.3,
        "netIncome": 39.4,
        "netIncomeAfterTaxes": 39.4,
        "period": "2018-12-31",
        "pretaxIncome": 49.3,
        "provisionforIncomeTaxes": 9.9,
        "researchDevelopment": 24.1,
        "revenue": 160.5,
        "sgaExpense": 52.2,
        "totalOperatingExpense": 76.2
      },
      {
        "costOfGoodsSold": 29.3,
        "dilutedAverageSharesOutstanding": 465.8,
        "dilutedEPS": 0.04,
        "ebit": 22.3,
        "grossIncome": 89.5,
        "interestIncomeExpense": -0.2,
        "netIncome": 20.3,
        "netIncomeAfterTaxes": 20.3,
        "period": "2018-09-30",
        "pretaxIncome": 22.1,
        "provisionforIncomeTaxes": 1.8,
        "researchDevelopment": 22.6,
        "revenue": 118.8,
        "sgaExpense": 44.6,
        "totalOperatingExpense": 67.3
      },
      {
        "costOfGoodsSold": 26.6,
        "dilutedAverageSharesOutstanding": 452.4,
        "dilutedEPS": 0.04,
        "ebit": 26.2,
        "grossIncome": 85.7,
        "interestIncomeExpense": -1.1,
        "netIncome": 19.3,
        "netIncomeAfterTaxes": 19.3,
        "period": "2018-06-30",
        "pretaxIncome": 25.1,
        "provisionforIncomeTaxes": 5.8,
        "researchDevelopment": 19.5,
        "revenue": 112.3,
        "sgaExpense": 40.1,
        "totalOperatingExpense": 59.6
      },
      {
        "costOfGoodsSold": 22.9,
        "dilutedAverageSharesOutstanding": 445.4,
        "dilutedEPS": 0.02,
        "ebit": 9.9,
        "grossIncome": 62.8,
        "interestExpense": 0.156,
        "interestIncomeExpense": -0.7,
        "netIncome": 9.1,
        "netIncomeAfterTaxes": 9.1,
        "period": "2018-03-31",
        "pretaxIncome": 9.2,
        "provisionforIncomeTaxes": 0.2,
        "researchDevelopment": 17.7,
        "revenue": 85.7,
        "sgaExpense": 35.1,
        "totalOperatingExpense": 52.8
      },
      {
        "costOfGoodsSold": 21.1,
        "dilutedAverageSharesOutstanding": 444.7,
        "dilutedEPS": 0.04,
        "ebit": 29.3,
        "grossIncome": 81.5,
        "interestExpense": 0.501,
        "interestIncomeExpense": -1.3,
        "netIncome": 16.8,
        "netIncomeAfterTaxes": 17.4,
        "period": "2017-12-31",
        "pretaxIncome": 28,
        "provisionforIncomeTaxes": 10.6,
        "researchDevelopment": 17,
        "revenue": 102.6,
        "sgaExpense": 35.2,
        "totalOperatingExpense": 52.2
      },
      {
        "costOfGoodsSold": 17.4,
        "dilutedAverageSharesOutstanding": 442.5,
        "dilutedEPS": 0.02,
        "ebit": 18.4,
        "grossIncome": 62,
        "interestExpense": 0.513,
        "interestIncomeExpense": -2.4,
        "netIncome": 10.2,
        "netIncomeAfterTaxes": 10.2,
        "period": "2017-09-30",
        "pretaxIncome": 16.1,
        "provisionforIncomeTaxes": 5.8,
        "researchDevelopment": 13.2,
        "revenue": 79.4,
        "sgaExpense": 30.4,
        "totalOperatingExpense": 43.6
      },
      {
        "costOfGoodsSold": 15.2,
        "dilutedAverageSharesOutstanding": 439.4,
        "dilutedEPS": 0.04,
        "ebit": 19.7,
        "grossIncome": 57.7,
        "interestExpense": 0.413,
        "interestIncomeExpense": -1.3,
        "netIncome": 18.8,
        "netIncomeAfterTaxes": 18.8,
        "period": "2017-06-30",
        "pretaxIncome": 18.4,
        "provisionforIncomeTaxes": -0.5,
        "researchDevelopment": 12.1,
        "revenue": 72.8,
        "sgaExpense": 25.8,
        "totalOperatingExpense": 37.9
      },
      {
        "costOfGoodsSold": 12.5,
        "dilutedAverageSharesOutstanding": 435.6,
        "dilutedEPS": 0.01,
        "ebit": 1.9,
        "grossIncome": 40.8,
        "interestExpense": 0.364,
        "interestIncomeExpense": -0.8,
        "netIncome": 4.9,
        "netIncomeAfterTaxes": 4.9,
        "period": "2017-03-31",
        "pretaxIncome": 1.1,
        "provisionforIncomeTaxes": -3.8,
        "researchDevelopment": 10.5,
        "revenue": 53.4,
        "sgaExpense": 28.4,
        "totalOperatingExpense": 38.9
      },
      {
        "costOfGoodsSold": 13.3,
        "dilutedAverageSharesOutstanding": 418.4,
        "dilutedEPS": 0.02,
        "ebit": 24,
        "grossIncome": 59.2,
        "interestExpense": 0.411,
        "interestIncomeExpense": -1.1,
        "netIncome": 10.3,
        "netIncomeAfterTaxes": 10.3,
        "period": "2016-12-31",
        "pretaxIncome": 23,
        "provisionforIncomeTaxes": 12.7,
        "researchDevelopment": 9.6,
        "revenue": 72.4,
        "sgaExpense": 25.5,
        "totalOperatingExpense": 35.1
      },
      {
        "costOfGoodsSold": 10.4,
        "dilutedAverageSharesOutstanding": 382.3,
        "dilutedEPS": 0,
        "ebit": 15.1,
        "grossIncome": 42.5,
        "interestExpense": 1.347,
        "interestIncomeExpense": -6.1,
        "netIncome": 1,
        "netIncomeAfterTaxes": 3.6,
        "period": "2016-09-30",
        "pretaxIncome": 9,
        "provisionforIncomeTaxes": 5.3,
        "researchDevelopment": 7.3,
        "revenue": 53,
        "sgaExpense": 20.2,
        "totalOperatingExpense": 27.5
      },
      {
        "costOfGoodsSold": 8.7,
        "dilutedAverageSharesOutstanding": 155.4,
        "dilutedEPS": 0.02,
        "ebit": 15,
        "grossIncome": 38.5,
        "interestExpense": 0.482,
        "interestIncomeExpense": -1.3,
        "netIncome": 2.4,
        "netIncomeAfterTaxes": 7.6,
        "period": "2016-06-30",
        "pretaxIncome": 13.8,
        "provisionforIncomeTaxes": 6.2,
        "researchDevelopment": 5.8,
        "revenue": 47.2,
        "sgaExpense": 17.7,
        "totalOperatingExpense": 23.4
      },
      {
        "costOfGoodsSold": 7.5,
        "dilutedAverageSharesOutstanding": 108.5,
        "dilutedEPS": -0.4,
        "ebit": 3.4,
        "grossIncome": 22.9,
        "interestExpense": 0.835,
        "interestIncomeExpense": -5.3,
        "netIncome": -43,
        "netIncomeAfterTaxes": -1,
        "period": "2016-03-31",
        "pretaxIncome": -1.9,
        "provisionforIncomeTaxes": -0.8,
        "researchDevelopment": 4.6,
        "revenue": 30.4,
        "sgaExpense": 14.8,
        "totalOperatingExpense": 19.5
      },
      {
        "costOfGoodsSold": 7.4,
        "dilutedAverageSharesOutstanding": 149.2,
        "dilutedEPS": 0.01,
        "ebit": 18,
        "grossIncome": 35.3,
        "interestExpense": 0.425,
        "interestIncomeExpense": -5.3,
        "netIncome": 1.8,
        "netIncomeAfterTaxes": 5.7,
        "period": "2015-12-31",
        "pretaxIncome": 12.7,
        "provisionforIncomeTaxes": 7,
        "researchDevelopment": 4.3,
        "revenue": 42.7,
        "sgaExpense": 13,
        "totalOperatingExpense": 17.3
      },
      {
        "costOfGoodsSold": 6,
        "dilutedAverageSharesOutstanding": 382.3,
        "dilutedEPS": 0,
        "ebit": 9.2,
        "grossIncome": 22.8,
        "interestExpense": 0.295,
        "interestIncomeExpense": -1.4,
        "netIncome": 1.5,
        "netIncomeAfterTaxes": 4.6,
        "period": "2015-09-30",
        "pretaxIncome": 7.8,
        "provisionforIncomeTaxes": 3.2,
        "researchDevelopment": 3.4,
        "revenue": 28.8,
        "sgaExpense": 10.2,
        "totalOperatingExpense": 13.6
      }
    ],
    "symbol": "TTD"
  }
}