{
  "symbol": "IEX",
  "statement": "ic",
  "frequency": "quarterly",
  "timestamp": "2025-09-19T14:01:53.978327",
  "data": {
    "financials": [
      {
        "costOfGoodsSold": 473.2,
        "dilutedAverageSharesOutstanding": 75.5,
        "dilutedEPS": 1.7431,
        "ebit": 190.2,
        "grossIncome": 392.2,
        "interestExpense": 15.6,
        "interestIncomeExpense": -15.6,
        "minorityInterest": 0.5,
        "netIncome": 131.6,
        "netIncomeAfterTaxes": 131.1,
        "nonRecurringItems": -2.3,
        "period": "2025-06-30",
        "pretaxIncome": 169.9,
        "provisionforIncomeTaxes": 38.8,
        "revenue": 865.4,
        "sgaExpense": 202,
        "totalOperatingExpense": 202,
        "totalOtherIncomeExpenseNet": -2.4
      },
      {
        "costOfGoodsSold": 445.4,
        "dilutedAverageSharesOutstanding": 75.8,
        "dilutedEPS": 1.2599,
        "ebit": 160.2,
        "grossIncome": 368.9,
        "interestExpense": 16.1,
        "interestIncomeExpense": -16.1,
        "minorityInterest": 0.1,
        "netIncome": 95.5,
        "netIncomeAfterTaxes": 95.4,
        "nonRecurringItems": -18.2,
        "period": "2025-03-31",
        "pretaxIncome": 124.5,
        "provisionforIncomeTaxes": 29.1,
        "revenue": 814.3,
        "sgaExpense": 208.7,
        "totalOperatingExpense": 208.7,
        "totalOtherIncomeExpenseNet": -1.4
      },
      {
        "costOfGoodsSold": 495.8,
        "dilutedAverageSharesOutstanding": 75.9,
        "dilutedEPS": 1.6232,
        "ebit": 170.3,
        "grossIncome": 367.1,
        "interestExpense": 16.7,
        "interestIncomeExpense": -16.7,
        "minorityInterest": 0,
        "netIncome": 123.2,
        "netIncomeAfterTaxes": 123.2,
        "nonRecurringItems": -5,
        "period": "2024-12-31",
        "pretaxIncome": 151.2,
        "provisionforIncomeTaxes": 28,
        "revenue": 862.9,
        "sgaExpense": 196.8,
        "totalOperatingExpense": 196.8,
        "totalOtherIncomeExpenseNet": 2.6
      },
      {
        "costOfGoodsSold": 444.3,
        "dilutedAverageSharesOutstanding": 75.9,
        "dilutedEPS": 1.5692,
        "ebit": 176.5,
        "grossIncome": 353.9,
        "interestExpense": 10.3,
        "interestIncomeExpense": -10.3,
        "minorityInterest": 0.2,
        "netIncome": 119.1,
        "netIncomeAfterTaxes": 118.9,
        "nonRecurringItems": -9.1,
        "period": "2024-09-30",
        "pretaxIncome": 154.4,
        "provisionforIncomeTaxes": 35.5,
        "revenue": 798.2,
        "sgaExpense": 177.4,
        "totalOperatingExpense": 177.4,
        "totalOtherIncomeExpenseNet": -2.7
      },
      {
        "costOfGoodsSold": 440.4,
        "dilutedAverageSharesOutstanding": 75.9,
        "dilutedEPS": 1.8617,
        "ebit": 186.5,
        "grossIncome": 366.8,
        "interestExpense": 8.1,
        "interestIncomeExpense": -8.1,
        "minorityInterest": 0.1,
        "netIncome": 141.3,
        "netIncomeAfterTaxes": 141.2,
        "nonRecurringItems": 0.8,
        "period": "2024-06-30",
        "pretaxIncome": 179.2,
        "provisionforIncomeTaxes": 38,
        "revenue": 807.2,
        "sgaExpense": 180.3,
        "totalOperatingExpense": 180.3,
        "totalOtherIncomeExpenseNet": 0
      },
      {
        "costOfGoodsSold": 443.1,
        "dilutedAverageSharesOutstanding": 75.9,
        "dilutedEPS": 1.5995,
        "ebit": 163.6,
        "grossIncome": 357.4,
        "interestExpense": 9.4,
        "interestIncomeExpense": -9.4,
        "minorityInterest": 0.1,
        "netIncome": 121.4,
        "netIncomeAfterTaxes": 121.3,
        "nonRecurringItems": -2.4,
        "period": "2024-03-31",
        "pretaxIncome": 154.5,
        "provisionforIncomeTaxes": 33.2,
        "revenue": 800.5,
        "sgaExpense": 193.8,
        "totalOperatingExpense": 193.8,
        "totalOtherIncomeExpenseNet": 2.7
      },
      {
        "costOfGoodsSold": 452.1,
        "dilutedAverageSharesOutstanding": 75.9,
        "dilutedEPS": 1.4308,
        "ebit": 170.5,
        "grossIncome": 336.8,
        "interestExpense": 11.6,
        "interestIncomeExpense": -11.6,
        "minorityInterest": 0.3,
        "netIncome": 108.6,
        "netIncomeAfterTaxes": 108.3,
        "nonRecurringItems": -19.1,
        "period": "2023-12-31",
        "pretaxIncome": 140.2,
        "provisionforIncomeTaxes": 31.9,
        "revenue": 788.9,
        "sgaExpense": 166.3,
        "totalOperatingExpense": 166.3,
        "totalOtherIncomeExpenseNet": 0.4
      },
      {
        "costOfGoodsSold": 443.8,
        "dilutedAverageSharesOutstanding": 75.9,
        "dilutedEPS": 2.75,
        "ebit": 183.7,
        "grossIncome": 349.6,
        "interestExpense": 13.7,
        "interestIncomeExpense": -13.7,
        "minorityInterest": 0.1,
        "netIncome": 209.1,
        "netIncomeAfterTaxes": 209,
        "nonRecurringItems": 89.7,
        "period": "2023-09-30",
        "pretaxIncome": 261.8,
        "provisionforIncomeTaxes": 52.8,
        "revenue": 793.4,
        "sgaExpense": 165.9,
        "totalOperatingExpense": 165.9,
        "totalOtherIncomeExpenseNet": 2.1
      },
      {
        "costOfGoodsSold": 468.2,
        "dilutedAverageSharesOutstanding": 75.9,
        "dilutedEPS": 1.83,
        "ebit": 203.7,
        "grossIncome": 378,
        "interestExpense": 13.3,
        "interestIncomeExpense": -13.3,
        "minorityInterest": 0.1,
        "netIncome": 138.6,
        "netIncomeAfterTaxes": 138.5,
        "nonRecurringItems": -3.6,
        "period": "2023-06-30",
        "pretaxIncome": 178.5,
        "provisionforIncomeTaxes": 40,
        "revenue": 846.2,
        "sgaExpense": 174.3,
        "totalOperatingExpense": 174.3,
        "totalOtherIncomeExpenseNet": -8.3
      },
      {
        "costOfGoodsSold": 462.9,
        "dilutedAverageSharesOutstanding": 75.9,
        "dilutedEPS": 1.84,
        "ebit": 192.8,
        "grossIncome": 382.5,
        "interestExpense": 13.1,
        "interestIncomeExpense": -13.1,
        "minorityInterest": 0,
        "netIncome": 139.8,
        "netIncomeAfterTaxes": 139.8,
        "nonRecurringItems": -0.5,
        "period": "2023-03-31",
        "pretaxIncome": 179.8,
        "provisionforIncomeTaxes": 40,
        "revenue": 845.4,
        "sgaExpense": 189.7,
        "totalOperatingExpense": 189.7,
        "totalOtherIncomeExpenseNet": 0.6
      },
      {
        "costOfGoodsSold": 465,
        "dilutedAverageSharesOutstanding": 75.7,
        "dilutedEPS": 1.72,
        "ebit": 183.5,
        "grossIncome": 345.7,
        "interestExpense": 12.1,
        "interestIncomeExpense": -12.1,
        "minorityInterest": 0,
        "netIncome": 130,
        "netIncomeAfterTaxes": 130,
        "nonRecurringItems": -8.5,
        "period": "2022-12-31",
        "pretaxIncome": 163.5,
        "provisionforIncomeTaxes": 33.5,
        "revenue": 810.7,
        "sgaExpense": 162.2,
        "totalOperatingExpense": 162.2,
        "totalOtherIncomeExpenseNet": 0.6
      },
      {
        "costOfGoodsSold": 442.2,
        "dilutedAverageSharesOutstanding": 75.8,
        "dilutedEPS": 2.36,
        "ebit": 219.9,
        "grossIncome": 381.8,
        "interestExpense": 9.6,
        "interestIncomeExpense": -9.6,
        "minorityInterest": 0,
        "netIncome": 178.7,
        "netIncomeAfterTaxes": 178.7,
        "nonRecurringItems": 17.1,
        "period": "2022-09-30",
        "pretaxIncome": 228.4,
        "provisionforIncomeTaxes": 49.7,
        "revenue": 824,
        "sgaExpense": 161.9,
        "totalOperatingExpense": 161.9,
        "totalOtherIncomeExpenseNet": 1
      },
      {
        "costOfGoodsSold": 439.2,
        "dilutedAverageSharesOutstanding": 76.1,
        "dilutedEPS": 1.82,
        "ebit": 189.4,
        "grossIncome": 356.9,
        "interestExpense": 9.5,
        "interestIncomeExpense": -9.5,
        "minorityInterest": 0.1,
        "netIncome": 138.2,
        "netIncomeAfterTaxes": 138.1,
        "nonRecurringItems": -2.8,
        "period": "2022-06-30",
        "pretaxIncome": 177.1,
        "provisionforIncomeTaxes": 39,
        "revenue": 796.1,
        "sgaExpense": 167.5,
        "totalOperatingExpense": 167.5,
        "totalOtherIncomeExpenseNet": 0
      },
      {
        "costOfGoodsSold": 408.6,
        "dilutedAverageSharesOutstanding": 76.4,
        "dilutedEPS": 1.83,
        "ebit": 188.2,
        "grossIncome": 342.5,
        "interestExpense": 9.5,
        "interestIncomeExpense": -9.5,
        "minorityInterest": 0.1,
        "netIncome": 140,
        "netIncomeAfterTaxes": 139.9,
        "nonRecurringItems": -0.6,
        "period": "2022-03-31",
        "pretaxIncome": 180.4,
        "provisionforIncomeTaxes": 40.5,
        "revenue": 751.1,
        "sgaExpense": 154.3,
        "totalOperatingExpense": 154.3,
        "totalOtherIncomeExpenseNet": 2.3
      },
      {
        "costOfGoodsSold": 400.6,
        "dilutedAverageSharesOutstanding": 76.4,
        "dilutedEPS": 1.55,
        "ebit": 164.8,
        "grossIncome": 314.2,
        "interestExpense": 9.521,
        "interestIncomeExpense": -9.5,
        "minorityInterest": 0,
        "netIncome": 118.8,
        "netIncomeAfterTaxes": 118.7,
        "nonRecurringItems": -2.8,
        "period": "2021-12-31",
        "pretaxIncome": 153.2,
        "provisionforIncomeTaxes": 34.5,
        "revenue": 714.8,
        "sgaExpense": 149.4,
        "totalOperatingExpense": 149.4,
        "totalOtherIncomeExpenseNet": 0.8
      },
      {
        "costOfGoodsSold": 400.5,
        "dilutedAverageSharesOutstanding": 76.5,
        "dilutedEPS": 1.51,
        "ebit": 165.1,
        "grossIncome": 311.6,
        "interestExpense": 9.498,
        "interestIncomeExpense": -9.5,
        "minorityInterest": 0,
        "netIncome": 115.7,
        "netIncomeAfterTaxes": 115.7,
        "nonRecurringItems": -3.9,
        "period": "2021-09-30",
        "pretaxIncome": 151.1,
        "provisionforIncomeTaxes": 35.3,
        "revenue": 712,
        "sgaExpense": 146.5,
        "totalOperatingExpense": 146.4,
        "totalOtherIncomeExpenseNet": -0.6
      },
      {
        "costOfGoodsSold": 379.9,
        "dilutedAverageSharesOutstanding": 76.4,
        "dilutedEPS": 1.34,
        "ebit": 163.7,
        "grossIncome": 306.1,
        "interestExpense": 11.205,
        "interestIncomeExpense": -11.2,
        "minorityInterest": 0,
        "netIncome": 102.2,
        "netIncomeAfterTaxes": 102.2,
        "nonRecurringItems": -5.4,
        "period": "2021-06-30",
        "pretaxIncome": 129.9,
        "provisionforIncomeTaxes": 27.7,
        "revenue": 685.9,
        "sgaExpense": 142.4,
        "totalOperatingExpense": 142.4,
        "totalOtherIncomeExpenseNet": -17.2
      },
      {
        "costOfGoodsSold": 359.4,
        "dilutedAverageSharesOutstanding": 76.3,
        "dilutedEPS": 1.48,
        "ebit": 159.1,
        "grossIncome": 292.6,
        "interestExpense": 10.776,
        "interestIncomeExpense": -10.8,
        "minorityInterest": 0,
        "netIncome": 112.7,
        "netIncomeAfterTaxes": 112.7,
        "nonRecurringItems": -3.6,
        "period": "2021-03-31",
        "pretaxIncome": 145.6,
        "provisionforIncomeTaxes": 32.9,
        "revenue": 652,
        "sgaExpense": 133.4,
        "totalOperatingExpense": 133.5,
        "totalOtherIncomeExpenseNet": 0.8
      },
      {
        "costOfGoodsSold": 345.7,
        "dilutedAverageSharesOutstanding": 77.2,
        "dilutedEPS": 1.31,
        "ebit": 144,
        "grossIncome": 269.2,
        "interestExpense": 10.788,
        "interestIncomeExpense": -10.8,
        "netIncome": 101.1,
        "netIncomeAfterTaxes": 101.1,
        "nonRecurringItems": -5,
        "period": "2020-12-31",
        "pretaxIncome": 129.9,
        "provisionforIncomeTaxes": 28.8,
        "revenue": 614.8,
        "sgaExpense": 125.2,
        "totalOperatingExpense": 125.2,
        "totalOtherIncomeExpenseNet": 1.7
      },
      {
        "costOfGoodsSold": 329.6,
        "dilutedAverageSharesOutstanding": 76,
        "dilutedEPS": 1.37,
        "ebit": 134.1,
        "grossIncome": 251.5,
        "interestExpense": 10.642,
        "interestIncomeExpense": -10.6,
        "netIncome": 103.8,
        "netIncomeAfterTaxes": 103.8,
        "nonRecurringItems": -2.9,
        "period": "2020-09-30",
        "pretaxIncome": 121.3,
        "provisionforIncomeTaxes": 17.4,
        "revenue": 581.1,
        "sgaExpense": 117.4,
        "totalOperatingExpense": 117.4,
        "totalOtherIncomeExpenseNet": 0.7
      },
      {
        "costOfGoodsSold": 326.4,
        "dilutedAverageSharesOutstanding": 75.9,
        "dilutedEPS": 0.93,
        "ebit": 114.4,
        "grossIncome": 234.8,
        "interestExpense": 12.439,
        "interestIncomeExpense": -12.4,
        "netIncome": 70.9,
        "netIncomeAfterTaxes": 70.9,
        "nonRecurringItems": -3.8,
        "period": "2020-06-30",
        "pretaxIncome": 91.7,
        "provisionforIncomeTaxes": 20.8,
        "revenue": 561.2,
        "sgaExpense": 120.4,
        "totalOperatingExpense": 120.5,
        "totalOtherIncomeExpenseNet": -6.5
      },
      {
        "costOfGoodsSold": 322.5,
        "dilutedAverageSharesOutstanding": 76.5,
        "dilutedEPS": 1.33,
        "ebit": 139.9,
        "grossIncome": 272,
        "interestExpense": 10.877,
        "interestIncomeExpense": -10.9,
        "netIncome": 102,
        "netIncomeAfterTaxes": 102,
        "period": "2020-03-31",
        "pretaxIncome": 127.5,
        "provisionforIncomeTaxes": 25.5,
        "revenue": 594.5,
        "sgaExpense": 132,
        "totalOperatingExpense": 132,
        "totalOtherIncomeExpenseNet": -1.6
      },
      {
        "costOfGoodsSold": 339.1,
        "dilutedAverageSharesOutstanding": 76.6,
        "dilutedEPS": 1.26,
        "ebit": 141.2,
        "grossIncome": 266.9,
        "interestExpense": 11.079,
        "interestIncomeExpense": -11.1,
        "netIncome": 96.9,
        "netIncomeAfterTaxes": 96.5,
        "nonRecurringItems": -7,
        "period": "2019-12-31",
        "pretaxIncome": 122,
        "provisionforIncomeTaxes": 25.5,
        "revenue": 606,
        "sgaExpense": 125.8,
        "totalOperatingExpense": 125.7,
        "totalOtherIncomeExpenseNet": -1.1
      },
      {
        "costOfGoodsSold": 342.3,
        "dilutedAverageSharesOutstanding": 76.6,
        "dilutedEPS": 1.37,
        "ebit": 153.8,
        "grossIncome": 282,
        "interestExpense": 11.33,
        "interestIncomeExpense": -11.3,
        "netIncome": 105.2,
        "netIncomeAfterTaxes": 105.2,
        "nonRecurringItems": -12,
        "period": "2019-09-30",
        "pretaxIncome": 129.2,
        "provisionforIncomeTaxes": 24,
        "revenue": 624.2,
        "sgaExpense": 128.3,
        "totalOperatingExpense": 128.2,
        "totalOtherIncomeExpenseNet": -1.2
      },
      {
        "costOfGoodsSold": 349.8,
        "dilutedAverageSharesOutstanding": 76.4,
        "dilutedEPS": 1.48,
        "ebit": 157.4,
        "grossIncome": 292.3,
        "interestExpense": 11.011,
        "interestIncomeExpense": -11,
        "netIncome": 113.2,
        "netIncomeAfterTaxes": 113.2,
        "nonRecurringItems": -2.1,
        "period": "2019-06-30",
        "pretaxIncome": 144.7,
        "provisionforIncomeTaxes": 31.4,
        "revenue": 642.1,
        "sgaExpense": 134.9,
        "totalOperatingExpense": 134.9,
        "totalOtherIncomeExpenseNet": 0.4
      },
      {
        "costOfGoodsSold": 338.4,
        "dilutedAverageSharesOutstanding": 76.3,
        "dilutedEPS": 1.45,
        "ebit": 147.8,
        "grossIncome": 283.8,
        "interestExpense": 10.921,
        "interestIncomeExpense": -10.9,
        "netIncome": 110.3,
        "netIncomeAfterTaxes": 110.3,
        "nonRecurringItems": 0,
        "period": "2019-03-31",
        "pretaxIncome": 137,
        "provisionforIncomeTaxes": 26.7,
        "revenue": 622.2,
        "sgaExpense": 136.1,
        "totalOperatingExpense": 136,
        "totalOtherIncomeExpenseNet": 0.1
      },
      {
        "costOfGoodsSold": 340.5,
        "dilutedAverageSharesOutstanding": 77.1,
        "dilutedEPS": 1.27,
        "ebit": 143.2,
        "grossIncome": 273.6,
        "interestExpense": 11.036,
        "interestIncomeExpense": -11,
        "netIncome": 98.1,
        "netIncomeAfterTaxes": 93.1,
        "nonRecurringItems": -3.8,
        "period": "2018-12-31",
        "pretaxIncome": 128.8,
        "provisionforIncomeTaxes": 35.7,
        "revenue": 614.1,
        "sgaExpense": 130.4,
        "totalOperatingExpense": 130.4,
        "totalOtherIncomeExpenseNet": 0.4
      },
      {
        "costOfGoodsSold": 342.7,
        "dilutedAverageSharesOutstanding": 77.7,
        "dilutedEPS": 1.37,
        "ebit": 149.7,
        "grossIncome": 280.2,
        "interestExpense": 10.958,
        "interestIncomeExpense": -11,
        "netIncome": 106.4,
        "netIncomeAfterTaxes": 106.4,
        "nonRecurringItems": -4.6,
        "period": "2018-09-30",
        "pretaxIncome": 133.2,
        "provisionforIncomeTaxes": 26.9,
        "revenue": 622.9,
        "sgaExpense": 130.5,
        "totalOperatingExpense": 130.5,
        "totalOtherIncomeExpenseNet": -0.9
      },
      {
        "costOfGoodsSold": 347,
        "dilutedAverageSharesOutstanding": 77.7,
        "dilutedEPS": 1.38,
        "ebit": 149.8,
        "grossIncome": 287.4,
        "interestExpense": 11.14,
        "interestIncomeExpense": -11.1,
        "netIncome": 107.1,
        "netIncomeAfterTaxes": 107.1,
        "nonRecurringItems": -2,
        "period": "2018-06-30",
        "pretaxIncome": 136.7,
        "provisionforIncomeTaxes": 29.6,
        "revenue": 634.4,
        "sgaExpense": 137.5,
        "totalOperatingExpense": 137.5,
        "totalOtherIncomeExpenseNet": 0.1
      },
      {
        "costOfGoodsSold": 335.7,
        "dilutedAverageSharesOutstanding": 77.7,
        "dilutedEPS": 1.27,
        "ebit": 138.3,
        "grossIncome": 276.7,
        "interestExpense": 11,
        "interestIncomeExpense": -11,
        "netIncome": 99,
        "netIncomeAfterTaxes": 99.1,
        "nonRecurringItems": -1.6,
        "period": "2018-03-31",
        "pretaxIncome": 130.1,
        "provisionforIncomeTaxes": 31.1,
        "revenue": 612.3,
        "sgaExpense": 138.3,
        "totalOperatingExpense": 138.3,
        "totalOtherIncomeExpenseNet": 4.4
      },
      {
        "costOfGoodsSold": 325,
        "dilutedAverageSharesOutstanding": 77.6,
        "dilutedEPS": 1.21,
        "ebit": 129.6,
        "grossIncome": 260.9,
        "interestExpense": 10.969,
        "interestIncomeExpense": -11,
        "netIncome": 93.7,
        "netIncomeAfterTaxes": 93.6,
        "nonRecurringItems": 5.6,
        "period": "2017-12-31",
        "pretaxIncome": 123.6,
        "provisionforIncomeTaxes": 30,
        "revenue": 585.9,
        "sgaExpense": 131.2,
        "totalOperatingExpense": 131.3,
        "totalOtherIncomeExpenseNet": -0.7
      },
      {
        "costOfGoodsSold": 316.6,
        "dilutedAverageSharesOutstanding": 77.5,
        "dilutedEPS": 1.08,
        "ebit": 126.5,
        "grossIncome": 257.9,
        "interestExpense": 11.064,
        "interestIncomeExpense": -11.1,
        "netIncome": 83.8,
        "netIncomeAfterTaxes": 83.8,
        "nonRecurringItems": 0,
        "period": "2017-09-30",
        "pretaxIncome": 113.8,
        "provisionforIncomeTaxes": 30,
        "revenue": 574.5,
        "sgaExpense": 131.4,
        "totalOperatingExpense": 131.4,
        "totalOtherIncomeExpenseNet": -1.7
      },
      {
        "costOfGoodsSold": 316.4,
        "dilutedAverageSharesOutstanding": 77.3,
        "dilutedEPS": 1.08,
        "ebit": 125.1,
        "grossIncome": 256.9,
        "interestExpense": 11.304,
        "interestIncomeExpense": -11.3,
        "netIncome": 83.8,
        "netIncomeAfterTaxes": 83.8,
        "nonRecurringItems": 0,
        "period": "2017-06-30",
        "pretaxIncome": 113.5,
        "provisionforIncomeTaxes": 29.6,
        "revenue": 573.4,
        "sgaExpense": 131.8,
        "totalOperatingExpense": 131.8,
        "totalOtherIncomeExpenseNet": -0.4
      },
      {
        "costOfGoodsSold": 302.6,
        "dilutedAverageSharesOutstanding": 76.9,
        "dilutedEPS": 0.99,
        "ebit": 120.5,
        "grossIncome": 250.9,
        "interestExpense": 11.552,
        "interestIncomeExpense": -11.6,
        "netIncome": 75.9,
        "netIncomeAfterTaxes": 75.9,
        "nonRecurringItems": -4.8,
        "period": "2017-03-31",
        "pretaxIncome": 104.4,
        "provisionforIncomeTaxes": 28.5,
        "revenue": 553.6,
        "sgaExpense": 130.5,
        "totalOperatingExpense": 130.5,
        "totalOtherIncomeExpenseNet": 0.3
      },
      {
        "costOfGoodsSold": 297.9,
        "dilutedAverageSharesOutstanding": 76.8,
        "dilutedEPS": 0.75,
        "ebit": 109.4,
        "grossIncome": 232.5,
        "interestExpense": 12.009,
        "interestIncomeExpense": -12,
        "netIncome": 57.3,
        "netIncomeAfterTaxes": 57.3,
        "nonRecurringItems": -23.9,
        "period": "2016-12-31",
        "pretaxIncome": 72.7,
        "provisionforIncomeTaxes": 15.4,
        "revenue": 530.4,
        "sgaExpense": 123.1,
        "totalOperatingExpense": 123.1,
        "totalOtherIncomeExpenseNet": -0.8
      },
      {
        "costOfGoodsSold": 299.5,
        "dilutedAverageSharesOutstanding": 76.9,
        "dilutedEPS": 0.91,
        "ebit": 111.8,
        "grossIncome": 230.9,
        "interestExpense": 11.913,
        "interestIncomeExpense": -11.9,
        "netIncome": 69.9,
        "netIncomeAfterTaxes": 69.9,
        "nonRecurringItems": -2.1,
        "period": "2016-09-30",
        "pretaxIncome": 99.3,
        "provisionforIncomeTaxes": 29.4,
        "revenue": 530.4,
        "sgaExpense": 119.1,
        "totalOperatingExpense": 119,
        "totalOtherIncomeExpenseNet": 1.5
      },
      {
        "costOfGoodsSold": 305.6,
        "dilutedAverageSharesOutstanding": 76.7,
        "dilutedEPS": 0.99,
        "ebit": 113.8,
        "grossIncome": 244.1,
        "interestExpense": 11.205,
        "interestIncomeExpense": -11.2,
        "netIncome": 75.8,
        "netIncomeAfterTaxes": 75.8,
        "nonRecurringItems": 0,
        "period": "2016-06-30",
        "pretaxIncome": 103.6,
        "provisionforIncomeTaxes": 27.9,
        "revenue": 549.7,
        "sgaExpense": 130.2,
        "totalOperatingExpense": 130.3,
        "totalOtherIncomeExpenseNet": 1
      },
      {
        "costOfGoodsSold": 279.2,
        "dilutedAverageSharesOutstanding": 76.7,
        "dilutedEPS": 0.89,
        "ebit": 103.3,
        "grossIncome": 223.3,
        "interestExpense": 10.489,
        "interestIncomeExpense": -10.5,
        "netIncome": 68.1,
        "netIncomeAfterTaxes": 68.1,
        "nonRecurringItems": 0,
        "period": "2016-03-31",
        "pretaxIncome": 92.8,
        "provisionforIncomeTaxes": 24.7,
        "revenue": 502.6,
        "sgaExpense": 120,
        "totalOperatingExpense": 120,
        "totalOtherIncomeExpenseNet": 0
      },
      {
        "costOfGoodsSold": 276.4,
        "dilutedAverageSharesOutstanding": 77.1,
        "dilutedEPS": 0.88,
        "ebit": 110,
        "grossIncome": 223.4,
        "interestExpense": 10.226,
        "interestIncomeExpense": -10.2,
        "netIncome": 67.8,
        "netIncomeAfterTaxes": 67.8,
        "nonRecurringItems": -6.5,
        "period": "2015-12-31",
        "pretaxIncome": 88.7,
        "provisionforIncomeTaxes": 20.9,
        "revenue": 499.8,
        "sgaExpense": 113.4,
        "totalOperatingExpense": 113.4,
        "totalOtherIncomeExpenseNet": -4.6
      },
      {
        "costOfGoodsSold": 280.5,
        "dilutedAverageSharesOutstanding": 77.6,
        "dilutedEPS": 1.02,
        "ebit": 108.5,
        "grossIncome": 223.3,
        "interestExpense": 10.229,
        "interestIncomeExpense": -10.2,
        "netIncome": 79.5,
        "netIncomeAfterTaxes": 79.5,
        "nonRecurringItems": 13.3,
        "period": "2015-09-30",
        "pretaxIncome": 112.3,
        "provisionforIncomeTaxes": 32.8,
        "revenue": 503.8,
        "sgaExpense": 114.8,
        "totalOperatingExpense": 114.8,
        "totalOtherIncomeExpenseNet": 0.7
      }
    ],
    "symbol": "IEX"
  }
}