{
  "symbol": "RVTY",
  "statement": "ic",
  "frequency": "quarterly",
  "timestamp": "2025-09-19T14:06:15.445295",
  "data": {
    "financials": [
      {
        "costOfGoodsSold": 327.728,
        "dilutedAverageSharesOutstanding": 117.538,
        "dilutedEPS": 0.4698,
        "ebit": 106.513,
        "grossIncome": 392.556,
        "interestExpense": 22.937,
        "interestIncomeExpense": -20.415,
        "netIncome": 53.948,
        "netIncomeAfterTaxes": 55.222,
        "nonRecurringItems": -15.753,
        "otherOperatingExpensesTotal": 0.459,
        "period": "2025-06-29",
        "pretaxIncome": 68.65,
        "provisionforIncomeTaxes": 13.428,
        "researchDevelopment": 53.27,
        "revenue": 720.284,
        "sgaExpense": 232.314,
        "totalOperatingExpense": 286.043,
        "totalOtherIncomeExpenseNet": -1.695
      },
      {
        "costOfGoodsSold": 289.216,
        "dilutedAverageSharesOutstanding": 120.233,
        "dilutedEPS": 0.3466,
        "ebit": 77.833,
        "grossIncome": 375.546,
        "interestExpense": 22.964,
        "interestIncomeExpense": -13.061,
        "netIncome": 42.237,
        "netIncomeAfterTaxes": 41.669,
        "nonRecurringItems": -5.603,
        "otherOperatingExpensesTotal": -0.625,
        "period": "2025-03-30",
        "pretaxIncome": 52.382,
        "provisionforIncomeTaxes": 10.713,
        "researchDevelopment": 53.597,
        "revenue": 664.762,
        "sgaExpense": 244.741,
        "totalOperatingExpense": 297.713,
        "totalOtherIncomeExpenseNet": -6.787
      },
      {
        "costOfGoodsSold": 317.082,
        "dilutedAverageSharesOutstanding": 121.43,
        "dilutedEPS": 0.77,
        "ebit": 111.598,
        "grossIncome": 412.29,
        "interestExpense": 22.781,
        "interestIncomeExpense": -21.462,
        "netIncome": 94.645,
        "netIncomeAfterTaxes": 88.383,
        "nonRecurringItems": 7.152,
        "otherOperatingExpensesTotal": -4.136,
        "period": "2024-12-29",
        "pretaxIncome": 94.558,
        "provisionforIncomeTaxes": 6.175,
        "researchDevelopment": 49.208,
        "revenue": 729.372,
        "sgaExpense": 255.62,
        "totalOperatingExpense": 300.692,
        "totalOtherIncomeExpenseNet": -2.73
      },
      {
        "costOfGoodsSold": 299.233,
        "dilutedAverageSharesOutstanding": 123.026,
        "dilutedEPS": 0.7591,
        "ebit": 103.856,
        "grossIncome": 384.816,
        "interestExpense": 24.383,
        "interestIncomeExpense": 4.162,
        "netIncome": 94.367,
        "netIncomeAfterTaxes": 93.386,
        "nonRecurringItems": -5.705,
        "otherOperatingExpensesTotal": -0.344,
        "period": "2024-09-29",
        "pretaxIncome": 100.357,
        "provisionforIncomeTaxes": 6.971,
        "researchDevelopment": 49.144,
        "revenue": 684.049,
        "sgaExpense": 232.16,
        "totalOperatingExpense": 280.96,
        "totalOtherIncomeExpenseNet": -1.956
      },
      {
        "costOfGoodsSold": 306.179,
        "dilutedAverageSharesOutstanding": 123.477,
        "dilutedEPS": 0.44,
        "ebit": 108.247,
        "grossIncome": 385.506,
        "interestExpense": 24.717,
        "interestIncomeExpense": 2.843,
        "netIncome": 55.36,
        "netIncomeAfterTaxes": 72.606,
        "nonRecurringItems": -22.523,
        "otherOperatingExpensesTotal": 0.176,
        "period": "2024-06-30",
        "pretaxIncome": 86.662,
        "provisionforIncomeTaxes": 14.056,
        "researchDevelopment": 48.132,
        "revenue": 691.685,
        "sgaExpense": 228.951,
        "totalOperatingExpense": 277.259,
        "totalOtherIncomeExpenseNet": -1.905
      },
      {
        "costOfGoodsSold": 294.873,
        "dilutedAverageSharesOutstanding": 123.538,
        "dilutedEPS": 0.21,
        "ebit": 67.934,
        "grossIncome": 355.047,
        "interestExpense": 24.397,
        "interestIncomeExpense": -7.65,
        "netIncome": 26.013,
        "netIncomeAfterTaxes": 28.696,
        "nonRecurringItems": -23.818,
        "otherOperatingExpensesTotal": 6.173,
        "period": "2024-03-31",
        "pretaxIncome": 34.549,
        "provisionforIncomeTaxes": 5.853,
        "researchDevelopment": 50.36,
        "revenue": 649.92,
        "sgaExpense": 230.58,
        "totalOperatingExpense": 287.113,
        "totalOtherIncomeExpenseNet": -1.917
      },
      {
        "costOfGoodsSold": 312.423,
        "dilutedAverageSharesOutstanding": 123.333,
        "dilutedEPS": 0.63,
        "ebit": 99.433,
        "grossIncome": 383.478,
        "interestExpense": 24.582,
        "interestIncomeExpense": -31.746,
        "netIncome": 78.563,
        "netIncomeAfterTaxes": 63.567,
        "nonRecurringItems": -22.274,
        "otherOperatingExpensesTotal": 1.41,
        "period": "2023-12-31",
        "pretaxIncome": 31.379,
        "provisionforIncomeTaxes": -32.188,
        "researchDevelopment": 49.596,
        "revenue": 695.901,
        "sgaExpense": 233.039,
        "totalOperatingExpense": 284.045,
        "totalOtherIncomeExpenseNet": -14.034
      },
      {
        "costOfGoodsSold": 298.223,
        "dilutedAverageSharesOutstanding": 124.203,
        "dilutedEPS": 0.07,
        "ebit": 93.057,
        "grossIncome": 372.516,
        "interestExpense": 25.486,
        "interestIncomeExpense": -18.128,
        "netIncome": 9.497,
        "netIncomeAfterTaxes": 32.469,
        "nonRecurringItems": -23.829,
        "otherOperatingExpensesTotal": 0.633,
        "period": "2023-10-01",
        "pretaxIncome": 50.603,
        "provisionforIncomeTaxes": 18.134,
        "researchDevelopment": 53.039,
        "revenue": 670.739,
        "sgaExpense": 225.787,
        "totalOperatingExpense": 279.459,
        "totalOtherIncomeExpenseNet": -0.497
      },
      {
        "costOfGoodsSold": 306.735,
        "dilutedAverageSharesOutstanding": 125.398,
        "dilutedEPS": 0.28,
        "ebit": 109.09,
        "grossIncome": 402.331,
        "interestExpense": 26.007,
        "interestIncomeExpense": -4.216,
        "netIncome": 35.559,
        "netIncomeAfterTaxes": 58.622,
        "nonRecurringItems": -31.034,
        "otherOperatingExpensesTotal": 2.445,
        "period": "2023-07-02",
        "pretaxIncome": 71.554,
        "provisionforIncomeTaxes": 12.932,
        "researchDevelopment": 57.253,
        "revenue": 709.066,
        "sgaExpense": 233.543,
        "totalOperatingExpense": 293.241,
        "totalOtherIncomeExpenseNet": -2.286
      },
      {
        "costOfGoodsSold": 293.499,
        "dilutedAverageSharesOutstanding": 126.469,
        "dilutedEPS": 4.5,
        "ebit": 97.165,
        "grossIncome": 381.366,
        "interestExpense": 22.738,
        "interestIncomeExpense": -44.49,
        "netIncome": 569.475,
        "netIncomeAfterTaxes": 24.845,
        "nonRecurringItems": -21.046,
        "period": "2023-04-02",
        "pretaxIncome": 29.44,
        "provisionforIncomeTaxes": 4.595,
        "researchDevelopment": 56.69,
        "revenue": 674.865,
        "sgaExpense": 227.511,
        "totalOperatingExpense": 284.201,
        "totalOtherIncomeExpenseNet": -2.189
      },
      {
        "costOfGoodsSold": 304.884,
        "dilutedAverageSharesOutstanding": 126.426,
        "dilutedEPS": 1,
        "ebit": 135.926,
        "grossIncome": 436.33,
        "interestExpense": 22.508,
        "interestIncomeExpense": -22.376,
        "netIncome": 127.658,
        "netIncomeAfterTaxes": 97.497,
        "nonRecurringItems": 1.543,
        "period": "2023-01-01",
        "pretaxIncome": 138.447,
        "provisionforIncomeTaxes": 40.95,
        "researchDevelopment": 54.536,
        "revenue": 741.214,
        "sgaExpense": 245.868,
        "totalOperatingExpense": 300.404,
        "totalOtherIncomeExpenseNet": 23.354
      },
      {
        "costOfGoodsSold": 304.759,
        "dilutedAverageSharesOutstanding": 126.54,
        "dilutedEPS": 0.67,
        "ebit": 122.054,
        "grossIncome": 407.044,
        "interestExpense": 25.931,
        "interestIncomeExpense": -30.37,
        "netIncome": 85.347,
        "netIncomeAfterTaxes": 69.508,
        "nonRecurringItems": -11.274,
        "period": "2022-10-02",
        "pretaxIncome": 82.142,
        "provisionforIncomeTaxes": 12.634,
        "researchDevelopment": 53.521,
        "revenue": 711.803,
        "sgaExpense": 231.469,
        "totalOperatingExpense": 284.99,
        "totalOtherIncomeExpenseNet": 1.732
      },
      {
        "costOfGoodsSold": 712.349,
        "dilutedAverageSharesOutstanding": 126.542,
        "dilutedEPS": 2.81,
        "ebit": 524.519,
        "grossIncome": 1146.456,
        "interestExpense": 27.128,
        "interestIncomeExpense": -63.374,
        "netIncome": 356.174,
        "netIncomeAfterTaxes": 345.671,
        "nonRecurringItems": -30.069,
        "period": "2022-07-03",
        "pretaxIncome": 431.248,
        "provisionforIncomeTaxes": 85.577,
        "researchDevelopment": 113.56,
        "revenue": 1858.805,
        "sgaExpense": 508.377,
        "totalOperatingExpense": 621.937,
        "totalOtherIncomeExpenseNet": 0.172
      },
      {
        "costOfGoodsSold": 580.211,
        "dilutedAverageSharesOutstanding": 126.635,
        "dilutedEPS": 1.3977,
        "ebit": 288.729,
        "grossIncome": 679.231,
        "interestExpense": 28.388,
        "interestIncomeExpense": -39.918,
        "netIncome": 176.962,
        "netIncomeAfterTaxes": 177.003,
        "nonRecurringItems": -33.884,
        "period": "2022-04-03",
        "pretaxIncome": 217.6,
        "provisionforIncomeTaxes": 40.597,
        "researchDevelopment": 76.609,
        "revenue": 1259.442,
        "sgaExpense": 313.893,
        "totalOperatingExpense": 390.502,
        "totalOtherIncomeExpenseNet": 2.673
      },
      {
        "costOfGoodsSold": 384.114,
        "dilutedAverageSharesOutstanding": 126.775,
        "dilutedEPS": 1.5,
        "ebit": 297.63,
        "grossIncome": 643.796,
        "interestExpense": 27.721,
        "interestIncomeExpense": -24.383,
        "netIncome": 190.184,
        "netIncomeAfterTaxes": 184.089,
        "nonRecurringItems": 2.217,
        "period": "2022-01-02",
        "pretaxIncome": 299.704,
        "provisionforIncomeTaxes": 115.615,
        "researchDevelopment": 60.584,
        "revenue": 1027.91,
        "sgaExpense": 285.582,
        "totalOperatingExpense": 346.166,
        "totalOtherIncomeExpenseNet": 24.24
      },
      {
        "costOfGoodsSold": 534.848,
        "dilutedAverageSharesOutstanding": 115.022,
        "dilutedEPS": 1.111,
        "ebit": 296.681,
        "grossIncome": 631.836,
        "interestExpense": 43.531,
        "interestIncomeExpense": -58.652,
        "netIncome": 127.738,
        "netIncomeAfterTaxes": 127.785,
        "nonRecurringItems": -74.711,
        "period": "2021-10-03",
        "pretaxIncome": 161.668,
        "provisionforIncomeTaxes": 33.883,
        "researchDevelopment": 68.608,
        "revenue": 1166.684,
        "sgaExpense": 266.547,
        "totalOperatingExpense": 335.155,
        "totalOtherIncomeExpenseNet": -1.65
      },
      {
        "costOfGoodsSold": 543.277,
        "dilutedAverageSharesOutstanding": 112.417,
        "dilutedEPS": 2.188,
        "ebit": 348.151,
        "grossIncome": 685.194,
        "interestExpense": 16.75,
        "interestIncomeExpense": -11.85,
        "netIncome": 245.93,
        "netIncomeAfterTaxes": 245.968,
        "nonRecurringItems": -15.663,
        "period": "2021-07-04",
        "pretaxIncome": 326.057,
        "provisionforIncomeTaxes": 80.089,
        "researchDevelopment": 65.824,
        "revenue": 1228.471,
        "sgaExpense": 271.219,
        "totalOperatingExpense": 337.043,
        "totalOtherIncomeExpenseNet": 5.419
      },
      {
        "costOfGoodsSold": 522.5,
        "dilutedAverageSharesOutstanding": 112.5,
        "dilutedEPS": 3.37,
        "ebit": 477.9,
        "grossIncome": 785.1,
        "interestExpense": 14.126,
        "interestIncomeExpense": 9,
        "netIncome": 379.3,
        "netIncomeAfterTaxes": 379.3,
        "nonRecurringItems": -10.1,
        "period": "2021-04-04",
        "pretaxIncome": 480.5,
        "provisionforIncomeTaxes": 101.1,
        "researchDevelopment": 60.2,
        "revenue": 1307.7,
        "sgaExpense": 247,
        "totalOperatingExpense": 307.3,
        "totalOtherIncomeExpenseNet": 3.7
      },
      {
        "costOfGoodsSold": 527.5,
        "dilutedAverageSharesOutstanding": 112.5,
        "dilutedEPS": 3.38,
        "ebit": 512.6,
        "grossIncome": 827.1,
        "interestExpense": 12.404,
        "interestIncomeExpense": -13.6,
        "netIncome": 380.4,
        "netIncomeAfterTaxes": 380.4,
        "nonRecurringItems": -2.3,
        "period": "2021-01-03",
        "pretaxIncome": 473.1,
        "provisionforIncomeTaxes": 92.7,
        "researchDevelopment": 56.8,
        "revenue": 1354.6,
        "sgaExpense": 257.7,
        "totalOperatingExpense": 314.6,
        "totalOtherIncomeExpenseNet": -23.6
      },
      {
        "costOfGoodsSold": 436.6,
        "dilutedAverageSharesOutstanding": 112.3,
        "dilutedEPS": 1.57,
        "ebit": 252.3,
        "grossIncome": 527.4,
        "interestExpense": 12.057,
        "interestIncomeExpense": -16,
        "netIncome": 176.7,
        "netIncomeAfterTaxes": 176.7,
        "nonRecurringItems": -4.3,
        "period": "2020-10-04",
        "pretaxIncome": 233.8,
        "provisionforIncomeTaxes": 57,
        "researchDevelopment": 50.1,
        "revenue": 964,
        "sgaExpense": 225,
        "totalOperatingExpense": 275.1,
        "totalOtherIncomeExpenseNet": 1.7
      },
      {
        "costOfGoodsSold": 364.4,
        "dilutedAverageSharesOutstanding": 111.9,
        "dilutedEPS": 1.23,
        "ebit": 180,
        "grossIncome": 447.3,
        "interestExpense": 11.586,
        "interestIncomeExpense": -12.6,
        "netIncome": 137.2,
        "netIncomeAfterTaxes": 137.2,
        "nonRecurringItems": -4.4,
        "period": "2020-07-05",
        "pretaxIncome": 164.8,
        "provisionforIncomeTaxes": 27.6,
        "researchDevelopment": 49.5,
        "revenue": 811.7,
        "sgaExpense": 217.8,
        "totalOperatingExpense": 267.3,
        "totalOtherIncomeExpenseNet": 1.8
      },
      {
        "costOfGoodsSold": 344.4,
        "dilutedAverageSharesOutstanding": 111.6,
        "dilutedEPS": 0.3,
        "ebit": 63.3,
        "grossIncome": 308,
        "interestExpense": 13.665,
        "interestIncomeExpense": -11.7,
        "netIncome": 33.7,
        "netIncomeAfterTaxes": 33.7,
        "nonRecurringItems": -18.6,
        "period": "2020-04-05",
        "pretaxIncome": 34.7,
        "provisionforIncomeTaxes": 1,
        "researchDevelopment": 48.9,
        "revenue": 652.4,
        "sgaExpense": 195.9,
        "totalOperatingExpense": 244.7,
        "totalOtherIncomeExpenseNet": 1.7
      },
      {
        "costOfGoodsSold": 407.3,
        "dilutedAverageSharesOutstanding": 108.9,
        "dilutedEPS": 0.59,
        "ebit": 140.5,
        "grossIncome": 398.2,
        "interestExpense": 14.421,
        "interestIncomeExpense": -37.3,
        "netIncome": 64.5,
        "netIncomeAfterTaxes": 67.3,
        "nonRecurringItems": -34.3,
        "period": "2019-12-29",
        "pretaxIncome": 65.3,
        "provisionforIncomeTaxes": -2,
        "researchDevelopment": 47.6,
        "revenue": 805.5,
        "sgaExpense": 210,
        "totalOperatingExpense": 257.7,
        "totalOtherIncomeExpenseNet": -3.6
      },
      {
        "costOfGoodsSold": 364.6,
        "dilutedAverageSharesOutstanding": 111.6,
        "dilutedEPS": 0.53,
        "ebit": 93.5,
        "grossIncome": 342.3,
        "interestExpense": 16.149,
        "interestIncomeExpense": -7,
        "netIncome": 58.6,
        "netIncomeAfterTaxes": 58.6,
        "nonRecurringItems": -15.3,
        "period": "2019-09-29",
        "pretaxIncome": 63.3,
        "provisionforIncomeTaxes": 4.6,
        "researchDevelopment": 45.4,
        "revenue": 706.9,
        "sgaExpense": 203.4,
        "totalOperatingExpense": 248.8,
        "totalOtherIncomeExpenseNet": -8
      },
      {
        "costOfGoodsSold": 374.7,
        "dilutedAverageSharesOutstanding": 111.5,
        "dilutedEPS": 0.62,
        "ebit": 101.2,
        "grossIncome": 347.8,
        "interestExpense": 17.207,
        "interestIncomeExpense": -18.1,
        "netIncome": 69.1,
        "netIncomeAfterTaxes": 69.1,
        "nonRecurringItems": -9.8,
        "period": "2019-06-30",
        "pretaxIncome": 71.8,
        "provisionforIncomeTaxes": 2.7,
        "researchDevelopment": 48.3,
        "revenue": 722.5,
        "sgaExpense": 198.3,
        "totalOperatingExpense": 246.6,
        "totalOtherIncomeExpenseNet": -1.5
      },
      {
        "costOfGoodsSold": 340.9,
        "dilutedAverageSharesOutstanding": 111.3,
        "dilutedEPS": 0.32,
        "ebit": 62.8,
        "grossIncome": 307.8,
        "interestExpense": 15.85,
        "interestIncomeExpense": -15.2,
        "netIncome": 35.4,
        "netIncomeAfterTaxes": 35.5,
        "nonRecurringItems": -11.6,
        "period": "2019-03-31",
        "pretaxIncome": 36.8,
        "provisionforIncomeTaxes": 1.3,
        "researchDevelopment": 48,
        "revenue": 648.7,
        "sgaExpense": 197.1,
        "totalOperatingExpense": 245,
        "totalOtherIncomeExpenseNet": 0.7
      },
      {
        "costOfGoodsSold": 380.1,
        "dilutedAverageSharesOutstanding": 111.6,
        "dilutedEPS": 0.62,
        "ebit": 113.7,
        "grossIncome": 376.3,
        "interestExpense": 16.231,
        "interestIncomeExpense": -15.8,
        "netIncome": 71.3,
        "netIncomeAfterTaxes": 69.3,
        "nonRecurringItems": 1.8,
        "period": "2018-12-30",
        "pretaxIncome": 79.4,
        "provisionforIncomeTaxes": 10.1,
        "researchDevelopment": 52,
        "revenue": 756.3,
        "sgaExpense": 210.5,
        "totalOperatingExpense": 262.6,
        "totalOtherIncomeExpenseNet": -20.2
      },
      {
        "costOfGoodsSold": 342,
        "dilutedAverageSharesOutstanding": 111.7,
        "dilutedEPS": 0.68,
        "ebit": 86.7,
        "grossIncome": 332.3,
        "interestExpense": 16.684,
        "interestIncomeExpense": -16.4,
        "netIncome": 76.5,
        "netIncomeAfterTaxes": 75.4,
        "nonRecurringItems": 6.5,
        "period": "2018-09-30",
        "pretaxIncome": 78,
        "provisionforIncomeTaxes": 2.6,
        "researchDevelopment": 48.8,
        "revenue": 674.3,
        "sgaExpense": 196.8,
        "totalOperatingExpense": 245.6,
        "totalOtherIncomeExpenseNet": 1.2
      },
      {
        "costOfGoodsSold": 363.2,
        "dilutedAverageSharesOutstanding": 111.5,
        "dilutedEPS": 0.58,
        "ebit": 88.1,
        "grossIncome": 340.1,
        "interestExpense": 16.411,
        "interestIncomeExpense": -16.2,
        "netIncome": 64.1,
        "netIncomeAfterTaxes": 64.7,
        "nonRecurringItems": 0,
        "period": "2018-07-01",
        "pretaxIncome": 71.7,
        "provisionforIncomeTaxes": 7,
        "researchDevelopment": 47.2,
        "revenue": 703.4,
        "sgaExpense": 204.9,
        "totalOperatingExpense": 252.1,
        "totalOtherIncomeExpenseNet": -0.1
      },
      {
        "costOfGoodsSold": 351.8,
        "dilutedAverageSharesOutstanding": 111.3,
        "dilutedEPS": 0.23,
        "ebit": 46.5,
        "grossIncome": 292.2,
        "interestExpense": 17.65,
        "interestIncomeExpense": -17.4,
        "netIncome": 26,
        "netIncomeAfterTaxes": 26,
        "nonRecurringItems": -6.6,
        "period": "2018-04-01",
        "pretaxIncome": 28.5,
        "provisionforIncomeTaxes": 2.5,
        "researchDevelopment": 46,
        "revenue": 644,
        "sgaExpense": 199.7,
        "totalOperatingExpense": 245.6,
        "totalOtherIncomeExpenseNet": 6
      },
      {
        "costOfGoodsSold": 334.2,
        "dilutedAverageSharesOutstanding": 110.1,
        "dilutedEPS": -0.37,
        "ebit": 93.3,
        "grossIncome": 307.4,
        "interestExpense": 11.43,
        "interestIncomeExpense": -10.4,
        "netIncome": -41.1,
        "netIncomeAfterTaxes": 68.1,
        "nonRecurringItems": 0.3,
        "period": "2017-12-31",
        "pretaxIncome": 80.9,
        "provisionforIncomeTaxes": 12.8,
        "researchDevelopment": 37.7,
        "revenue": 641.6,
        "sgaExpense": 176.4,
        "totalOperatingExpense": 214.2,
        "totalOtherIncomeExpenseNet": -2.3
      },
      {
        "costOfGoodsSold": 285.3,
        "dilutedAverageSharesOutstanding": 111,
        "dilutedEPS": 0.82,
        "ebit": 81.3,
        "grossIncome": 269,
        "interestExpense": 10.974,
        "interestIncomeExpense": -10.2,
        "netIncome": 91.1,
        "netIncomeAfterTaxes": 96.5,
        "nonRecurringItems": -3.3,
        "period": "2017-10-01",
        "pretaxIncome": 105.1,
        "provisionforIncomeTaxes": 8.5,
        "researchDevelopment": 34.9,
        "revenue": 554.3,
        "sgaExpense": 152.8,
        "totalOperatingExpense": 187.6,
        "totalOtherIncomeExpenseNet": 37.2
      },
      {
        "costOfGoodsSold": 289.4,
        "dilutedAverageSharesOutstanding": 110.8,
        "dilutedEPS": 1.84,
        "ebit": 74.2,
        "grossIncome": 257.6,
        "interestExpense": 10.672,
        "interestIncomeExpense": -10.2,
        "netIncome": 204.1,
        "netIncomeAfterTaxes": 62.7,
        "nonRecurringItems": -0.3,
        "period": "2017-07-02",
        "pretaxIncome": 70.8,
        "provisionforIncomeTaxes": 8.1,
        "researchDevelopment": 33.6,
        "revenue": 547,
        "sgaExpense": 149.9,
        "totalOperatingExpense": 183.4,
        "totalOtherIncomeExpenseNet": 7.1
      },
      {
        "costOfGoodsSold": 274.4,
        "dilutedAverageSharesOutstanding": 110.2,
        "dilutedEPS": 0.35,
        "ebit": 59.5,
        "grossIncome": 239.8,
        "interestExpense": 10.864,
        "interestIncomeExpense": -10.6,
        "netIncome": 38.6,
        "netIncomeAfterTaxes": 36.1,
        "nonRecurringItems": -9.7,
        "period": "2017-04-02",
        "pretaxIncome": 40,
        "provisionforIncomeTaxes": 3.9,
        "researchDevelopment": 33.3,
        "revenue": 514.1,
        "sgaExpense": 147,
        "totalOperatingExpense": 180.2,
        "totalOtherIncomeExpenseNet": 0.8
      },
      {
        "costOfGoodsSold": 289.6,
        "dilutedAverageSharesOutstanding": 110.1,
        "dilutedEPS": 0.57,
        "ebit": 92,
        "grossIncome": 277.2,
        "interestExpense": 10.75,
        "interestIncomeExpense": -10.4,
        "netIncome": 64.8,
        "netIncomeAfterTaxes": 62.3,
        "nonRecurringItems": 0,
        "period": "2017-01-01",
        "pretaxIncome": 69.2,
        "provisionforIncomeTaxes": 6.9,
        "researchDevelopment": 32.8,
        "revenue": 566.8,
        "sgaExpense": 152.4,
        "totalOperatingExpense": 185.2,
        "totalOtherIncomeExpenseNet": -12.4
      },
      {
        "costOfGoodsSold": 265.9,
        "dilutedAverageSharesOutstanding": 110.1,
        "dilutedEPS": 0.52,
        "ebit": 76.5,
        "grossIncome": 248.6,
        "interestExpense": 10.998,
        "interestIncomeExpense": -10.9,
        "netIncome": 58.1,
        "netIncomeAfterTaxes": 53.9,
        "nonRecurringItems": -0.7,
        "period": "2016-10-02",
        "pretaxIncome": 64.5,
        "provisionforIncomeTaxes": 10.6,
        "researchDevelopment": 29.5,
        "revenue": 514.5,
        "sgaExpense": 142.6,
        "totalOperatingExpense": 172.1,
        "totalOtherIncomeExpenseNet": -0.4
      },
      {
        "costOfGoodsSold": 282.7,
        "dilutedAverageSharesOutstanding": 109.8,
        "dilutedEPS": 0.58,
        "ebit": 70.7,
        "grossIncome": 253.6,
        "interestExpense": 9.939,
        "interestIncomeExpense": -9.8,
        "netIncome": 63.9,
        "netIncomeAfterTaxes": 57.8,
        "nonRecurringItems": 1.1,
        "period": "2016-07-03",
        "pretaxIncome": 60.9,
        "provisionforIncomeTaxes": 3.1,
        "researchDevelopment": 31.9,
        "revenue": 536.2,
        "sgaExpense": 151,
        "totalOperatingExpense": 182.8,
        "totalOtherIncomeExpenseNet": -1.1
      },
      {
        "costOfGoodsSold": 262.9,
        "dilutedAverageSharesOutstanding": 111.2,
        "dilutedEPS": 0.42,
        "ebit": 60.6,
        "grossIncome": 235.1,
        "interestExpense": 9.841,
        "interestIncomeExpense": -9.7,
        "netIncome": 47.5,
        "netIncomeAfterTaxes": 41.7,
        "nonRecurringItems": 0,
        "period": "2016-04-03",
        "pretaxIncome": 49.5,
        "provisionforIncomeTaxes": 7.7,
        "researchDevelopment": 30,
        "revenue": 498,
        "sgaExpense": 144.5,
        "totalOperatingExpense": 174.5,
        "totalOtherIncomeExpenseNet": -1.4
      },
      {
        "costOfGoodsSold": 228.8,
        "dilutedAverageSharesOutstanding": 112.6,
        "dilutedEPS": 0.6,
        "ebit": 58.2,
        "grossIncome": 221.7,
        "interestExpense": 9.433,
        "interestIncomeExpense": -9.2,
        "netIncome": 68.3,
        "netIncomeAfterTaxes": 44.6,
        "nonRecurringItems": -8.7,
        "period": "2016-01-03",
        "pretaxIncome": 39.6,
        "provisionforIncomeTaxes": -5,
        "researchDevelopment": 16.6,
        "revenue": 450.6,
        "sgaExpense": 146.9,
        "totalOperatingExpense": 163.6,
        "totalOtherIncomeExpenseNet": -0.7
      },
      {
        "costOfGoodsSold": 308.8,
        "dilutedAverageSharesOutstanding": 113.4,
        "dilutedEPS": 0.48,
        "ebit": 75.8,
        "grossIncome": 254.6,
        "interestExpense": 9.874,
        "interestIncomeExpense": -9.7,
        "netIncome": 54.9,
        "netIncomeAfterTaxes": 54.9,
        "nonRecurringItems": 0.1,
        "period": "2015-10-04",
        "pretaxIncome": 64,
        "provisionforIncomeTaxes": 9.1,
        "researchDevelopment": 31.1,
        "revenue": 563.4,
        "sgaExpense": 147.7,
        "totalOperatingExpense": 178.8,
        "totalOtherIncomeExpenseNet": -2.2
      }
    ],
    "symbol": "RVTY"
  }
}