{
  "symbol": "AFL",
  "statement": "ic",
  "frequency": "quarterly",
  "timestamp": "2025-09-19T13:55:19.558498",
  "data": {
    "financials": [
      {
        "benefitsClaimsLossAdjustment": 3102,
        "deferredPolicyAcquisitionExpense": 221,
        "dilutedAverageSharesOutstanding": 538.425,
        "dilutedEPS": 1.1125,
        "ebit": 874,
        "grossPremiumsEarned": 3500,
        "interestExpense": 52,
        "interestIncomeExpense": -52,
        "netIncome": 599,
        "netIncomeAfterTaxes": 599,
        "otherOperatingExpensesTotal": -37,
        "period": "2025-06-30",
        "pretaxIncome": 822,
        "provisionforIncomeTaxes": 223,
        "revenue": 4160,
        "totalOperatingExpense": 3286
      },
      {
        "benefitsClaimsLossAdjustment": 3028,
        "deferredPolicyAcquisitionExpense": 216,
        "dilutedAverageSharesOutstanding": 546.878,
        "dilutedEPS": 0.053,
        "ebit": 195,
        "grossPremiumsEarned": 3406,
        "interestExpense": 50,
        "interestIncomeExpense": -50,
        "netIncome": 29,
        "netIncomeAfterTaxes": 29,
        "otherOperatingExpensesTotal": -41,
        "period": "2025-03-31",
        "pretaxIncome": 145,
        "provisionforIncomeTaxes": 116,
        "revenue": 3398,
        "totalOperatingExpense": 3203
      },
      {
        "benefitsClaimsLossAdjustment": 3005,
        "deferredPolicyAcquisitionExpense": 213,
        "dilutedAverageSharesOutstanding": 555.412,
        "dilutedEPS": 3.4245,
        "ebit": 2185,
        "grossPremiumsEarned": 3355,
        "interestExpense": 50,
        "interestIncomeExpense": -50,
        "netIncome": 1902,
        "netIncomeAfterTaxes": 1902,
        "period": "2024-12-31",
        "pretaxIncome": 2135,
        "provisionforIncomeTaxes": 233,
        "revenue": 5403,
        "totalOperatingExpense": 3218
      },
      {
        "benefitsClaimsLossAdjustment": 2593,
        "deferredPolicyAcquisitionExpense": 214,
        "dilutedAverageSharesOutstanding": 557.899,
        "dilutedEPS": -0.1667,
        "ebit": 142,
        "grossPremiumsEarned": 3351,
        "interestExpense": 50,
        "interestIncomeExpense": -50,
        "netIncome": -93,
        "netIncomeAfterTaxes": -93,
        "period": "2024-09-30",
        "pretaxIncome": 92,
        "provisionforIncomeTaxes": 185,
        "revenue": 2949,
        "totalOperatingExpense": 2807
      },
      {
        "benefitsClaimsLossAdjustment": 2861,
        "deferredPolicyAcquisitionExpense": 208,
        "dilutedAverageSharesOutstanding": 566.838,
        "dilutedEPS": 3.0961,
        "ebit": 2069,
        "grossPremiumsEarned": 3347,
        "interestExpense": 50,
        "interestIncomeExpense": -50,
        "netIncome": 1755,
        "netIncomeAfterTaxes": 1755,
        "period": "2024-06-30",
        "pretaxIncome": 2019,
        "provisionforIncomeTaxes": 264,
        "revenue": 5138,
        "totalOperatingExpense": 3069
      },
      {
        "benefitsClaimsLossAdjustment": 3004,
        "deferredPolicyAcquisitionExpense": 215,
        "dilutedAverageSharesOutstanding": 577.482,
        "dilutedEPS": 3.2538,
        "ebit": 2217,
        "grossPremiumsEarned": 3485,
        "interestExpense": 47,
        "interestIncomeExpense": -47,
        "netIncome": 1879,
        "netIncomeAfterTaxes": 1879,
        "period": "2024-03-31",
        "pretaxIncome": 2170,
        "provisionforIncomeTaxes": 291,
        "revenue": 5436,
        "totalOperatingExpense": 3219
      },
      {
        "benefitsClaimsLossAdjustment": 3233,
        "deferredPolicyAcquisitionExpense": 208,
        "dilutedAverageSharesOutstanding": 584.723,
        "dilutedEPS": 0.4583,
        "ebit": 337,
        "grossPremiumsEarned": 3424,
        "interestExpense": 47,
        "interestIncomeExpense": -47,
        "netIncome": 268,
        "netIncomeAfterTaxes": 268,
        "nonRecurringItems": 0,
        "period": "2023-12-31",
        "pretaxIncome": 290,
        "provisionforIncomeTaxes": 22,
        "revenue": 3777,
        "totalOperatingExpense": 3441
      },
      {
        "benefitsClaimsLossAdjustment": 2895,
        "deferredPolicyAcquisitionExpense": 201,
        "dilutedAverageSharesOutstanding": 593.6,
        "dilutedEPS": 2.64,
        "ebit": 1854,
        "grossPremiumsEarned": 3523,
        "interestExpense": 49,
        "interestIncomeExpense": -49,
        "netIncome": 1569,
        "netIncomeAfterTaxes": 1569,
        "nonRecurringItems": 0,
        "period": "2023-09-30",
        "pretaxIncome": 1805,
        "provisionforIncomeTaxes": 236,
        "revenue": 4950,
        "totalOperatingExpense": 3096
      },
      {
        "benefitsClaimsLossAdjustment": 3094,
        "deferredPolicyAcquisitionExpense": 202,
        "dilutedAverageSharesOutstanding": 602.9,
        "dilutedEPS": 2.71,
        "ebit": 1876,
        "grossPremiumsEarned": 3618,
        "interestExpense": 51,
        "interestIncomeExpense": -51,
        "netIncome": 1634,
        "netIncomeAfterTaxes": 1634,
        "period": "2023-06-30",
        "pretaxIncome": 1825,
        "provisionforIncomeTaxes": 191,
        "revenue": 5172,
        "totalOperatingExpense": 3296
      },
      {
        "benefitsClaimsLossAdjustment": 3205,
        "deferredPolicyAcquisitionExpense": 205,
        "dilutedAverageSharesOutstanding": 614,
        "dilutedEPS": 1.94,
        "ebit": 1390,
        "grossPremiumsEarned": 3734,
        "interestExpense": 48,
        "interestIncomeExpense": -48,
        "netIncome": 1188,
        "netIncomeAfterTaxes": 1188,
        "period": "2023-03-31",
        "pretaxIncome": 1342,
        "provisionforIncomeTaxes": 154,
        "revenue": 4800,
        "totalOperatingExpense": 3410
      },
      {
        "benefitsClaimsLossAdjustment": 3137,
        "deferredPolicyAcquisitionExpense": 294,
        "dilutedAverageSharesOutstanding": 622.8,
        "dilutedEPS": 0.3,
        "ebit": 583,
        "grossPremiumsEarned": 3636,
        "interestExpense": 55,
        "interestIncomeExpense": -55,
        "netIncome": 185,
        "netIncomeAfterTaxes": 185,
        "nonRecurringItems": -4,
        "period": "2022-12-31",
        "pretaxIncome": 524,
        "provisionforIncomeTaxes": 339,
        "revenue": 4014,
        "totalOperatingExpense": 3431
      },
      {
        "benefitsClaimsLossAdjustment": 3122,
        "deferredPolicyAcquisitionExpense": 194,
        "dilutedAverageSharesOutstanding": 631.9,
        "dilutedEPS": 2.82,
        "ebit": 1392,
        "grossPremiumsEarned": 3585,
        "interestExpense": 59,
        "interestIncomeExpense": -59,
        "netIncome": 1781,
        "netIncomeAfterTaxes": 1781,
        "nonRecurringItems": -4,
        "period": "2022-09-30",
        "pretaxIncome": 1329,
        "provisionforIncomeTaxes": -452,
        "revenue": 4708,
        "totalOperatingExpense": 3316
      },
      {
        "benefitsClaimsLossAdjustment": 3355,
        "deferredPolicyAcquisitionExpense": 197,
        "dilutedAverageSharesOutstanding": 643.2,
        "dilutedEPS": 2.17,
        "ebit": 1780,
        "grossPremiumsEarned": 3814,
        "interestExpense": 55,
        "interestIncomeExpense": -55,
        "netIncome": 1394,
        "netIncomeAfterTaxes": 1394,
        "nonRecurringItems": -17,
        "period": "2022-06-30",
        "pretaxIncome": 1708,
        "provisionforIncomeTaxes": 314,
        "revenue": 5332,
        "totalOperatingExpense": 3552
      },
      {
        "benefitsClaimsLossAdjustment": 3616,
        "deferredPolicyAcquisitionExpense": 207,
        "dilutedAverageSharesOutstanding": 652.8,
        "dilutedEPS": 1.6,
        "ebit": 1350,
        "grossPremiumsEarned": 4148,
        "interestExpense": 56,
        "interestIncomeExpense": -56,
        "netIncome": 1047,
        "netIncomeAfterTaxes": 1047,
        "period": "2022-03-31",
        "pretaxIncome": 1294,
        "provisionforIncomeTaxes": 247,
        "revenue": 5173,
        "totalOperatingExpense": 3823
      },
      {
        "benefitsClaimsLossAdjustment": 3846,
        "deferredPolicyAcquisitionExpense": 301,
        "dilutedAverageSharesOutstanding": 662.4,
        "dilutedEPS": 1.57,
        "ebit": 1289,
        "grossPremiumsEarned": 4282,
        "interestExpense": 57,
        "interestIncomeExpense": -57,
        "netIncome": 1039,
        "netIncomeAfterTaxes": 1039,
        "period": "2021-12-31",
        "pretaxIncome": 1232,
        "provisionforIncomeTaxes": 193,
        "revenue": 5436,
        "totalOperatingExpense": 4147
      },
      {
        "benefitsClaimsLossAdjustment": 3789,
        "deferredPolicyAcquisitionExpense": 278,
        "dilutedAverageSharesOutstanding": 671.9,
        "dilutedEPS": 1.32,
        "ebit": 1170,
        "grossPremiumsEarned": 4417,
        "interestExpense": 57,
        "interestIncomeExpense": -57,
        "netIncome": 888,
        "netIncomeAfterTaxes": 888,
        "period": "2021-09-30",
        "pretaxIncome": 1113,
        "provisionforIncomeTaxes": 225,
        "revenue": 5237,
        "totalOperatingExpense": 4067
      },
      {
        "benefitsClaimsLossAdjustment": 3849,
        "deferredPolicyAcquisitionExpense": 280,
        "dilutedAverageSharesOutstanding": 680.9,
        "dilutedEPS": 1.62,
        "ebit": 1435,
        "grossPremiumsEarned": 4482,
        "interestExpense": 62,
        "interestIncomeExpense": -62,
        "netIncome": 1105,
        "netIncomeAfterTaxes": 1105,
        "period": "2021-06-30",
        "pretaxIncome": 1373,
        "provisionforIncomeTaxes": 268,
        "revenue": 5564,
        "totalOperatingExpense": 4129
      },
      {
        "benefitsClaimsLossAdjustment": 3893,
        "deferredPolicyAcquisitionExpense": 311,
        "dilutedAverageSharesOutstanding": 691.9,
        "dilutedEPS": 1.87,
        "ebit": 1665,
        "grossPremiumsEarned": 4637,
        "interestExpense": 62,
        "interestIncomeExpense": -62,
        "netIncome": 1293,
        "netIncomeAfterTaxes": 1293,
        "period": "2021-03-31",
        "pretaxIncome": 1603,
        "provisionforIncomeTaxes": 310,
        "revenue": 5869,
        "totalOperatingExpense": 4204
      },
      {
        "benefitsClaimsLossAdjustment": 4335,
        "deferredPolicyAcquisitionExpense": 300,
        "dilutedAverageSharesOutstanding": 703.8,
        "dilutedEPS": 1.35,
        "ebit": 1278,
        "grossPremiumsEarned": 4689,
        "interestExpense": 61,
        "interestIncomeExpense": -61,
        "netIncome": 952,
        "netIncomeAfterTaxes": 952,
        "period": "2020-12-31",
        "pretaxIncome": 1217,
        "provisionforIncomeTaxes": 265,
        "revenue": 5913,
        "totalOperatingExpense": 4635
      },
      {
        "benefitsClaimsLossAdjustment": 4157,
        "deferredPolicyAcquisitionExpense": 292,
        "dilutedAverageSharesOutstanding": 713.8,
        "dilutedEPS": 3.44,
        "ebit": 1216,
        "grossPremiumsEarned": 4661,
        "interestExpense": 63,
        "interestIncomeExpense": -63,
        "netIncome": 2456,
        "netIncomeAfterTaxes": 2456,
        "period": "2020-09-30",
        "pretaxIncome": 1153,
        "provisionforIncomeTaxes": -1303,
        "revenue": 5665,
        "totalOperatingExpense": 4449
      },
      {
        "benefitsClaimsLossAdjustment": 3985,
        "deferredPolicyAcquisitionExpense": 289,
        "dilutedAverageSharesOutstanding": 719.8,
        "dilutedEPS": 1.12,
        "ebit": 1133,
        "grossPremiumsEarned": 4707,
        "interestExpense": 63,
        "interestIncomeExpense": -63,
        "netIncome": 805,
        "netIncomeAfterTaxes": 805,
        "period": "2020-06-30",
        "pretaxIncome": 1070,
        "provisionforIncomeTaxes": 265,
        "revenue": 5407,
        "totalOperatingExpense": 4274
      },
      {
        "benefitsClaimsLossAdjustment": 4054,
        "deferredPolicyAcquisitionExpense": 333,
        "dilutedAverageSharesOutstanding": 727.5,
        "dilutedEPS": 0.78,
        "ebit": 775,
        "grossPremiumsEarned": 4721,
        "interestExpense": 55,
        "interestIncomeExpense": -55,
        "netIncome": 566,
        "netIncomeAfterTaxes": 566,
        "period": "2020-03-31",
        "pretaxIncome": 720,
        "provisionforIncomeTaxes": 154,
        "revenue": 5162,
        "totalOperatingExpense": 4387
      },
      {
        "benefitsClaimsLossAdjustment": 4174,
        "deferredPolicyAcquisitionExpense": 315,
        "dilutedAverageSharesOutstanding": 737.4,
        "dilutedEPS": 1.06,
        "ebit": 1124,
        "grossPremiumsEarned": 4705,
        "interestExpense": 57,
        "interestIncomeExpense": -57,
        "netIncome": 781,
        "netIncomeAfterTaxes": 781,
        "nonRecurringItems": -10,
        "period": "2019-12-31",
        "pretaxIncome": 1057,
        "provisionforIncomeTaxes": 276,
        "revenue": 5613,
        "totalOperatingExpense": 4489
      },
      {
        "benefitsClaimsLossAdjustment": 4126,
        "deferredPolicyAcquisitionExpense": 317,
        "dilutedAverageSharesOutstanding": 743.8,
        "dilutedEPS": 1.04,
        "ebit": 1111,
        "grossPremiumsEarned": 4753,
        "interestExpense": 57,
        "interestIncomeExpense": -57,
        "netIncome": 777,
        "netIncomeAfterTaxes": 777,
        "nonRecurringItems": -18,
        "period": "2019-09-30",
        "pretaxIncome": 1036,
        "provisionforIncomeTaxes": 259,
        "revenue": 5554,
        "totalOperatingExpense": 4443
      },
      {
        "benefitsClaimsLossAdjustment": 4036,
        "deferredPolicyAcquisitionExpense": 309,
        "dilutedAverageSharesOutstanding": 748.8,
        "dilutedEPS": 1.09,
        "ebit": 1168,
        "grossPremiumsEarned": 4699,
        "interestExpense": 57,
        "interestIncomeExpense": -57,
        "netIncome": 817,
        "netIncomeAfterTaxes": 817,
        "nonRecurringItems": -2,
        "period": "2019-06-30",
        "pretaxIncome": 1109,
        "provisionforIncomeTaxes": 292,
        "revenue": 5513,
        "totalOperatingExpense": 4345
      },
      {
        "benefitsClaimsLossAdjustment": 4017,
        "deferredPolicyAcquisitionExpense": 340,
        "dilutedAverageSharesOutstanding": 755.8,
        "dilutedEPS": 1.23,
        "ebit": 1302,
        "grossPremiumsEarned": 4708,
        "interestExpense": 58,
        "interestIncomeExpense": -58,
        "netIncome": 928,
        "netIncomeAfterTaxes": 928,
        "nonRecurringItems": -2,
        "period": "2019-03-31",
        "pretaxIncome": 1242,
        "provisionforIncomeTaxes": 314,
        "revenue": 5659,
        "totalOperatingExpense": 4357
      },
      {
        "benefitsClaimsLossAdjustment": 4033,
        "deferredPolicyAcquisitionExpense": 313,
        "dilutedAverageSharesOutstanding": 765,
        "dilutedEPS": 0.7,
        "ebit": 844,
        "grossPremiumsEarned": 4607,
        "interestExpense": 58,
        "interestIncomeExpense": -58,
        "netIncome": 525,
        "netIncomeAfterTaxes": 532,
        "nonRecurringItems": -64,
        "period": "2018-12-31",
        "pretaxIncome": 722,
        "provisionforIncomeTaxes": 190,
        "revenue": 5190,
        "totalOperatingExpense": 4346
      },
      {
        "benefitsClaimsLossAdjustment": 4063,
        "deferredPolicyAcquisitionExpense": 315,
        "dilutedAverageSharesOutstanding": 772.1,
        "dilutedEPS": 1.11,
        "ebit": 1204,
        "grossPremiumsEarned": 4651,
        "interestExpense": 53,
        "interestIncomeExpense": -53,
        "netIncome": 845,
        "netIncomeAfterTaxes": 856,
        "nonRecurringItems": -5,
        "period": "2018-09-30",
        "pretaxIncome": 1146,
        "provisionforIncomeTaxes": 290,
        "revenue": 5582,
        "totalOperatingExpense": 4378
      },
      {
        "benefitsClaimsLossAdjustment": 4101,
        "deferredPolicyAcquisitionExpense": 303,
        "dilutedAverageSharesOutstanding": 777.8,
        "dilutedEPS": 1.07,
        "ebit": 1190,
        "grossPremiumsEarned": 4724,
        "interestExpense": 54,
        "interestIncomeExpense": -54,
        "netIncome": 832,
        "netIncomeAfterTaxes": 832,
        "nonRecurringItems": -5,
        "period": "2018-06-30",
        "pretaxIncome": 1131,
        "provisionforIncomeTaxes": 299,
        "revenue": 5594,
        "totalOperatingExpense": 4404
      },
      {
        "benefitsClaimsLossAdjustment": 4112,
        "deferredPolicyAcquisitionExpense": 314,
        "dilutedAverageSharesOutstanding": 783.9,
        "dilutedEPS": 0.91,
        "ebit": 1045,
        "grossPremiumsEarned": 4761,
        "interestExpense": 56,
        "interestIncomeExpense": -56,
        "netIncome": 717,
        "netIncomeAfterTaxes": 717,
        "nonRecurringItems": -7,
        "period": "2018-03-31",
        "pretaxIncome": 982,
        "provisionforIncomeTaxes": 265,
        "revenue": 5471,
        "totalOperatingExpense": 4426
      },
      {
        "benefitsClaimsLossAdjustment": 4082,
        "deferredPolicyAcquisitionExpense": 284,
        "dilutedAverageSharesOutstanding": 790,
        "dilutedEPS": 3.26,
        "ebit": 1068,
        "grossPremiumsEarned": 4565,
        "interestExpense": 59,
        "interestIncomeExpense": -59,
        "netIncome": 2583,
        "netIncomeAfterTaxes": 650,
        "nonRecurringItems": -10,
        "period": "2017-12-31",
        "pretaxIncome": 999,
        "provisionforIncomeTaxes": 349,
        "revenue": 5434,
        "totalOperatingExpense": 4366
      },
      {
        "benefitsClaimsLossAdjustment": 4101,
        "deferredPolicyAcquisitionExpense": 271,
        "dilutedAverageSharesOutstanding": 794.8,
        "dilutedEPS": 0.9,
        "ebit": 1142,
        "grossPremiumsEarned": 4726,
        "interestExpense": 59,
        "interestIncomeExpense": -59,
        "netIncome": 716,
        "netIncomeAfterTaxes": 716,
        "nonRecurringItems": -8,
        "period": "2017-09-30",
        "pretaxIncome": 1075,
        "provisionforIncomeTaxes": 359,
        "revenue": 5514,
        "totalOperatingExpense": 4372
      },
      {
        "benefitsClaimsLossAdjustment": 4039,
        "deferredPolicyAcquisitionExpense": 283,
        "dilutedAverageSharesOutstanding": 798.7,
        "dilutedEPS": 0.89,
        "ebit": 1115,
        "grossPremiumsEarned": 4687,
        "interestExpense": 61,
        "interestIncomeExpense": -61,
        "netIncome": 713,
        "netIncomeAfterTaxes": 713,
        "nonRecurringItems": -9,
        "period": "2017-06-30",
        "pretaxIncome": 1045,
        "provisionforIncomeTaxes": 332,
        "revenue": 5437,
        "totalOperatingExpense": 4322
      },
      {
        "benefitsClaimsLossAdjustment": 3994,
        "deferredPolicyAcquisitionExpense": 294,
        "dilutedAverageSharesOutstanding": 808.1,
        "dilutedEPS": 0.73,
        "ebit": 970,
        "grossPremiumsEarned": 4648,
        "interestExpense": 62,
        "interestIncomeExpense": -62,
        "netIncome": 592,
        "netIncomeAfterTaxes": 592,
        "nonRecurringItems": -10,
        "otherOperatingExpensesTotal": 61,
        "period": "2017-03-31",
        "pretaxIncome": 898,
        "provisionforIncomeTaxes": 306,
        "revenue": 5319,
        "totalOperatingExpense": 4349
      },
      {
        "benefitsClaimsLossAdjustment": 4250,
        "deferredPolicyAcquisitionExpense": 283,
        "dilutedAverageSharesOutstanding": 818.7,
        "dilutedEPS": 0.92,
        "ebit": 1239,
        "grossPremiumsEarned": 5133,
        "interestExpense": 72,
        "interestIncomeExpense": -72,
        "netIncome": 751,
        "netIncomeAfterTaxes": 751,
        "nonRecurringItems": -14,
        "otherOperatingExpensesTotal": 197,
        "period": "2016-12-31",
        "pretaxIncome": 1153,
        "provisionforIncomeTaxes": 402,
        "revenue": 5969,
        "totalOperatingExpense": 4730
      },
      {
        "benefitsClaimsLossAdjustment": 4356,
        "deferredPolicyAcquisitionExpense": 282,
        "dilutedAverageSharesOutstanding": 822.3,
        "dilutedEPS": 0.76,
        "ebit": 1050,
        "grossPremiumsEarned": 5003,
        "interestExpense": 65,
        "interestIncomeExpense": -65,
        "netIncome": 629,
        "netIncomeAfterTaxes": 629,
        "nonRecurringItems": -22,
        "otherOperatingExpensesTotal": 50,
        "period": "2016-09-30",
        "pretaxIncome": 963,
        "provisionforIncomeTaxes": 334,
        "revenue": 5738,
        "totalOperatingExpense": 4688
      },
      {
        "benefitsClaimsLossAdjustment": 4212,
        "deferredPolicyAcquisitionExpense": 284,
        "dilutedAverageSharesOutstanding": 828.7,
        "dilutedEPS": 0.66,
        "ebit": 933,
        "grossPremiumsEarned": 4815,
        "interestExpense": 66,
        "interestIncomeExpense": -66,
        "netIncome": 548,
        "netIncomeAfterTaxes": 548,
        "nonRecurringItems": -33,
        "otherOperatingExpensesTotal": 41,
        "period": "2016-06-30",
        "pretaxIncome": 834,
        "provisionforIncomeTaxes": 286,
        "revenue": 5470,
        "totalOperatingExpense": 4537
      },
      {
        "benefitsClaimsLossAdjustment": 3921,
        "deferredPolicyAcquisitionExpense": 292,
        "dilutedAverageSharesOutstanding": 841.8,
        "dilutedEPS": 0.87,
        "ebit": 1196,
        "grossPremiumsEarned": 4668,
        "interestExpense": 65,
        "interestIncomeExpense": -65,
        "netIncome": 731,
        "netIncomeAfterTaxes": 731,
        "nonRecurringItems": -14,
        "otherOperatingExpensesTotal": 56,
        "period": "2016-03-31",
        "pretaxIncome": 1117,
        "provisionforIncomeTaxes": 386,
        "revenue": 5465,
        "totalOperatingExpense": 4269
      },
      {
        "benefitsClaimsLossAdjustment": 3832,
        "deferredPolicyAcquisitionExpense": 276,
        "dilutedAverageSharesOutstanding": 855,
        "dilutedEPS": 0.85,
        "ebit": 1185,
        "grossPremiumsEarned": 4530,
        "interestExpense": 65,
        "interestIncomeExpense": -65,
        "netIncome": 730,
        "netIncomeAfterTaxes": 730,
        "nonRecurringItems": -10,
        "otherOperatingExpensesTotal": 36,
        "period": "2015-12-31",
        "pretaxIncome": 1110,
        "provisionforIncomeTaxes": 380,
        "revenue": 5329,
        "totalOperatingExpense": 4144
      },
      {
        "benefitsClaimsLossAdjustment": 3807,
        "deferredPolicyAcquisitionExpense": 258,
        "dilutedAverageSharesOutstanding": 862.2,
        "dilutedEPS": 0.66,
        "ebit": 1068,
        "grossPremiumsEarned": 4396,
        "interestExpense": 67,
        "interestIncomeExpense": -67,
        "netIncome": 567,
        "netIncomeAfterTaxes": 567,
        "nonRecurringItems": -137,
        "otherOperatingExpensesTotal": 44,
        "period": "2015-09-30",
        "pretaxIncome": 864,
        "provisionforIncomeTaxes": 297,
        "revenue": 5177,
        "totalOperatingExpense": 4109
      }
    ],
    "symbol": "AFL"
  }
}