{
  "symbol": "GNRC",
  "statement": "ic",
  "frequency": "annual",
  "timestamp": "2025-09-19T14:00:58.584905",
  "data": {
    "financials": [
      {
        "costOfGoodsSold": 2630.208,
        "depreciationAmortization": 97.743,
        "dilutedAverageSharesOutstanding": 60.3504,
        "dilutedEPS": 5.3895,
        "ebit": 536.742,
        "grossIncome": 1665.626,
        "interestExpense": 89.713,
        "interestIncomeExpense": -120.114,
        "minorityInterest": -0.663,
        "netIncome": 325.256,
        "netIncomeAfterTaxes": 316.978,
        "nonRecurringItems": -4.861,
        "period": "2024-12-31",
        "pretaxIncome": 409.438,
        "provisionforIncomeTaxes": 92.46,
        "researchDevelopment": 219.6,
        "revenue": 4295.834,
        "sgaExpense": 811.541,
        "totalOperatingExpense": 1128.884,
        "totalOtherIncomeExpenseNet": -2.329,
        "year": 2024
      },
      {
        "costOfGoodsSold": 2657.236,
        "depreciationAmortization": 104.194,
        "dilutedAverageSharesOutstanding": 62.0584,
        "dilutedEPS": 3.2726,
        "ebit": 386.659,
        "grossIncome": 1365.431,
        "interestExpense": 97.627,
        "interestIncomeExpense": -93.355,
        "minorityInterest": -2.514,
        "netIncome": 203.089,
        "netIncomeAfterTaxes": 217.12,
        "nonRecurringItems": -0.46,
        "period": "2023-12-31",
        "pretaxIncome": 290.3,
        "provisionforIncomeTaxes": 73.18,
        "researchDevelopment": 173.443,
        "revenue": 4022.667,
        "sgaExpense": 701.135,
        "totalOperatingExpense": 978.772,
        "totalOtherIncomeExpenseNet": -2.544,
        "year": 2023
      },
      {
        "costOfGoodsSold": 3042.733,
        "depreciationAmortization": 103.32,
        "dilutedAverageSharesOutstanding": 64.6814,
        "dilutedEPS": 5.4153,
        "ebit": 567.789,
        "grossIncome": 1522.004,
        "interestExpense": 54.826,
        "interestIncomeExpense": -53.697,
        "minorityInterest": -9.368,
        "netIncome": 350.267,
        "netIncomeAfterTaxes": 408.87,
        "nonRecurringItems": -5.202,
        "period": "2022-12-31",
        "pretaxIncome": 508.466,
        "provisionforIncomeTaxes": 99.596,
        "researchDevelopment": 159.774,
        "revenue": 4564.737,
        "sgaExpense": 691.121,
        "totalOperatingExpense": 954.215,
        "totalOtherIncomeExpenseNet": -0.424,
        "year": 2022
      },
      {
        "costOfGoodsSold": 2377.1,
        "depreciationAmortization": 49.9,
        "dilutedAverageSharesOutstanding": 64.3,
        "dilutedEPS": 8.3,
        "ebit": 742.6,
        "grossIncome": 1360.1,
        "interestExpense": 32.953,
        "interestIncomeExpense": -31.5,
        "minorityInterest": -6.1,
        "netIncome": 533.4,
        "netIncomeAfterTaxes": 556.6,
        "nonRecurringItems": -22.3,
        "period": "2021-12-31",
        "pretaxIncome": 691.5,
        "provisionforIncomeTaxes": 135,
        "researchDevelopment": 104.3,
        "revenue": 3737.2,
        "sgaExpense": 463.3,
        "totalOperatingExpense": 617.5,
        "totalOtherIncomeExpenseNet": 2.8,
        "year": 2021
      },
      {
        "costOfGoodsSold": 1527.5,
        "depreciationAmortization": 32.3,
        "dilutedAverageSharesOutstanding": 63.7,
        "dilutedEPS": 5.48,
        "ebit": 479.1,
        "grossIncome": 957.7,
        "interestExpense": 32.991,
        "interestIncomeExpense": -30.8,
        "minorityInterest": 3.4,
        "netIncome": 349.3,
        "netIncomeAfterTaxes": 347.2,
        "nonRecurringItems": 0,
        "period": "2020-12-31",
        "pretaxIncome": 446.2,
        "provisionforIncomeTaxes": 99,
        "researchDevelopment": 80.3,
        "revenue": 2485.2,
        "sgaExpense": 366,
        "totalOperatingExpense": 478.6,
        "totalOtherIncomeExpenseNet": -2.1,
        "year": 2020
      },
      {
        "costOfGoodsSold": 1406.6,
        "depreciationAmortization": 28.6,
        "dilutedAverageSharesOutstanding": 62.9,
        "dilutedEPS": 4.03,
        "ebit": 372.1,
        "grossIncome": 797.8,
        "interestExpense": 41.544,
        "interestIncomeExpense": -38.8,
        "minorityInterest": -0.3,
        "netIncome": 253.3,
        "netIncomeAfterTaxes": 252.3,
        "nonRecurringItems": -0.9,
        "period": "2019-12-31",
        "pretaxIncome": 319.6,
        "provisionforIncomeTaxes": 67.3,
        "researchDevelopment": 68.4,
        "revenue": 2204.3,
        "sgaExpense": 328.6,
        "totalOperatingExpense": 425.6,
        "totalOtherIncomeExpenseNet": -12.9,
        "year": 2019
      },
      {
        "costOfGoodsSold": 1298.4,
        "depreciationAmortization": 22.1,
        "dilutedAverageSharesOutstanding": 62.2,
        "dilutedEPS": 3.54,
        "ebit": 357.1,
        "grossIncome": 725,
        "interestExpense": 40.956,
        "interestIncomeExpense": -39.1,
        "minorityInterest": -3,
        "netIncome": 220.3,
        "netIncomeAfterTaxes": 241.2,
        "nonRecurringItems": -1.3,
        "period": "2018-12-31",
        "pretaxIncome": 311.1,
        "provisionforIncomeTaxes": 69.9,
        "researchDevelopment": 50,
        "revenue": 2023.5,
        "sgaExpense": 295.7,
        "totalOperatingExpense": 367.9,
        "totalOtherIncomeExpenseNet": -5.7,
        "year": 2018
      },
      {
        "costOfGoodsSold": 1094.6,
        "depreciationAmortization": 28.9,
        "dilutedAverageSharesOutstanding": 62.6,
        "dilutedEPS": 2.52,
        "ebit": 250.6,
        "grossIncome": 584.8,
        "interestExpense": 42.667,
        "interestIncomeExpense": -42.4,
        "minorityInterest": -1.7,
        "netIncome": 157.8,
        "netIncomeAfterTaxes": 131.2,
        "nonRecurringItems": 0,
        "period": "2017-12-31",
        "pretaxIncome": 203.7,
        "provisionforIncomeTaxes": 72.5,
        "researchDevelopment": 42.9,
        "revenue": 1679.4,
        "sgaExpense": 262.4,
        "totalOperatingExpense": 334.1,
        "totalOtherIncomeExpenseNet": -4.6,
        "year": 2017
      },
      {
        "costOfGoodsSold": 930.3,
        "depreciationAmortization": 33,
        "dilutedAverageSharesOutstanding": 65.4,
        "dilutedEPS": 1.51,
        "ebit": 204.7,
        "grossIncome": 514.1,
        "interestExpense": 44.568,
        "interestIncomeExpense": -44.5,
        "minorityInterest": 0,
        "netIncome": 98.8,
        "netIncomeAfterTaxes": 98.8,
        "nonRecurringItems": -1.7,
        "period": "2016-12-31",
        "pretaxIncome": 156.4,
        "provisionforIncomeTaxes": 57.6,
        "researchDevelopment": 37.2,
        "revenue": 1444.5,
        "sgaExpense": 239.3,
        "totalOperatingExpense": 309.5,
        "totalOtherIncomeExpenseNet": -2.1,
        "year": 2016
      },
      {
        "costOfGoodsSold": 857.3,
        "depreciationAmortization": 23.6,
        "dilutedAverageSharesOutstanding": 69.2,
        "dilutedEPS": 1.12,
        "ebit": 220.3,
        "grossIncome": 460,
        "interestExpense": 42.843,
        "interestIncomeExpense": -42.7,
        "netIncome": 77.7,
        "netIncomeAfterTaxes": 77.7,
        "nonRecurringItems": -46.7,
        "period": "2015-12-31",
        "pretaxIncome": 123,
        "provisionforIncomeTaxes": 45.2,
        "researchDevelopment": 32.9,
        "revenue": 1317.3,
        "sgaExpense": 183.2,
        "totalOperatingExpense": 239.7,
        "totalOtherIncomeExpenseNet": -7.9,
        "year": 2015
      }
    ],
    "symbol": "GNRC"
  }
}