{
  "symbol": "CMG",
  "statement": "ic",
  "frequency": "quarterly",
  "timestamp": "2025-09-19T13:57:50.079078",
  "data": {
    "financials": [
      {
        "costOfGoodsSold": 2070.913,
        "depreciationAmortization": 90.945,
        "dilutedAverageSharesOutstanding": 1350.236,
        "dilutedEPS": 0.323,
        "ebit": 564.524,
        "grossIncome": 992.48,
        "interestIncomeExpense": 18.355,
        "netIncome": 436.127,
        "netIncomeAfterTaxes": 436.127,
        "nonRecurringItems": -5.467,
        "period": "2025-06-30",
        "pretaxIncome": 577.412,
        "provisionforIncomeTaxes": 141.285,
        "revenue": 3063.393,
        "sgaExpense": 337.011,
        "totalOperatingExpense": 427.956
      },
      {
        "costOfGoodsSold": 1971.79,
        "depreciationAmortization": 87.211,
        "dilutedAverageSharesOutstanding": 1360.719,
        "dilutedEPS": 0.28,
        "ebit": 485.418,
        "grossIncome": 903.463,
        "interestIncomeExpense": 22.253,
        "netIncome": 386.599,
        "netIncomeAfterTaxes": 386.599,
        "nonRecurringItems": -6.168,
        "period": "2025-03-31",
        "pretaxIncome": 501.503,
        "provisionforIncomeTaxes": 114.904,
        "revenue": 2875.253,
        "sgaExpense": 330.834,
        "totalOperatingExpense": 418.045
      },
      {
        "costOfGoodsSold": 1994.607,
        "depreciationAmortization": 83.876,
        "dilutedAverageSharesOutstanding": 1368.923,
        "dilutedEPS": 0.24,
        "ebit": 416.264,
        "grossIncome": 850.703,
        "interestIncomeExpense": 23.365,
        "netIncome": 331.764,
        "netIncomeAfterTaxes": 331.764,
        "nonRecurringItems": -0.532,
        "period": "2024-12-31",
        "pretaxIncome": 439.097,
        "provisionforIncomeTaxes": 107.333,
        "revenue": 2845.31,
        "sgaExpense": 350.563,
        "totalOperatingExpense": 434.439
      },
      {
        "costOfGoodsSold": 1938.825,
        "depreciationAmortization": 84.349,
        "dilutedAverageSharesOutstanding": 1374.605,
        "dilutedEPS": 0.28,
        "ebit": 488.432,
        "grossIncome": 854.751,
        "interestIncomeExpense": 29.307,
        "netIncome": 387.388,
        "netIncomeAfterTaxes": 387.388,
        "nonRecurringItems": -15.176,
        "period": "2024-09-30",
        "pretaxIncome": 502.563,
        "provisionforIncomeTaxes": 115.175,
        "revenue": 2793.576,
        "sgaExpense": 281.97,
        "totalOperatingExpense": 366.319
      },
      {
        "costOfGoodsSold": 1975.054,
        "depreciationAmortization": 83.562,
        "dilutedAverageSharesOutstanding": 1381.518,
        "dilutedEPS": 0.33,
        "ebit": 591.815,
        "grossIncome": 998.063,
        "interestIncomeExpense": 21.861,
        "netIncome": 455.671,
        "netIncomeAfterTaxes": 455.671,
        "nonRecurringItems": -5.762,
        "period": "2024-06-30",
        "pretaxIncome": 607.914,
        "provisionforIncomeTaxes": 152.243,
        "revenue": 2973.117,
        "sgaExpense": 322.686,
        "totalOperatingExpense": 406.248
      },
      {
        "costOfGoodsSold": 1824.299,
        "depreciationAmortization": 83.243,
        "dilutedAverageSharesOutstanding": 1381.2,
        "dilutedEPS": 0.26,
        "ebit": 446.771,
        "grossIncome": 877.549,
        "interestIncomeExpense": 19.364,
        "netIncome": 359.287,
        "netIncomeAfterTaxes": 359.287,
        "nonRecurringItems": -5.479,
        "period": "2024-03-31",
        "pretaxIncome": 460.656,
        "provisionforIncomeTaxes": 101.369,
        "revenue": 2701.848,
        "sgaExpense": 347.535,
        "totalOperatingExpense": 430.778
      },
      {
        "costOfGoodsSold": 1746.849,
        "depreciationAmortization": 85.492,
        "dilutedAverageSharesOutstanding": 1381.15,
        "dilutedEPS": 0.2,
        "ebit": 369.975,
        "grossIncome": 769.471,
        "interestIncomeExpense": 18.906,
        "netIncome": 282.086,
        "netIncomeAfterTaxes": 282.086,
        "nonRecurringItems": -6.528,
        "period": "2023-12-31",
        "pretaxIncome": 382.353,
        "provisionforIncomeTaxes": 100.267,
        "revenue": 2516.32,
        "sgaExpense": 314.004,
        "totalOperatingExpense": 399.496
      },
      {
        "costOfGoodsSold": 1695.836,
        "depreciationAmortization": 78.546,
        "dilutedAverageSharesOutstanding": 1384.05,
        "dilutedEPS": 0.23,
        "ebit": 402.191,
        "grossIncome": 776.112,
        "interestIncomeExpense": 18.392,
        "netIncome": 313.217,
        "netIncomeAfterTaxes": 313.217,
        "nonRecurringItems": -7.241,
        "period": "2023-09-30",
        "pretaxIncome": 413.342,
        "provisionforIncomeTaxes": 100.125,
        "revenue": 2471.948,
        "sgaExpense": 295.375,
        "totalOperatingExpense": 373.921
      },
      {
        "costOfGoodsSold": 1700.049,
        "depreciationAmortization": 78.771,
        "dilutedAverageSharesOutstanding": 1387.35,
        "dilutedEPS": 0.25,
        "ebit": 448.05,
        "grossIncome": 814.752,
        "interestIncomeExpense": 16.446,
        "netIncome": 341.79,
        "netIncomeAfterTaxes": 341.79,
        "nonRecurringItems": -16.24,
        "period": "2023-06-30",
        "pretaxIncome": 448.256,
        "provisionforIncomeTaxes": 106.466,
        "revenue": 2514.801,
        "sgaExpense": 287.931,
        "totalOperatingExpense": 366.702
      },
      {
        "costOfGoodsSold": 1639.559,
        "depreciationAmortization": 76.585,
        "dilutedAverageSharesOutstanding": 1389.4,
        "dilutedEPS": 0.21,
        "ebit": 375.967,
        "grossIncome": 729.021,
        "interestIncomeExpense": 8.949,
        "netIncome": 291.644,
        "netIncomeAfterTaxes": 291.644,
        "nonRecurringItems": -8.361,
        "period": "2023-03-31",
        "pretaxIncome": 376.555,
        "provisionforIncomeTaxes": 84.911,
        "revenue": 2368.58,
        "sgaExpense": 276.469,
        "totalOperatingExpense": 353.054
      },
      {
        "costOfGoodsSold": 1539.409,
        "depreciationAmortization": 74.012,
        "dilutedAverageSharesOutstanding": 1395,
        "dilutedEPS": 0.16,
        "ebit": 302.116,
        "grossIncome": 641.19,
        "interestIncomeExpense": 7.057,
        "netIncome": 223.727,
        "netIncomeAfterTaxes": 223.727,
        "nonRecurringItems": -5.785,
        "period": "2022-12-31",
        "pretaxIncome": 303.388,
        "provisionforIncomeTaxes": 79.661,
        "revenue": 2180.599,
        "sgaExpense": 265.062,
        "totalOperatingExpense": 339.074
      },
      {
        "costOfGoodsSold": 1541.803,
        "depreciationAmortization": 71.416,
        "dilutedAverageSharesOutstanding": 1397.8,
        "dilutedEPS": 0.18,
        "ebit": 342.616,
        "grossIncome": 678.372,
        "interestIncomeExpense": 3.712,
        "netIncome": 257.138,
        "netIncomeAfterTaxes": 257.138,
        "nonRecurringItems": -6.363,
        "period": "2022-09-30",
        "pretaxIncome": 339.965,
        "provisionforIncomeTaxes": 82.827,
        "revenue": 2220.175,
        "sgaExpense": 264.34,
        "totalOperatingExpense": 335.756
      },
      {
        "costOfGoodsSold": 1541.335,
        "depreciationAmortization": 69.733,
        "dilutedAverageSharesOutstanding": 1404.6,
        "dilutedEPS": 0.19,
        "ebit": 342.279,
        "grossIncome": 672.004,
        "interestIncomeExpense": 10.572,
        "netIncome": 259.942,
        "netIncomeAfterTaxes": 259.942,
        "nonRecurringItems": -4.681,
        "period": "2022-06-30",
        "pretaxIncome": 348.17,
        "provisionforIncomeTaxes": 88.228,
        "revenue": 2213.339,
        "sgaExpense": 259.992,
        "totalOperatingExpense": 329.725
      },
      {
        "costOfGoodsSold": 1489.561,
        "depreciationAmortization": 71.665,
        "dilutedAverageSharesOutstanding": 1415.05,
        "dilutedEPS": 0.11,
        "ebit": 194.531,
        "grossIncome": 530.978,
        "interestIncomeExpense": -0.213,
        "netIncome": 158.294,
        "netIncomeAfterTaxes": 158.294,
        "nonRecurringItems": -4.31,
        "period": "2022-03-31",
        "pretaxIncome": 190.008,
        "provisionforIncomeTaxes": 31.714,
        "revenue": 2020.539,
        "sgaExpense": 264.782,
        "totalOperatingExpense": 336.447
      },
      {
        "costOfGoodsSold": 1457.431,
        "depreciationAmortization": 66.262,
        "dilutedAverageSharesOutstanding": 1424.2,
        "dilutedEPS": 0.09,
        "ebit": 162.995,
        "grossIncome": 503.202,
        "interestIncomeExpense": 9.263,
        "netIncome": 133.475,
        "netIncomeAfterTaxes": 133.475,
        "nonRecurringItems": -4.699,
        "period": "2021-12-31",
        "pretaxIncome": 167.559,
        "provisionforIncomeTaxes": 34.084,
        "revenue": 1960.633,
        "sgaExpense": 273.945,
        "totalOperatingExpense": 340.207
      },
      {
        "costOfGoodsSold": 1388.739,
        "depreciationAmortization": 63.191,
        "dilutedAverageSharesOutstanding": 1423.75,
        "dilutedEPS": 0.14,
        "ebit": 244.338,
        "grossIncome": 563.576,
        "interestIncomeExpense": -0.126,
        "netIncome": 204.434,
        "netIncomeAfterTaxes": 204.434,
        "nonRecurringItems": -4.658,
        "period": "2021-09-30",
        "pretaxIncome": 239.554,
        "provisionforIncomeTaxes": 35.12,
        "revenue": 1952.315,
        "sgaExpense": 256.047,
        "totalOperatingExpense": 319.238
      },
      {
        "costOfGoodsSold": 1326.226,
        "depreciationAmortization": 62.082,
        "dilutedAverageSharesOutstanding": 1425.05,
        "dilutedEPS": 0.13,
        "ebit": 249.791,
        "grossIncome": 566.312,
        "interestIncomeExpense": 0.851,
        "netIncome": 187.974,
        "netIncomeAfterTaxes": 187.974,
        "nonRecurringItems": -4.266,
        "period": "2021-06-30",
        "pretaxIncome": 246.376,
        "provisionforIncomeTaxes": 58.402,
        "revenue": 1892.538,
        "sgaExpense": 254.439,
        "totalOperatingExpense": 316.521
      },
      {
        "costOfGoodsSold": 1251.05,
        "depreciationAmortization": 63.122,
        "dilutedAverageSharesOutstanding": 1429.1,
        "dilutedEPS": 0.09,
        "ebit": 167.11,
        "grossIncome": 490.525,
        "interestIncomeExpense": -2.168,
        "netIncome": 127.101,
        "netIncomeAfterTaxes": 127.101,
        "nonRecurringItems": -5.668,
        "period": "2021-03-31",
        "pretaxIncome": 159.274,
        "provisionforIncomeTaxes": 32.173,
        "revenue": 1741.575,
        "sgaExpense": 260.293,
        "totalOperatingExpense": 323.415
      },
      {
        "costOfGoodsSold": 1195.27,
        "depreciationAmortization": 59.956,
        "dilutedAverageSharesOutstanding": 1427.7,
        "dilutedEPS": 0.13,
        "ebit": 131.149,
        "grossIncome": 412.44,
        "interestIncomeExpense": 0.846,
        "netIncome": 190.959,
        "netIncomeAfterTaxes": 190.959,
        "nonRecurringItems": -14.263,
        "period": "2020-12-31",
        "pretaxIncome": 117.732,
        "provisionforIncomeTaxes": -73.227,
        "revenue": 1607.71,
        "sgaExpense": 221.335,
        "totalOperatingExpense": 281.291
      },
      {
        "costOfGoodsSold": 1191.495,
        "depreciationAmortization": 60.18,
        "dilutedAverageSharesOutstanding": 1422.7,
        "dilutedEPS": 0.06,
        "ebit": 115.087,
        "grossIncome": 409.919,
        "interestIncomeExpense": -0.595,
        "netIncome": 80.244,
        "netIncomeAfterTaxes": 80.244,
        "nonRecurringItems": -7.991,
        "period": "2020-09-30",
        "pretaxIncome": 106.501,
        "provisionforIncomeTaxes": 26.257,
        "revenue": 1601.414,
        "sgaExpense": 234.652,
        "totalOperatingExpense": 294.832
      },
      {
        "costOfGoodsSold": 1102.4,
        "depreciationAmortization": 60.024,
        "dilutedAverageSharesOutstanding": 1416.65,
        "dilutedEPS": 0.01,
        "ebit": 0.447,
        "grossIncome": 262.338,
        "interestIncomeExpense": 0.623,
        "netIncome": 8.175,
        "netIncomeAfterTaxes": 8.175,
        "nonRecurringItems": -5.386,
        "period": "2020-06-30",
        "pretaxIncome": -4.316,
        "provisionforIncomeTaxes": -12.491,
        "revenue": 1364.738,
        "sgaExpense": 201.867,
        "totalOperatingExpense": 261.891
      },
      {
        "costOfGoodsSold": 1066.59,
        "depreciationAmortization": 58.374,
        "dilutedAverageSharesOutstanding": 1416.15,
        "dilutedEPS": 0.05,
        "ebit": 80.457,
        "grossIncome": 344.182,
        "interestIncomeExpense": 2.743,
        "netIncome": 76.388,
        "netIncomeAfterTaxes": 76.388,
        "nonRecurringItems": -9.336,
        "period": "2020-03-31",
        "pretaxIncome": 73.864,
        "provisionforIncomeTaxes": -2.524,
        "revenue": 1410.772,
        "sgaExpense": 205.351,
        "totalOperatingExpense": 263.725
      },
      {
        "costOfGoodsSold": 1069.782,
        "depreciationAmortization": 55.149,
        "dilutedAverageSharesOutstanding": 1418.8,
        "dilutedEPS": 0.05,
        "ebit": 106.015,
        "grossIncome": 370.442,
        "interestIncomeExpense": 2.84,
        "netIncome": 72.416,
        "netIncomeAfterTaxes": 72.416,
        "nonRecurringItems": -7.859,
        "period": "2019-12-31",
        "pretaxIncome": 100.996,
        "provisionforIncomeTaxes": 28.58,
        "revenue": 1440.224,
        "sgaExpense": 209.278,
        "totalOperatingExpense": 264.427
      },
      {
        "costOfGoodsSold": 1019.663,
        "depreciationAmortization": 52.206,
        "dilutedAverageSharesOutstanding": 1419.4,
        "dilutedEPS": 0.07,
        "ebit": 124.006,
        "grossIncome": 384.034,
        "interestIncomeExpense": 4.411,
        "netIncome": 98.582,
        "netIncomeAfterTaxes": 98.582,
        "nonRecurringItems": -8.385,
        "period": "2019-09-30",
        "pretaxIncome": 120.032,
        "provisionforIncomeTaxes": 21.45,
        "revenue": 1403.697,
        "sgaExpense": 207.822,
        "totalOperatingExpense": 260.028
      },
      {
        "costOfGoodsSold": 1043.909,
        "depreciationAmortization": 51.642,
        "dilutedAverageSharesOutstanding": 1415,
        "dilutedEPS": 0.06,
        "ebit": 128.105,
        "grossIncome": 390.322,
        "interestIncomeExpense": 3.947,
        "netIncome": 91.028,
        "netIncomeAfterTaxes": 91.028,
        "nonRecurringItems": -8.085,
        "period": "2019-06-30",
        "pretaxIncome": 123.967,
        "provisionforIncomeTaxes": 32.939,
        "revenue": 1434.231,
        "sgaExpense": 210.575,
        "totalOperatingExpense": 262.217
      },
      {
        "costOfGoodsSold": 944.215,
        "depreciationAmortization": 53.781,
        "dilutedAverageSharesOutstanding": 1405.9,
        "dilutedEPS": 0.06,
        "ebit": 121.383,
        "grossIncome": 364.002,
        "interestIncomeExpense": 3.129,
        "netIncome": 88.132,
        "netIncomeAfterTaxes": 88.132,
        "nonRecurringItems": -11.222,
        "period": "2019-03-31",
        "pretaxIncome": 113.29,
        "provisionforIncomeTaxes": 25.158,
        "revenue": 1308.217,
        "sgaExpense": 188.838,
        "totalOperatingExpense": 242.619
      },
      {
        "costOfGoodsSold": 928.348,
        "depreciationAmortization": 53.217,
        "dilutedAverageSharesOutstanding": 1397.35,
        "dilutedEPS": 0.02,
        "ebit": 63.359,
        "grossIncome": 296.713,
        "interestIncomeExpense": 3.858,
        "netIncome": 32.019,
        "netIncomeAfterTaxes": 25.174,
        "nonRecurringItems": -23.747,
        "period": "2018-12-31",
        "pretaxIncome": 43.47,
        "provisionforIncomeTaxes": 18.296,
        "revenue": 1225.061,
        "sgaExpense": 180.137,
        "totalOperatingExpense": 233.354
      },
      {
        "costOfGoodsSold": 909.566,
        "depreciationAmortization": 52.654,
        "dilutedAverageSharesOutstanding": 1400.85,
        "dilutedEPS": 0.03,
        "ebit": 80.28,
        "grossIncome": 315.441,
        "interestIncomeExpense": 2.493,
        "netIncome": 38.204,
        "netIncomeAfterTaxes": 38.204,
        "nonRecurringItems": -22.289,
        "period": "2018-09-30",
        "pretaxIncome": 60.484,
        "provisionforIncomeTaxes": 22.28,
        "revenue": 1225.007,
        "sgaExpense": 182.507,
        "totalOperatingExpense": 235.161
      },
      {
        "costOfGoodsSold": 930.109,
        "depreciationAmortization": 49.193,
        "dilutedAverageSharesOutstanding": 1396.75,
        "dilutedEPS": 0.03,
        "ebit": 110.791,
        "grossIncome": 336.411,
        "interestIncomeExpense": 2.285,
        "netIncome": 46.884,
        "netIncomeAfterTaxes": 46.884,
        "nonRecurringItems": -42.796,
        "period": "2018-06-30",
        "pretaxIncome": 70.28,
        "provisionforIncomeTaxes": 23.396,
        "revenue": 1266.52,
        "sgaExpense": 176.427,
        "totalOperatingExpense": 225.62
      },
      {
        "costOfGoodsSold": 838.847,
        "depreciationAmortization": 46.915,
        "dilutedAverageSharesOutstanding": 1397.5,
        "dilutedEPS": 0.04,
        "ebit": 96.044,
        "grossIncome": 309.55,
        "interestIncomeExpense": 3.017,
        "netIncome": 59.446,
        "netIncomeAfterTaxes": 59.845,
        "nonRecurringItems": -4.859,
        "period": "2018-03-31",
        "pretaxIncome": 94.202,
        "provisionforIncomeTaxes": 34.357,
        "revenue": 1148.397,
        "sgaExpense": 166.591,
        "totalOperatingExpense": 213.506
      },
      {
        "costOfGoodsSold": 860.38,
        "depreciationAmortization": 41.442,
        "dilutedAverageSharesOutstanding": 1407.8,
        "dilutedEPS": 0.03,
        "ebit": 60.684,
        "grossIncome": 249.72,
        "interestIncomeExpense": 4.114,
        "netIncome": 43.793,
        "netIncomeAfterTaxes": 43.787,
        "nonRecurringItems": -3.332,
        "period": "2017-12-31",
        "pretaxIncome": 61.466,
        "provisionforIncomeTaxes": 17.679,
        "revenue": 1110.1,
        "sgaExpense": 147.594,
        "totalOperatingExpense": 189.036
      },
      {
        "costOfGoodsSold": 863.741,
        "depreciationAmortization": 41.546,
        "dilutedAverageSharesOutstanding": 1421.95,
        "dilutedEPS": 0.01,
        "ebit": 37.949,
        "grossIncome": 264.333,
        "interestIncomeExpense": 0.94,
        "netIncome": 19.61,
        "netIncomeAfterTaxes": 19.61,
        "nonRecurringItems": -6.747,
        "period": "2017-09-30",
        "pretaxIncome": 32.142,
        "provisionforIncomeTaxes": 12.532,
        "revenue": 1128.074,
        "sgaExpense": 184.838,
        "totalOperatingExpense": 226.384
      },
      {
        "costOfGoodsSold": 868.688,
        "depreciationAmortization": 41.081,
        "dilutedAverageSharesOutstanding": 1440,
        "dilutedEPS": 0.05,
        "ebit": 106.7,
        "grossIncome": 300.721,
        "interestIncomeExpense": 0.69,
        "netIncome": 66.73,
        "netIncomeAfterTaxes": 66.73,
        "nonRecurringItems": 0.384,
        "period": "2017-06-30",
        "pretaxIncome": 107.774,
        "provisionforIncomeTaxes": 41.044,
        "revenue": 1169.409,
        "sgaExpense": 152.94,
        "totalOperatingExpense": 194.021
      },
      {
        "costOfGoodsSold": 800.255,
        "depreciationAmortization": 39.279,
        "dilutedAverageSharesOutstanding": 1442.5,
        "dilutedEPS": 0.03,
        "ebit": 77.286,
        "grossIncome": 268.574,
        "interestIncomeExpense": 0.725,
        "netIncome": 46.12,
        "netIncomeAfterTaxes": 46.12,
        "nonRecurringItems": -3.65,
        "period": "2017-03-31",
        "pretaxIncome": 74.361,
        "provisionforIncomeTaxes": 28.241,
        "revenue": 1068.829,
        "sgaExpense": 152.009,
        "totalOperatingExpense": 191.288
      },
      {
        "costOfGoodsSold": 818.425,
        "depreciationAmortization": 38.072,
        "dilutedAverageSharesOutstanding": 1452.273,
        "dilutedEPS": 0.01,
        "ebit": 32.478,
        "grossIncome": 216.135,
        "interestIncomeExpense": 0.497,
        "netIncome": 15.975,
        "netIncomeAfterTaxes": 15.975,
        "nonRecurringItems": -1.837,
        "period": "2016-12-31",
        "pretaxIncome": 31.138,
        "provisionforIncomeTaxes": 15.163,
        "revenue": 1034.56,
        "sgaExpense": 145.585,
        "totalOperatingExpense": 183.657
      },
      {
        "costOfGoodsSold": 816.089,
        "depreciationAmortization": 37.434,
        "dilutedAverageSharesOutstanding": 1458.55,
        "dilutedEPS": 0.01,
        "ebit": 25.972,
        "grossIncome": 220.893,
        "interestIncomeExpense": 1.063,
        "netIncome": 7.799,
        "netIncomeAfterTaxes": 7.799,
        "nonRecurringItems": -16.637,
        "period": "2016-09-30",
        "pretaxIncome": 10.398,
        "provisionforIncomeTaxes": 2.599,
        "revenue": 1036.982,
        "sgaExpense": 157.487,
        "totalOperatingExpense": 194.921
      },
      {
        "costOfGoodsSold": 770.984,
        "depreciationAmortization": 36.074,
        "dilutedAverageSharesOutstanding": 1467,
        "dilutedEPS": 0.02,
        "ebit": 43.899,
        "grossIncome": 227.399,
        "interestIncomeExpense": 0.969,
        "netIncome": 25.596,
        "netIncomeAfterTaxes": 25.596,
        "nonRecurringItems": -3.187,
        "period": "2016-06-30",
        "pretaxIncome": 41.681,
        "provisionforIncomeTaxes": 16.085,
        "revenue": 998.383,
        "sgaExpense": 147.426,
        "totalOperatingExpense": 183.5
      },
      {
        "costOfGoodsSold": 707.036,
        "depreciationAmortization": 34.788,
        "dilutedAverageSharesOutstanding": 1494.65,
        "dilutedEPS": -0.02,
        "ebit": -44.49,
        "grossIncome": 127.423,
        "interestIncomeExpense": 2.228,
        "netIncome": -26.432,
        "netIncomeAfterTaxes": -26.432,
        "nonRecurringItems": -2.216,
        "period": "2016-03-31",
        "pretaxIncome": -44.478,
        "provisionforIncomeTaxes": -18.046,
        "revenue": 834.459,
        "sgaExpense": 137.125,
        "totalOperatingExpense": 171.913
      },
      {
        "costOfGoodsSold": 733.834,
        "depreciationAmortization": 34.14,
        "dilutedAverageSharesOutstanding": 1565.4,
        "dilutedEPS": 0.04,
        "ebit": 109.236,
        "grossIncome": 263.673,
        "interestIncomeExpense": 1.622,
        "netIncome": 67.874,
        "netIncomeAfterTaxes": 67.874,
        "nonRecurringItems": -5.45,
        "period": "2015-12-31",
        "pretaxIncome": 105.408,
        "provisionforIncomeTaxes": 37.534,
        "revenue": 997.507,
        "sgaExpense": 120.297,
        "totalOperatingExpense": 154.437
      },
      {
        "costOfGoodsSold": 806.006,
        "depreciationAmortization": 33.145,
        "dilutedAverageSharesOutstanding": 1577.4,
        "dilutedEPS": 0.09,
        "ebit": 235.915,
        "grossIncome": 410.884,
        "interestIncomeExpense": 2.518,
        "netIncome": 144.883,
        "netIncomeAfterTaxes": 144.883,
        "nonRecurringItems": -2.156,
        "period": "2015-09-30",
        "pretaxIncome": 236.277,
        "provisionforIncomeTaxes": 91.394,
        "revenue": 1216.89,
        "sgaExpense": 141.824,
        "totalOperatingExpense": 174.969
      }
    ],
    "symbol": "CMG"
  }
}