{
  "symbol": "CZR",
  "statement": "ic",
  "frequency": "annual",
  "timestamp": "2025-09-19T13:57:17.339632",
  "data": {
    "financials": [
      {
        "costOfGoodsSold": 5726,
        "depreciationAmortization": 1324,
        "dilutedAverageSharesOutstanding": 215,
        "dilutedEPS": -1.293,
        "ebit": 2275,
        "grossIncome": 5519,
        "interestExpense": 2377,
        "interestIncomeExpense": -2366,
        "minorityInterest": -67,
        "netIncome": -278,
        "netIncomeAfterTaxes": -211,
        "nonRecurringItems": -60,
        "period": "2024-12-31",
        "pretaxIncome": -124,
        "provisionforIncomeTaxes": 87,
        "revenue": 11245,
        "sgaExpense": 1920,
        "totalOperatingExpense": 3244,
        "totalOtherIncomeExpenseNet": 27,
        "year": 2024
      },
      {
        "costOfGoodsSold": 5701,
        "depreciationAmortization": 1261,
        "dilutedAverageSharesOutstanding": 216,
        "dilutedEPS": 3.6389,
        "ebit": 2554,
        "grossIncome": 5827,
        "interestExpense": 2354,
        "interestIncomeExpense": -2342,
        "minorityInterest": -42,
        "netIncome": 786,
        "netIncomeAfterTaxes": 828,
        "nonRecurringItems": -282,
        "period": "2023-12-31",
        "pretaxIncome": -60,
        "provisionforIncomeTaxes": -888,
        "revenue": 11528,
        "sgaExpense": 2012,
        "totalOperatingExpense": 3273,
        "totalOtherIncomeExpenseNet": 10,
        "year": 2023
      },
      {
        "costOfGoodsSold": 5687,
        "depreciationAmortization": 1205,
        "dilutedAverageSharesOutstanding": 214,
        "dilutedEPS": -4.2,
        "ebit": 1861,
        "grossIncome": 5134,
        "interestExpense": 2277,
        "interestIncomeExpense": -2299,
        "minorityInterest": 11,
        "netIncome": -899,
        "netIncomeAfterTaxes": -524,
        "nonRecurringItems": -207,
        "period": "2022-12-31",
        "pretaxIncome": -565,
        "provisionforIncomeTaxes": -41,
        "revenue": 10821,
        "sgaExpense": 2068,
        "totalOperatingExpense": 3273,
        "totalOtherIncomeExpenseNet": 80,
        "year": 2022
      },
      {
        "costOfGoodsSold": 4956,
        "depreciationAmortization": 1126,
        "dilutedAverageSharesOutstanding": 211,
        "dilutedEPS": -4.82,
        "ebit": 1706,
        "grossIncome": 4614,
        "interestExpense": 2295,
        "interestIncomeExpense": -2349,
        "minorityInterest": -3,
        "netIncome": -1019,
        "netIncomeAfterTaxes": -986,
        "nonRecurringItems": -482,
        "period": "2021-12-31",
        "pretaxIncome": -1269,
        "provisionforIncomeTaxes": -283,
        "revenue": 9570,
        "sgaExpense": 1782,
        "totalOperatingExpense": 2908,
        "totalOtherIncomeExpenseNet": -144,
        "year": 2021
      },
      {
        "costOfGoodsSold": 2041,
        "depreciationAmortization": 583,
        "dilutedAverageSharesOutstanding": 130,
        "dilutedEPS": -13.51,
        "ebit": 102,
        "grossIncome": 1587,
        "interestExpense": 1202,
        "interestIncomeExpense": -1202,
        "minorityInterest": 1,
        "netIncome": -1757,
        "netIncomeAfterTaxes": -1738,
        "nonRecurringItems": -682,
        "period": "2020-12-31",
        "pretaxIncome": -1606,
        "provisionforIncomeTaxes": 132,
        "revenue": 3628,
        "sgaExpense": 902,
        "totalOperatingExpense": 1485,
        "totalOtherIncomeExpenseNet": 176,
        "year": 2020
      },
      {
        "costOfGoodsSold": 1252,
        "depreciationAmortization": 222,
        "dilutedAverageSharesOutstanding": 79,
        "dilutedEPS": 1.03,
        "ebit": 448,
        "grossIncome": 1276,
        "interestExpense": 286.248,
        "interestIncomeExpense": -279,
        "netIncome": 81,
        "netIncomeAfterTaxes": 81,
        "nonRecurringItems": -44,
        "period": "2019-12-31",
        "pretaxIncome": 125,
        "provisionforIncomeTaxes": 44,
        "revenue": 2528,
        "sgaExpense": 606,
        "totalOperatingExpense": 828,
        "year": 2019
      },
      {
        "costOfGoodsSold": 1102,
        "depreciationAmortization": 157,
        "dilutedAverageSharesOutstanding": 78,
        "dilutedEPS": 1.22,
        "ebit": 340,
        "grossIncome": 954,
        "interestExpense": 171.732,
        "interestIncomeExpense": -174,
        "netIncome": 95,
        "netIncomeAfterTaxes": 95,
        "nonRecurringItems": -30,
        "period": "2018-12-31",
        "pretaxIncome": 136,
        "provisionforIncomeTaxes": 40,
        "revenue": 2056,
        "sgaExpense": 456,
        "totalOperatingExpense": 614,
        "year": 2018
      },
      {
        "costOfGoodsSold": 844,
        "depreciationAmortization": 106,
        "dilutedAverageSharesOutstanding": 68,
        "dilutedEPS": 1.07,
        "ebit": 206,
        "grossIncome": 636,
        "interestExpense": 99.769,
        "interestIncomeExpense": -100,
        "netIncome": 73,
        "netIncomeAfterTaxes": -39,
        "nonRecurringItems": -150,
        "period": "2017-12-31",
        "pretaxIncome": -43,
        "provisionforIncomeTaxes": -5,
        "revenue": 1481,
        "sgaExpense": 324,
        "totalOperatingExpense": 430,
        "year": 2017
      },
      {
        "costOfGoodsSold": 560,
        "depreciationAmortization": 63,
        "dilutedAverageSharesOutstanding": 48,
        "dilutedEPS": 0.52,
        "ebit": 99,
        "grossIncome": 333,
        "interestExpense": 50.917,
        "interestIncomeExpense": -51,
        "minorityInterest": 0,
        "netIncome": 25,
        "netIncomeAfterTaxes": 25,
        "nonRecurringItems": -10,
        "period": "2016-12-31",
        "pretaxIncome": 38,
        "provisionforIncomeTaxes": 13,
        "revenue": 893,
        "sgaExpense": 171,
        "totalOperatingExpense": 234,
        "year": 2016
      },
      {
        "costOfGoodsSold": 463,
        "depreciationAmortization": 57,
        "dilutedAverageSharesOutstanding": 47,
        "dilutedEPS": 2.43,
        "ebit": 72,
        "grossIncome": 257,
        "interestExpense": 61.558,
        "interestIncomeExpense": -59,
        "minorityInterest": 0,
        "netIncome": 114,
        "netIncomeAfterTaxes": 114,
        "nonRecurringItems": 31,
        "period": "2015-12-31",
        "pretaxIncome": 45,
        "provisionforIncomeTaxes": -70,
        "revenue": 720,
        "sgaExpense": 128,
        "totalOperatingExpense": 185,
        "year": 2015
      }
    ],
    "symbol": "CZR"
  }
}