{
  "symbol": "WDAY",
  "statement": "ic",
  "frequency": "annual",
  "timestamp": "2025-09-19T14:08:58.457662",
  "data": {
    "financials": [
      {
        "costOfGoodsSold": 2069,
        "dilutedAverageSharesOutstanding": 269.205,
        "dilutedEPS": 1.95,
        "ebit": 499,
        "grossIncome": 6377,
        "interestExpense": 114,
        "interestIncomeExpense": 218,
        "netIncome": 526,
        "netIncomeAfterTaxes": 526,
        "nonRecurringItems": -84,
        "period": "2025-01-31",
        "pretaxIncome": 638,
        "provisionforIncomeTaxes": 112,
        "researchDevelopment": 2626,
        "revenue": 8446,
        "sgaExpense": 3252,
        "totalOperatingExpense": 5878,
        "totalOtherIncomeExpenseNet": 5,
        "year": 2025
      },
      {
        "costOfGoodsSold": 1771,
        "dilutedAverageSharesOutstanding": 265.285,
        "dilutedEPS": 5.2,
        "ebit": 183,
        "grossIncome": 5488,
        "interestExpense": 114,
        "interestIncomeExpense": 163,
        "netIncome": 1381,
        "netIncomeAfterTaxes": 1381,
        "period": "2024-01-31",
        "pretaxIncome": 356,
        "provisionforIncomeTaxes": -1025,
        "researchDevelopment": 2464,
        "revenue": 7259,
        "sgaExpense": 2841,
        "totalOperatingExpense": 5305,
        "totalOtherIncomeExpenseNet": 10,
        "year": 2024
      },
      {
        "costOfGoodsSold": 1715.2,
        "dilutedAverageSharesOutstanding": 254.8,
        "dilutedEPS": -1.44,
        "ebit": -222.2,
        "grossIncome": 4500.6,
        "interestExpense": 102.353,
        "interestIncomeExpense": -31.2,
        "netIncome": -366.7,
        "netIncomeAfterTaxes": -366.7,
        "period": "2023-01-31",
        "pretaxIncome": -260,
        "provisionforIncomeTaxes": 106.8,
        "researchDevelopment": 2270.7,
        "revenue": 6215.8,
        "sgaExpense": 2452.2,
        "totalOperatingExpense": 4722.8,
        "totalOtherIncomeExpenseNet": -6.6,
        "year": 2023
      },
      {
        "costOfGoodsSold": 1428.1,
        "dilutedAverageSharesOutstanding": 254,
        "dilutedEPS": 0.11,
        "ebit": -116.5,
        "grossIncome": 3710.7,
        "interestExpense": 16.602,
        "interestIncomeExpense": -11,
        "netIncome": 29.4,
        "netIncomeAfterTaxes": 29.4,
        "period": "2022-01-31",
        "pretaxIncome": 16.2,
        "provisionforIncomeTaxes": -13.2,
        "researchDevelopment": 1879.2,
        "revenue": 5138.8,
        "sgaExpense": 1947.9,
        "totalOperatingExpense": 3827.1,
        "totalOtherIncomeExpenseNet": 143.7,
        "year": 2022
      },
      {
        "costOfGoodsSold": 1198.1,
        "dilutedAverageSharesOutstanding": 237,
        "dilutedEPS": -1.19,
        "ebit": -248.6,
        "grossIncome": 3119.9,
        "interestExpense": 68.806,
        "interestIncomeExpense": -50,
        "netIncome": -282.4,
        "netIncomeAfterTaxes": -282.4,
        "period": "2021-01-31",
        "pretaxIncome": -275.1,
        "provisionforIncomeTaxes": 7.3,
        "researchDevelopment": 1721.2,
        "revenue": 4318,
        "sgaExpense": 1647.2,
        "totalOperatingExpense": 3368.5,
        "totalOtherIncomeExpenseNet": 23.5,
        "year": 2021
      },
      {
        "costOfGoodsSold": 1065.3,
        "dilutedAverageSharesOutstanding": 227.2,
        "dilutedEPS": -2.12,
        "ebit": -502.2,
        "grossIncome": 2561.9,
        "interestExpense": 58.685,
        "interestIncomeExpense": -13.7,
        "netIncome": -480.7,
        "netIncomeAfterTaxes": -480.7,
        "period": "2020-01-31",
        "pretaxIncome": -482.4,
        "provisionforIncomeTaxes": -1.8,
        "researchDevelopment": 1549.9,
        "revenue": 3627.2,
        "sgaExpense": 1514.3,
        "totalOperatingExpense": 3064.1,
        "totalOtherIncomeExpenseNet": 33.5,
        "year": 2020
      },
      {
        "costOfGoodsSold": 835,
        "dilutedAverageSharesOutstanding": 216.8,
        "dilutedEPS": -1.93,
        "ebit": -463.3,
        "grossIncome": 1987.2,
        "interestExpense": 60.209,
        "interestIncomeExpense": -13,
        "netIncome": -418.3,
        "netIncomeAfterTaxes": -418.3,
        "period": "2019-01-31",
        "pretaxIncome": -423.8,
        "provisionforIncomeTaxes": -5.5,
        "researchDevelopment": 1211.8,
        "revenue": 2822.2,
        "sgaExpense": 1238.7,
        "totalOperatingExpense": 2450.5,
        "totalOtherIncomeExpenseNet": 52.6,
        "year": 2019
      },
      {
        "costOfGoodsSold": 629.4,
        "dilutedAverageSharesOutstanding": 207.8,
        "dilutedEPS": -1.54,
        "ebit": -303.2,
        "grossIncome": 1513.6,
        "interestExpense": 44.549,
        "interestIncomeExpense": -24.2,
        "netIncome": -321.2,
        "netIncomeAfterTaxes": -331.3,
        "nonRecurringItems": -0.7,
        "period": "2018-01-31",
        "pretaxIncome": -314.8,
        "provisionforIncomeTaxes": 16.5,
        "researchDevelopment": 910.6,
        "revenue": 2143.1,
        "sgaExpense": 906.3,
        "totalOperatingExpense": 1816.9,
        "totalOtherIncomeExpenseNet": 13.3,
        "year": 2018
      },
      {
        "costOfGoodsSold": 483.5,
        "dilutedAverageSharesOutstanding": 198.2,
        "dilutedEPS": -1.94,
        "ebit": -353.1,
        "grossIncome": 1090.9,
        "interestExpense": 30.103,
        "interestIncomeExpense": -18.1,
        "netIncome": -384.7,
        "netIncomeAfterTaxes": -384.7,
        "nonRecurringItems": -15,
        "period": "2017-01-31",
        "pretaxIncome": -385.5,
        "provisionforIncomeTaxes": -0.8,
        "researchDevelopment": 680.5,
        "revenue": 1574.4,
        "sgaExpense": 763.5,
        "totalOperatingExpense": 1444,
        "totalOtherIncomeExpenseNet": 0.6,
        "year": 2017
      },
      {
        "costOfGoodsSold": 374.4,
        "dilutedAverageSharesOutstanding": 190,
        "dilutedEPS": -1.45,
        "ebit": -249.8,
        "grossIncome": 782.3,
        "interestExpense": 31.932,
        "interestIncomeExpense": -23,
        "netIncome": -275,
        "netIncomeAfterTaxes": -275,
        "nonRecurringItems": 0,
        "period": "2016-01-31",
        "pretaxIncome": -274,
        "provisionforIncomeTaxes": 1,
        "researchDevelopment": 469.9,
        "revenue": 1156.7,
        "sgaExpense": 562.1,
        "totalOperatingExpense": 1032.1,
        "totalOtherIncomeExpenseNet": -1.3,
        "year": 2016
      }
    ],
    "symbol": "WDAY"
  }
}