{
  "symbol": "GPN",
  "statement": "ic",
  "frequency": "quarterly",
  "timestamp": "2025-09-19T14:01:10.755708",
  "data": {
    "financials": [
      {
        "costOfGoodsSold": 498.788,
        "dilutedAverageSharesOutstanding": 243.577,
        "dilutedEPS": 0.99,
        "ebit": 560.639,
        "equityEarningsAffiliates": 19.961,
        "grossIncome": 1457.959,
        "interestExpense": 151.1,
        "interestIncomeExpense": -115.583,
        "minorityInterest": -4.458,
        "netIncome": 241.64,
        "netIncomeAfterTaxes": 192.134,
        "nonRecurringItems": -133.433,
        "period": "2025-06-30",
        "pretaxIncome": 310.48,
        "provisionforIncomeTaxes": 118.346,
        "revenue": 1956.747,
        "sgaExpense": 897.32,
        "totalOperatingExpense": 897.32,
        "totalOtherIncomeExpenseNet": -1.143
      },
      {
        "costOfGoodsSold": 921.195,
        "dilutedAverageSharesOutstanding": 247.16,
        "dilutedEPS": 1.237,
        "ebit": 561.592,
        "equityEarningsAffiliates": 18.286,
        "grossIncome": 1490.903,
        "interestExpense": 146.7,
        "interestIncomeExpense": -107.311,
        "minorityInterest": -7.038,
        "netIncome": 305.734,
        "netIncomeAfterTaxes": 294.486,
        "nonRecurringItems": -90.707,
        "period": "2025-03-31",
        "pretaxIncome": 353.164,
        "provisionforIncomeTaxes": 58.678,
        "revenue": 2412.098,
        "sgaExpense": 929.311,
        "totalOperatingExpense": 929.311,
        "totalOtherIncomeExpenseNet": -10.41
      },
      {
        "costOfGoodsSold": 952.297,
        "dilutedAverageSharesOutstanding": 251.74,
        "dilutedEPS": 2.253,
        "ebit": 625.614,
        "equityEarningsAffiliates": 19.855,
        "grossIncome": 1563.089,
        "interestExpense": 154.3,
        "interestIncomeExpense": -111.704,
        "minorityInterest": -31.11,
        "netIncome": 567.173,
        "netIncomeAfterTaxes": 578.428,
        "nonRecurringItems": 207.534,
        "period": "2024-12-31",
        "pretaxIncome": 718.968,
        "provisionforIncomeTaxes": 140.54,
        "revenue": 2515.386,
        "sgaExpense": 937.475,
        "totalOperatingExpense": 937.475,
        "totalOtherIncomeExpenseNet": -2.476
      },
      {
        "costOfGoodsSold": 946.945,
        "dilutedAverageSharesOutstanding": 254.897,
        "dilutedEPS": 1.2363,
        "ebit": 579.981,
        "equityEarningsAffiliates": 15.897,
        "grossIncome": 1654.607,
        "interestExpense": 150,
        "interestIncomeExpense": -94.662,
        "minorityInterest": -18.408,
        "netIncome": 315.125,
        "netIncomeAfterTaxes": 317.636,
        "nonRecurringItems": -104.4,
        "period": "2024-09-30",
        "pretaxIncome": 375.014,
        "provisionforIncomeTaxes": 57.378,
        "revenue": 2601.552,
        "sgaExpense": 1074.626,
        "totalOperatingExpense": 1074.626,
        "totalOtherIncomeExpenseNet": -5.905
      },
      {
        "costOfGoodsSold": 938.484,
        "dilutedAverageSharesOutstanding": 255.166,
        "dilutedEPS": 1.4687,
        "ebit": 628.323,
        "equityEarningsAffiliates": 18.337,
        "grossIncome": 1630.284,
        "interestExpense": 151,
        "interestIncomeExpense": -119.094,
        "minorityInterest": -14.515,
        "netIncome": 374.76,
        "netIncomeAfterTaxes": 370.938,
        "nonRecurringItems": -55.7,
        "period": "2024-06-30",
        "pretaxIncome": 448.772,
        "provisionforIncomeTaxes": 77.834,
        "revenue": 2568.768,
        "sgaExpense": 1001.961,
        "totalOperatingExpense": 1001.961,
        "totalOtherIncomeExpenseNet": -4.757
      },
      {
        "costOfGoodsSold": 922.39,
        "dilutedAverageSharesOutstanding": 257.588,
        "dilutedEPS": 1.2163,
        "ebit": 531.152,
        "equityEarningsAffiliates": 16.411,
        "grossIncome": 1497.797,
        "interestExpense": 160.8,
        "interestIncomeExpense": -124.872,
        "minorityInterest": -9.755,
        "netIncome": 313.307,
        "netIncomeAfterTaxes": 306.651,
        "nonRecurringItems": -78.9,
        "period": "2024-03-31",
        "pretaxIncome": 326.033,
        "provisionforIncomeTaxes": 19.382,
        "revenue": 2420.187,
        "sgaExpense": 966.645,
        "totalOperatingExpense": 966.645,
        "totalOtherIncomeExpenseNet": -1.347
      },
      {
        "costOfGoodsSold": 922.284,
        "dilutedAverageSharesOutstanding": 262.562,
        "dilutedEPS": 1.376,
        "ebit": 593.765,
        "equityEarningsAffiliates": 13.795,
        "grossIncome": 1511.528,
        "interestExpense": 165.2,
        "interestIncomeExpense": -126.319,
        "minorityInterest": -11.136,
        "netIncome": 361.297,
        "netIncomeAfterTaxes": 358.638,
        "nonRecurringItems": -95.049,
        "period": "2023-12-31",
        "pretaxIncome": 367.91,
        "provisionforIncomeTaxes": 9.272,
        "revenue": 2433.812,
        "sgaExpense": 917.763,
        "totalOperatingExpense": 917.763,
        "totalOtherIncomeExpenseNet": -4.487
      },
      {
        "costOfGoodsSold": 915.5,
        "dilutedAverageSharesOutstanding": 260.9,
        "dilutedEPS": 1.39,
        "ebit": 633.3,
        "equityEarningsAffiliates": 17.7,
        "grossIncome": 1560.2,
        "interestExpense": 173.3,
        "interestIncomeExpense": -137.6,
        "minorityInterest": -14.8,
        "netIncome": 361.8,
        "netIncomeAfterTaxes": 358.9,
        "nonRecurringItems": -75.1,
        "period": "2023-09-30",
        "pretaxIncome": 417.8,
        "provisionforIncomeTaxes": 58.9,
        "revenue": 2475.7,
        "sgaExpense": 926.9,
        "totalOperatingExpense": 926.9,
        "totalOtherIncomeExpenseNet": -2.8
      },
      {
        "costOfGoodsSold": 942,
        "dilutedAverageSharesOutstanding": 261.3,
        "dilutedEPS": 1.05,
        "ebit": 564.5,
        "equityEarningsAffiliates": 17.2,
        "grossIncome": 1510.5,
        "interestExpense": 172.3,
        "interestIncomeExpense": -144.4,
        "minorityInterest": -10.1,
        "netIncome": 274.1,
        "netIncomeAfterTaxes": 267.1,
        "nonRecurringItems": 38.2,
        "period": "2023-06-30",
        "pretaxIncome": 439.3,
        "provisionforIncomeTaxes": 172.2,
        "revenue": 2452.5,
        "sgaExpense": 946,
        "totalOperatingExpense": 945.9,
        "totalOtherIncomeExpenseNet": -19.1
      },
      {
        "costOfGoodsSold": 947.8,
        "dilutedAverageSharesOutstanding": 263.1,
        "dilutedEPS": -0.04,
        "ebit": 402.9,
        "equityEarningsAffiliates": 19.2,
        "grossIncome": 1344.7,
        "interestExpense": 119,
        "interestIncomeExpense": -107.8,
        "minorityInterest": -6.6,
        "netIncome": -11,
        "netIncomeAfterTaxes": -23.7,
        "nonRecurringItems": -346.2,
        "period": "2023-03-31",
        "pretaxIncome": -55.1,
        "provisionforIncomeTaxes": -31.4,
        "revenue": 2292.4,
        "sgaExpense": 941.7,
        "totalOperatingExpense": 941.7,
        "totalOtherIncomeExpenseNet": -3.9
      },
      {
        "costOfGoodsSold": 927.9,
        "dilutedAverageSharesOutstanding": 267.1,
        "dilutedEPS": 0.93,
        "ebit": 477.4,
        "equityEarningsAffiliates": 11.6,
        "grossIncome": 1325.1,
        "interestExpense": 118.2,
        "interestIncomeExpense": -109.7,
        "minorityInterest": -9.3,
        "netIncome": 249.3,
        "netIncomeAfterTaxes": 247,
        "nonRecurringItems": -69.8,
        "period": "2022-12-31",
        "pretaxIncome": 294.4,
        "provisionforIncomeTaxes": 47.4,
        "revenue": 2253,
        "sgaExpense": 847.7,
        "totalOperatingExpense": 847.7,
        "totalOtherIncomeExpenseNet": -3.6
      },
      {
        "costOfGoodsSold": 931.2,
        "dilutedAverageSharesOutstanding": 275.4,
        "dilutedEPS": 1.05,
        "ebit": 508.6,
        "equityEarningsAffiliates": 42.8,
        "grossIncome": 1354.1,
        "interestExpense": 132.4,
        "interestIncomeExpense": -112,
        "minorityInterest": -9.7,
        "netIncome": 290.5,
        "netIncomeAfterTaxes": 257.4,
        "nonRecurringItems": -122.2,
        "period": "2022-09-30",
        "pretaxIncome": 271.6,
        "provisionforIncomeTaxes": 14.3,
        "revenue": 2285.4,
        "sgaExpense": 845.5,
        "totalOperatingExpense": 845.5,
        "totalOtherIncomeExpenseNet": -2.8
      },
      {
        "costOfGoodsSold": 962.3,
        "dilutedAverageSharesOutstanding": 278.2,
        "dilutedEPS": -2.42,
        "ebit": 517.2,
        "equityEarningsAffiliates": 13.8,
        "grossIncome": 1318.6,
        "interestExpense": 97.1,
        "interestIncomeExpense": -94.1,
        "minorityInterest": -7.9,
        "netIncome": -673,
        "netIncomeAfterTaxes": -678.9,
        "nonRecurringItems": -1047.1,
        "period": "2022-06-30",
        "pretaxIncome": -626.1,
        "provisionforIncomeTaxes": 52.8,
        "revenue": 2280.9,
        "sgaExpense": 801.4,
        "totalOperatingExpense": 801.4,
        "totalOtherIncomeExpenseNet": -2.1
      },
      {
        "costOfGoodsSold": 957.2,
        "dilutedAverageSharesOutstanding": 282.6,
        "dilutedEPS": 0.87,
        "ebit": 426.9,
        "equityEarningsAffiliates": 17.5,
        "grossIncome": 1199.1,
        "interestExpense": 89.3,
        "interestIncomeExpense": -87.6,
        "minorityInterest": -4.9,
        "netIncome": 244.7,
        "netIncomeAfterTaxes": 232.2,
        "nonRecurringItems": -51,
        "period": "2022-03-31",
        "pretaxIncome": 284.4,
        "provisionforIncomeTaxes": 52.2,
        "revenue": 2156.3,
        "sgaExpense": 772.1,
        "totalOperatingExpense": 772.1,
        "totalOtherIncomeExpenseNet": -4
      },
      {
        "costOfGoodsSold": 968,
        "dilutedAverageSharesOutstanding": 288.4,
        "dilutedEPS": 0.72,
        "ebit": 419.6,
        "equityEarningsAffiliates": 18.1,
        "grossIncome": 1226,
        "interestExpense": 85.1,
        "interestIncomeExpense": -81.8,
        "minorityInterest": -8.7,
        "netIncome": 208.5,
        "netIncomeAfterTaxes": 199.1,
        "nonRecurringItems": -98.6,
        "period": "2021-12-31",
        "pretaxIncome": 236.5,
        "provisionforIncomeTaxes": 37.4,
        "revenue": 2194,
        "sgaExpense": 806.4,
        "totalOperatingExpense": 806.4,
        "totalOtherIncomeExpenseNet": -2.7
      },
      {
        "costOfGoodsSold": 944.2,
        "dilutedAverageSharesOutstanding": 292.5,
        "dilutedEPS": 1.01,
        "ebit": 471.7,
        "equityEarningsAffiliates": 31.4,
        "grossIncome": 1258.2,
        "interestExpense": 82.3,
        "interestIncomeExpense": -76,
        "minorityInterest": -8.7,
        "netIncome": 296.7,
        "netIncomeAfterTaxes": 274.1,
        "nonRecurringItems": -71.6,
        "period": "2021-09-30",
        "pretaxIncome": 324.2,
        "provisionforIncomeTaxes": 50.1,
        "revenue": 2202.3,
        "sgaExpense": 786.5,
        "totalOperatingExpense": 786.5,
        "totalOtherIncomeExpenseNet": 0.1
      },
      {
        "costOfGoodsSold": 936.3,
        "dilutedAverageSharesOutstanding": 296.1,
        "dilutedEPS": 0.89,
        "ebit": 440.9,
        "equityEarningsAffiliates": 40.2,
        "grossIncome": 1201.1,
        "interestExpense": 79,
        "interestIncomeExpense": -73.5,
        "minorityInterest": -3.2,
        "netIncome": 263.6,
        "netIncomeAfterTaxes": 226.6,
        "nonRecurringItems": -78.3,
        "period": "2021-06-30",
        "pretaxIncome": 287.5,
        "provisionforIncomeTaxes": 60.8,
        "revenue": 2137.4,
        "sgaExpense": 760.3,
        "totalOperatingExpense": 760.3,
        "totalOtherIncomeExpenseNet": -1.6
      },
      {
        "costOfGoodsSold": 925.2,
        "dilutedAverageSharesOutstanding": 297.7,
        "dilutedEPS": 0.66,
        "ebit": 367.1,
        "equityEarningsAffiliates": 22.7,
        "grossIncome": 1064.8,
        "interestExpense": 81.2,
        "interestIncomeExpense": -77,
        "minorityInterest": -1.7,
        "netIncome": 196.7,
        "netIncomeAfterTaxes": 175.7,
        "nonRecurringItems": -91.8,
        "period": "2021-03-31",
        "pretaxIncome": 196.4,
        "provisionforIncomeTaxes": 20.7,
        "revenue": 1990,
        "sgaExpense": 697.7,
        "totalOperatingExpense": 697.7,
        "totalOtherIncomeExpenseNet": -1.9
      },
      {
        "costOfGoodsSold": 922.2,
        "dilutedAverageSharesOutstanding": 300.5,
        "dilutedEPS": 0.61,
        "ebit": 357.9,
        "equityEarningsAffiliates": 27.6,
        "grossIncome": 1008,
        "interestExpense": 82.5,
        "interestIncomeExpense": -74.2,
        "minorityInterest": -2.2,
        "netIncome": 182.6,
        "netIncomeAfterTaxes": 157.2,
        "nonRecurringItems": -105.9,
        "period": "2020-12-31",
        "pretaxIncome": 175.2,
        "provisionforIncomeTaxes": 18,
        "revenue": 1930.2,
        "sgaExpense": 650.1,
        "totalOperatingExpense": 650.1,
        "totalOtherIncomeExpenseNet": -2.6
      },
      {
        "costOfGoodsSold": 900.9,
        "dilutedAverageSharesOutstanding": 300.5,
        "dilutedEPS": 0.74,
        "ebit": 350.2,
        "equityEarningsAffiliates": 35.6,
        "grossIncome": 1016.9,
        "interestExpense": 82.1,
        "interestIncomeExpense": -52.1,
        "minorityInterest": -9.3,
        "netIncome": 221,
        "netIncomeAfterTaxes": 194.6,
        "nonRecurringItems": -59.8,
        "period": "2020-09-30",
        "pretaxIncome": 237.4,
        "provisionforIncomeTaxes": 42.8,
        "revenue": 1917.8,
        "sgaExpense": 666.7,
        "totalOperatingExpense": 666.7,
        "totalOtherIncomeExpenseNet": -0.9
      },
      {
        "costOfGoodsSold": 893.7,
        "dilutedAverageSharesOutstanding": 300.2,
        "dilutedEPS": 0.12,
        "ebit": 189.8,
        "equityEarningsAffiliates": 12.8,
        "grossIncome": 778.2,
        "interestExpense": 81.1,
        "interestIncomeExpense": -78.3,
        "minorityInterest": -2.1,
        "netIncome": 37.3,
        "netIncomeAfterTaxes": 26.7,
        "nonRecurringItems": -82.2,
        "period": "2020-06-30",
        "pretaxIncome": 27.5,
        "provisionforIncomeTaxes": 0.8,
        "revenue": 1672,
        "sgaExpense": 588.4,
        "totalOperatingExpense": 588.5,
        "totalOtherIncomeExpenseNet": -1.8
      },
      {
        "costOfGoodsSold": 933.9,
        "dilutedAverageSharesOutstanding": 300.8,
        "dilutedEPS": 0.48,
        "ebit": 315.6,
        "equityEarningsAffiliates": 12.3,
        "grossIncome": 969.7,
        "interestExpense": 81.1,
        "interestIncomeExpense": -78.6,
        "minorityInterest": -7,
        "netIncome": 143.6,
        "netIncomeAfterTaxes": 138.3,
        "nonRecurringItems": -71.6,
        "period": "2020-03-31",
        "pretaxIncome": 153.8,
        "provisionforIncomeTaxes": 15.5,
        "revenue": 1903.6,
        "sgaExpense": 654.1,
        "totalOperatingExpense": 654.1,
        "totalOtherIncomeExpenseNet": -11.5
      },
      {
        "costOfGoodsSold": 1029.1,
        "dilutedAverageSharesOutstanding": 303.5,
        "dilutedEPS": 0.34,
        "ebit": 196.2,
        "equityEarningsAffiliates": 13.5,
        "grossIncome": 958.7,
        "interestExpense": 80.2,
        "interestIncomeExpense": -69.1,
        "minorityInterest": -11.5,
        "netIncome": 102.8,
        "netIncomeAfterTaxes": 100.8,
        "period": "2019-12-31",
        "pretaxIncome": 123.2,
        "provisionforIncomeTaxes": 22.4,
        "revenue": 1987.8,
        "sgaExpense": 762.5,
        "totalOperatingExpense": 762.5,
        "totalOtherIncomeExpenseNet": -3.8
      },
      {
        "costOfGoodsSold": 424.7,
        "dilutedAverageSharesOutstanding": 177.5,
        "dilutedEPS": 0.54,
        "ebit": 174,
        "grossIncome": 681.2,
        "interestExpense": 96,
        "interestIncomeExpense": -84.8,
        "minorityInterest": -10.7,
        "netIncome": 95,
        "netIncomeAfterTaxes": 105.7,
        "period": "2019-09-30",
        "pretaxIncome": 89.1,
        "provisionforIncomeTaxes": -16.6,
        "revenue": 1105.9,
        "sgaExpense": 507.2,
        "totalOperatingExpense": 507.2,
        "totalOtherIncomeExpenseNet": -0.2
      },
      {
        "costOfGoodsSold": 301.1,
        "dilutedAverageSharesOutstanding": 157.3,
        "dilutedEPS": 0.77,
        "ebit": 221.7,
        "grossIncome": 634.1,
        "interestExpense": 65.5,
        "interestIncomeExpense": -59.3,
        "minorityInterest": -9.6,
        "netIncome": 120.5,
        "netIncomeAfterTaxes": 130,
        "period": "2019-06-30",
        "pretaxIncome": 162.3,
        "provisionforIncomeTaxes": 32.2,
        "revenue": 935.2,
        "sgaExpense": 412.4,
        "totalOperatingExpense": 412.3,
        "totalOtherIncomeExpenseNet": -0.1
      },
      {
        "costOfGoodsSold": 304,
        "dilutedAverageSharesOutstanding": 158,
        "dilutedEPS": 0.71,
        "ebit": 199.5,
        "grossIncome": 579,
        "interestExpense": 55.4,
        "interestIncomeExpense": -52.5,
        "minorityInterest": -6.9,
        "netIncome": 112.3,
        "netIncomeAfterTaxes": 119.2,
        "period": "2019-03-31",
        "pretaxIncome": 143.3,
        "provisionforIncomeTaxes": 24.1,
        "revenue": 883,
        "sgaExpense": 379.5,
        "totalOperatingExpense": 379.5,
        "totalOtherIncomeExpenseNet": -3.7
      },
      {
        "costOfGoodsSold": 313.1,
        "dilutedAverageSharesOutstanding": 158.7,
        "dilutedEPS": 0.47,
        "ebit": 188.5,
        "grossIncome": 567.5,
        "interestExpense": 55.5,
        "interestIncomeExpense": -54.1,
        "minorityInterest": -8.1,
        "netIncome": 75.2,
        "netIncomeAfterTaxes": 60,
        "nonRecurringItems": -21.5,
        "period": "2018-12-31",
        "pretaxIncome": 114.4,
        "provisionforIncomeTaxes": 54.3,
        "revenue": 880.6,
        "sgaExpense": 379,
        "totalOperatingExpense": 379,
        "totalOtherIncomeExpenseNet": 1.5
      },
      {
        "costOfGoodsSold": 265,
        "dilutedAverageSharesOutstanding": 158.7,
        "dilutedEPS": 1.11,
        "ebit": 231.4,
        "grossIncome": 592.7,
        "interestExpense": 46,
        "interestIncomeExpense": -44.5,
        "minorityInterest": -9.7,
        "netIncome": 176.4,
        "netIncomeAfterTaxes": 186,
        "nonRecurringItems": -8.2,
        "period": "2018-09-30",
        "pretaxIncome": 179.9,
        "provisionforIncomeTaxes": -6.1,
        "revenue": 857.7,
        "sgaExpense": 361.3,
        "totalOperatingExpense": 361.3,
        "totalOtherIncomeExpenseNet": 1.3
      },
      {
        "costOfGoodsSold": 264.5,
        "dilutedAverageSharesOutstanding": 159.7,
        "dilutedEPS": 0.68,
        "ebit": 198.8,
        "grossIncome": 568.6,
        "interestExpense": 48.1,
        "interestIncomeExpense": -46.6,
        "minorityInterest": -8.7,
        "netIncome": 109.1,
        "netIncomeAfterTaxes": 117.7,
        "nonRecurringItems": -8.1,
        "period": "2018-06-30",
        "pretaxIncome": 145.6,
        "provisionforIncomeTaxes": 27.9,
        "revenue": 833.2,
        "sgaExpense": 369.8,
        "totalOperatingExpense": 369.8,
        "totalOtherIncomeExpenseNet": 1.5
      },
      {
        "costOfGoodsSold": 252.4,
        "dilutedAverageSharesOutstanding": 160,
        "dilutedEPS": 0.57,
        "ebit": 174.5,
        "grossIncome": 542.6,
        "interestExpense": 45.5,
        "interestIncomeExpense": -33.6,
        "minorityInterest": -6.2,
        "netIncome": 91.4,
        "netIncomeAfterTaxes": 97.6,
        "nonRecurringItems": -18.3,
        "period": "2018-03-31",
        "pretaxIncome": 122.3,
        "provisionforIncomeTaxes": 24.7,
        "revenue": 795,
        "sgaExpense": 368.1,
        "totalOperatingExpense": 368.1,
        "totalOtherIncomeExpenseNet": -0.3
      },
      {
        "costOfGoodsSold": 509.1,
        "dilutedAverageSharesOutstanding": 159.9,
        "dilutedEPS": 1.51,
        "ebit": 149.6,
        "grossIncome": 545.2,
        "interestExpense": 44.425,
        "interestIncomeExpense": -41.6,
        "minorityInterest": -8.3,
        "netIncome": 242,
        "netIncomeAfterTaxes": 91.6,
        "period": "2017-12-31",
        "pretaxIncome": 108,
        "provisionforIncomeTaxes": 16.4,
        "revenue": 1054.3,
        "sgaExpense": 395.6,
        "totalOperatingExpense": 395.6
      },
      {
        "costOfGoodsSold": 493.9,
        "dilutedAverageSharesOutstanding": 155.4,
        "dilutedEPS": 0.71,
        "ebit": 172.5,
        "grossIncome": 545,
        "interestExpense": 40.764,
        "interestIncomeExpense": -38.4,
        "minorityInterest": -7.6,
        "netIncome": 110.7,
        "netIncomeAfterTaxes": 118.4,
        "period": "2017-09-30",
        "pretaxIncome": 134.1,
        "provisionforIncomeTaxes": 15.7,
        "revenue": 1038.9,
        "sgaExpense": 372.6,
        "totalOperatingExpense": 372.5
      },
      {
        "costOfGoodsSold": 469.1,
        "dilutedAverageSharesOutstanding": 153.6,
        "dilutedEPS": 0.44,
        "ebit": 131.9,
        "grossIncome": 493.1,
        "interestExpense": 48.361,
        "interestIncomeExpense": -46.5,
        "minorityInterest": -5.5,
        "netIncome": 66.9,
        "netIncomeAfterTaxes": 72.4,
        "period": "2017-06-30",
        "pretaxIncome": 85.3,
        "provisionforIncomeTaxes": 12.9,
        "revenue": 962.2,
        "sgaExpense": 361.2,
        "totalOperatingExpense": 361.3
      },
      {
        "costOfGoodsSold": 455.9,
        "dilutedAverageSharesOutstanding": 153.3,
        "dilutedEPS": 0.32,
        "ebit": 105,
        "grossIncome": 463.8,
        "interestExpense": 41.297,
        "interestIncomeExpense": -39.7,
        "minorityInterest": -4.1,
        "netIncome": 48.8,
        "netIncomeAfterTaxes": 53,
        "period": "2017-03-31",
        "pretaxIncome": 65.3,
        "provisionforIncomeTaxes": 12.3,
        "revenue": 919.8,
        "sgaExpense": 358.9,
        "totalOperatingExpense": 358.9
      },
      {
        "costOfGoodsSold": 468.4,
        "dilutedAverageSharesOutstanding": 154,
        "dilutedEPS": 0.32,
        "ebit": 105.3,
        "grossIncome": 473.4,
        "interestExpense": 52.448,
        "interestIncomeExpense": -51.1,
        "minorityInterest": -3.2,
        "netIncome": 49.5,
        "netIncomeAfterTaxes": 52.6,
        "period": "2016-11-30",
        "pretaxIncome": 54.2,
        "provisionforIncomeTaxes": 1.6,
        "revenue": 941.8,
        "sgaExpense": 368.2,
        "totalOperatingExpense": 368.2
      },
      {
        "costOfGoodsSold": 462.6,
        "dilutedAverageSharesOutstanding": 154.9,
        "dilutedEPS": 0.55,
        "ebit": 121.1,
        "grossIncome": 476.9,
        "interestExpense": 43.077,
        "interestIncomeExpense": -0.6,
        "minorityInterest": -7.4,
        "netIncome": 85.1,
        "netIncomeAfterTaxes": 92.5,
        "period": "2016-08-31",
        "pretaxIncome": 120.5,
        "provisionforIncomeTaxes": 28,
        "revenue": 939.5,
        "sgaExpense": 355.8,
        "totalOperatingExpense": 355.8
      },
      {
        "costOfGoodsSold": 345.7,
        "dilutedAverageSharesOutstanding": 141,
        "dilutedEPS": 0.26,
        "ebit": 56.2,
        "grossIncome": 401.4,
        "interestIncomeExpense": -26.9,
        "minorityInterest": -4,
        "netIncome": 37.2,
        "netIncomeAfterTaxes": 41.2,
        "period": "2016-05-31",
        "pretaxIncome": 29.3,
        "provisionforIncomeTaxes": -11.9,
        "revenue": 747.1,
        "sgaExpense": 345.2,
        "totalOperatingExpense": 345.2
      },
      {
        "costOfGoodsSold": 258.7,
        "dilutedAverageSharesOutstanding": 130.2,
        "dilutedEPS": 0.53,
        "ebit": 107.8,
        "grossIncome": 421.2,
        "interestIncomeExpense": -12.2,
        "minorityInterest": -3.9,
        "netIncome": 69.1,
        "netIncomeAfterTaxes": 72.9,
        "period": "2016-02-29",
        "pretaxIncome": 95.6,
        "provisionforIncomeTaxes": 22.7,
        "revenue": 679.9,
        "sgaExpense": 313.4,
        "totalOperatingExpense": 313.4
      },
      {
        "costOfGoodsSold": 270.6,
        "dilutedAverageSharesOutstanding": 130.4,
        "dilutedEPS": 0.6,
        "ebit": 123.2,
        "grossIncome": 451.8,
        "interestIncomeExpense": -12.8,
        "minorityInterest": -4.3,
        "netIncome": 78.8,
        "netIncomeAfterTaxes": 83.1,
        "period": "2015-11-30",
        "pretaxIncome": 110.3,
        "provisionforIncomeTaxes": 27.3,
        "revenue": 722.4,
        "sgaExpense": 328.6,
        "totalOperatingExpense": 328.6
      },
      {
        "costOfGoodsSold": 272.7,
        "dilutedAverageSharesOutstanding": 131.1,
        "dilutedEPS": 0.66,
        "ebit": 137.8,
        "grossIncome": 476.1,
        "interestExpense": 13.243,
        "interestIncomeExpense": -12.1,
        "minorityInterest": -6.4,
        "netIncome": 86.6,
        "netIncomeAfterTaxes": 93,
        "period": "2015-08-31",
        "pretaxIncome": 125.7,
        "provisionforIncomeTaxes": 32.6,
        "revenue": 748.8,
        "sgaExpense": 338.4,
        "totalOperatingExpense": 338.3
      }
    ],
    "symbol": "GPN"
  }
}