{
  "symbol": "EXC",
  "statement": "ic",
  "frequency": "quarterly",
  "timestamp": "2025-09-19T14:00:08.334533",
  "data": {
    "financials": [
      {
        "costOfGoodsSold": 1896,
        "depreciationAmortization": 902,
        "dilutedAverageSharesOutstanding": 1012,
        "dilutedEPS": 0.3864,
        "ebit": 925,
        "grossIncome": 3531,
        "interestIncomeExpense": -531,
        "netIncome": 391,
        "netIncomeAfterTaxes": 391,
        "nonRecurringItems": 2,
        "operationsMaintenance": 1321,
        "otherOperatingExpensesTotal": 383,
        "period": "2025-06-30",
        "pretaxIncome": 461,
        "provisionforIncomeTaxes": 70,
        "revenue": 5427,
        "totalOperatingExpense": 2606,
        "totalOtherIncomeExpenseNet": 65
      },
      {
        "costOfGoodsSold": 2522,
        "depreciationAmortization": 903,
        "dilutedAverageSharesOutstanding": 1009,
        "dilutedEPS": 0.8999,
        "ebit": 1537,
        "grossIncome": 4192,
        "interestExpense": 510,
        "interestIncomeExpense": -510,
        "netIncome": 908,
        "netIncomeAfterTaxes": 908,
        "nonRecurringItems": -1,
        "operationsMaintenance": 1347,
        "otherOperatingExpensesTotal": 405,
        "period": "2025-03-31",
        "pretaxIncome": 1078,
        "provisionforIncomeTaxes": 170,
        "revenue": 6714,
        "totalOperatingExpense": 2655,
        "totalOtherIncomeExpenseNet": 52
      },
      {
        "costOfGoodsSold": 1899,
        "depreciationAmortization": 913,
        "dilutedAverageSharesOutstanding": 1006,
        "dilutedEPS": 0.6431,
        "ebit": 1098,
        "grossIncome": 3572,
        "interestExpense": 468,
        "interestIncomeExpense": -468,
        "netIncome": 647,
        "netIncomeAfterTaxes": 647,
        "nonRecurringItems": 0,
        "operationsMaintenance": 1184,
        "otherOperatingExpensesTotal": 377,
        "period": "2024-12-31",
        "pretaxIncome": 696,
        "provisionforIncomeTaxes": 49,
        "revenue": 5471,
        "totalOperatingExpense": 2474,
        "totalOtherIncomeExpenseNet": 66
      },
      {
        "costOfGoodsSold": 2383,
        "depreciationAmortization": 908,
        "dilutedAverageSharesOutstanding": 1004,
        "dilutedEPS": 0.7042,
        "ebit": 1193,
        "grossIncome": 3771,
        "interestExpense": 496,
        "interestIncomeExpense": -496,
        "netIncome": 707,
        "netIncomeAfterTaxes": 707,
        "nonRecurringItems": 3,
        "operationsMaintenance": 1275,
        "otherOperatingExpensesTotal": 395,
        "period": "2024-09-30",
        "pretaxIncome": 757,
        "provisionforIncomeTaxes": 50,
        "revenue": 6154,
        "totalOperatingExpense": 2578,
        "totalOtherIncomeExpenseNet": 57
      },
      {
        "costOfGoodsSold": 1992,
        "depreciationAmortization": 894,
        "dilutedAverageSharesOutstanding": 1001,
        "dilutedEPS": 0.45,
        "ebit": 906,
        "grossIncome": 3369,
        "interestExpense": 483,
        "interestIncomeExpense": -483,
        "netIncome": 448,
        "netIncomeAfterTaxes": 448,
        "nonRecurringItems": 7,
        "operationsMaintenance": 1209,
        "otherOperatingExpensesTotal": 360,
        "period": "2024-06-30",
        "pretaxIncome": 494,
        "provisionforIncomeTaxes": 46,
        "revenue": 5361,
        "totalOperatingExpense": 2463,
        "totalOtherIncomeExpenseNet": 64
      },
      {
        "costOfGoodsSold": 2410,
        "depreciationAmortization": 879,
        "dilutedAverageSharesOutstanding": 1001,
        "dilutedEPS": 0.66,
        "ebit": 1112,
        "grossIncome": 3633,
        "interestExpense": 468,
        "interestIncomeExpense": -468,
        "netIncome": 658,
        "netIncomeAfterTaxes": 658,
        "nonRecurringItems": 2,
        "operationsMaintenance": 1271,
        "otherOperatingExpensesTotal": 371,
        "period": "2024-03-31",
        "pretaxIncome": 721,
        "provisionforIncomeTaxes": 63,
        "revenue": 6043,
        "totalOperatingExpense": 2521,
        "totalOtherIncomeExpenseNet": 75
      },
      {
        "costOfGoodsSold": 2026,
        "depreciationAmortization": 890,
        "dilutedAverageSharesOutstanding": 1090,
        "dilutedEPS": 0.5661,
        "ebit": 1082,
        "grossIncome": 3341,
        "interestExpense": 452,
        "interestIncomeExpense": -452,
        "minorityInterest": 0,
        "netIncome": 617,
        "netIncomeAfterTaxes": 617,
        "nonRecurringItems": 10,
        "operationsMaintenance": 1024,
        "otherOperatingExpensesTotal": 345,
        "period": "2023-12-31",
        "pretaxIncome": 717,
        "provisionforIncomeTaxes": 100,
        "revenue": 5367,
        "totalOperatingExpense": 2259,
        "totalOtherIncomeExpenseNet": 77
      },
      {
        "costOfGoodsSold": 2397,
        "depreciationAmortization": 890,
        "dilutedAverageSharesOutstanding": 997,
        "dilutedEPS": 0.7021,
        "ebit": 1123,
        "grossIncome": 3583,
        "interestExpense": 437,
        "interestIncomeExpense": -437,
        "minorityInterest": 0,
        "netIncome": 700,
        "netIncomeAfterTaxes": 700,
        "operationsMaintenance": 1187,
        "otherOperatingExpensesTotal": 383,
        "period": "2023-09-30",
        "pretaxIncome": 767,
        "provisionforIncomeTaxes": 67,
        "revenue": 5980,
        "totalOperatingExpense": 2460,
        "totalOtherIncomeExpenseNet": 81
      },
      {
        "costOfGoodsSold": 1727,
        "depreciationAmortization": 866,
        "dilutedAverageSharesOutstanding": 996,
        "dilutedEPS": 0.3444,
        "ebit": 704,
        "grossIncome": 3091,
        "interestExpense": 427,
        "interestIncomeExpense": -427,
        "minorityInterest": 0,
        "netIncome": 343,
        "netIncomeAfterTaxes": 343,
        "operationsMaintenance": 1197,
        "otherOperatingExpensesTotal": 324,
        "period": "2023-06-30",
        "pretaxIncome": 416,
        "provisionforIncomeTaxes": 73,
        "revenue": 4818,
        "totalOperatingExpense": 2387,
        "totalOtherIncomeExpenseNet": 139
      },
      {
        "costOfGoodsSold": 2091,
        "depreciationAmortization": 860,
        "dilutedAverageSharesOutstanding": 996,
        "dilutedEPS": 0.6717,
        "ebit": 1106,
        "grossIncome": 3472,
        "interestExpense": 412,
        "interestIncomeExpense": -412,
        "minorityInterest": 0,
        "netIncome": 669,
        "netIncomeAfterTaxes": 669,
        "operationsMaintenance": 1151,
        "otherOperatingExpensesTotal": 355,
        "period": "2023-03-31",
        "pretaxIncome": 803,
        "provisionforIncomeTaxes": 134,
        "revenue": 5563,
        "totalOperatingExpense": 2366,
        "totalOtherIncomeExpenseNet": 109
      },
      {
        "costOfGoodsSold": 1538,
        "depreciationAmortization": 853,
        "dilutedAverageSharesOutstanding": 996,
        "dilutedEPS": 0.4337,
        "ebit": 709,
        "grossIncome": 3128,
        "interestExpense": 384,
        "interestIncomeExpense": -384,
        "minorityInterest": 0,
        "netIncome": 432,
        "netIncomeAfterTaxes": 432,
        "nonRecurringItems": 0,
        "operationsMaintenance": 1237,
        "otherOperatingExpensesTotal": 329,
        "period": "2022-12-31",
        "pretaxIncome": 425,
        "provisionforIncomeTaxes": -7,
        "revenue": 4666,
        "totalOperatingExpense": 2419,
        "totalOtherIncomeExpenseNet": 100
      },
      {
        "costOfGoodsSold": 1484,
        "depreciationAmortization": 825,
        "dilutedAverageSharesOutstanding": 989,
        "dilutedEPS": 0.6835,
        "ebit": 1011,
        "grossIncome": 3361,
        "interestExpense": 365,
        "interestIncomeExpense": -365,
        "minorityInterest": 0,
        "netIncome": 676,
        "netIncomeAfterTaxes": 676,
        "nonRecurringItems": 0,
        "operationsMaintenance": 1148,
        "otherOperatingExpensesTotal": 377,
        "period": "2022-09-30",
        "pretaxIncome": 768,
        "provisionforIncomeTaxes": 92,
        "revenue": 4845,
        "totalOperatingExpense": 2350,
        "totalOtherIncomeExpenseNet": 122
      },
      {
        "costOfGoodsSold": 1274,
        "depreciationAmortization": 830,
        "dilutedAverageSharesOutstanding": 982,
        "dilutedEPS": 0.4735,
        "ebit": 696,
        "grossIncome": 2965,
        "interestExpense": 358,
        "interestIncomeExpense": -358,
        "minorityInterest": 0,
        "netIncome": 465,
        "netIncomeAfterTaxes": 465,
        "nonRecurringItems": -2,
        "operationsMaintenance": 1109,
        "otherOperatingExpensesTotal": 330,
        "period": "2022-06-30",
        "pretaxIncome": 511,
        "provisionforIncomeTaxes": 46,
        "revenue": 4239,
        "totalOperatingExpense": 2269,
        "totalOtherIncomeExpenseNet": 175
      },
      {
        "costOfGoodsSold": 2009,
        "depreciationAmortization": 886,
        "dilutedAverageSharesOutstanding": 981,
        "dilutedEPS": 0.6,
        "ebit": 900,
        "grossIncome": 3318,
        "interestExpense": 338,
        "interestIncomeExpense": -338,
        "minorityInterest": -1,
        "netIncome": 597,
        "netIncomeAfterTaxes": 481,
        "operationsMaintenance": 1134,
        "otherOperatingExpensesTotal": 398,
        "period": "2022-03-31",
        "pretaxIncome": 699,
        "provisionforIncomeTaxes": 218,
        "revenue": 5327,
        "totalOperatingExpense": 2418,
        "totalOtherIncomeExpenseNet": 137
      },
      {
        "costOfGoodsSold": 1414,
        "depreciationAmortization": 970,
        "dilutedAverageSharesOutstanding": 983,
        "dilutedEPS": 0.39,
        "ebit": 525,
        "grossIncome": 3010,
        "interestExpense": 322,
        "interestIncomeExpense": -322,
        "minorityInterest": 3,
        "netIncome": 391,
        "netIncomeAfterTaxes": 309,
        "nonRecurringItems": -3,
        "operationsMaintenance": 1076,
        "otherOperatingExpensesTotal": 439,
        "period": "2021-12-31",
        "pretaxIncome": 271,
        "provisionforIncomeTaxes": -38,
        "revenue": 4424,
        "totalOperatingExpense": 2485,
        "totalOtherIncomeExpenseNet": 71
      },
      {
        "costOfGoodsSold": 2762,
        "depreciationAmortization": 1896,
        "dilutedAverageSharesOutstanding": 980,
        "dilutedEPS": 1.2276,
        "ebit": 1793,
        "equityEarningsAffiliates": -3,
        "grossIncome": 6148,
        "interestExpense": 324,
        "interestIncomeExpense": -397,
        "minorityInterest": -26,
        "netIncome": 1203,
        "netIncomeAfterTaxes": 1232,
        "nonRecurringItems": 65,
        "operationsMaintenance": 1864,
        "otherOperatingExpensesTotal": 595,
        "period": "2021-09-30",
        "pretaxIncome": 1406,
        "provisionforIncomeTaxes": 174,
        "revenue": 8910,
        "totalOperatingExpense": 4355,
        "totalOtherIncomeExpenseNet": -55
      },
      {
        "costOfGoodsSold": 1039,
        "depreciationAmortization": 1018,
        "dilutedAverageSharesOutstanding": 979,
        "dilutedEPS": 0.4,
        "ebit": 576,
        "grossIncome": 2981,
        "interestExpense": 324,
        "interestIncomeExpense": -324,
        "minorityInterest": -75,
        "netIncome": 401,
        "netIncomeAfterTaxes": 326,
        "nonRecurringItems": 4,
        "operationsMaintenance": 945,
        "otherOperatingExpensesTotal": 442,
        "period": "2021-06-30",
        "pretaxIncome": 329,
        "provisionforIncomeTaxes": 3,
        "revenue": 4020,
        "totalOperatingExpense": 2405,
        "totalOtherIncomeExpenseNet": 73
      },
      {
        "costOfGoodsSold": 5688,
        "depreciationAmortization": 1977,
        "dilutedAverageSharesOutstanding": 977,
        "dilutedEPS": -0.3,
        "ebit": -192,
        "equityEarningsAffiliates": -1,
        "grossIncome": 4202,
        "interestExpense": 318,
        "interestIncomeExpense": -386,
        "minorityInterest": -25,
        "netIncome": -289,
        "netIncomeAfterTaxes": -263,
        "nonRecurringItems": 71,
        "operationsMaintenance": 1852,
        "otherOperatingExpensesTotal": 565,
        "period": "2021-03-31",
        "pretaxIncome": -282,
        "provisionforIncomeTaxes": -19,
        "revenue": 9890,
        "totalOperatingExpense": 4394,
        "totalOtherIncomeExpenseNet": 225
      },
      {
        "costOfGoodsSold": 3417,
        "depreciationAmortization": 1983,
        "dilutedAverageSharesOutstanding": 980,
        "dilutedEPS": 0.37,
        "ebit": 261,
        "equityEarningsAffiliates": -1,
        "grossIncome": 4697,
        "interestExpense": 66,
        "interestIncomeExpense": -394,
        "minorityInterest": -76,
        "netIncome": 359,
        "netIncomeAfterTaxes": 436,
        "nonRecurringItems": 8,
        "operationsMaintenance": 1913,
        "otherOperatingExpensesTotal": 540,
        "period": "2020-12-31",
        "pretaxIncome": 668,
        "provisionforIncomeTaxes": 232,
        "revenue": 8114,
        "totalOperatingExpense": 4436,
        "totalOtherIncomeExpenseNet": 793
      },
      {
        "costOfGoodsSold": 3353,
        "depreciationAmortization": 1550,
        "dilutedAverageSharesOutstanding": 977,
        "dilutedEPS": 0.51,
        "ebit": 766,
        "equityEarningsAffiliates": -1,
        "grossIncome": 5500,
        "interestExpense": 404,
        "interestIncomeExpense": -404,
        "minorityInterest": -68,
        "netIncome": 501,
        "netIncomeAfterTaxes": 570,
        "nonRecurringItems": 3,
        "operationsMaintenance": 2604,
        "otherOperatingExpensesTotal": 580,
        "period": "2020-09-30",
        "pretaxIncome": 786,
        "provisionforIncomeTaxes": 216,
        "revenue": 8853,
        "totalOperatingExpense": 4734,
        "totalOtherIncomeExpenseNet": 421
      },
      {
        "costOfGoodsSold": 2686,
        "depreciationAmortization": 1240,
        "dilutedAverageSharesOutstanding": 976,
        "dilutedEPS": 0.53,
        "ebit": 553,
        "equityEarningsAffiliates": -1,
        "grossIncome": 4636,
        "interestExpense": 427,
        "interestIncomeExpense": -427,
        "minorityInterest": -53,
        "netIncome": 521,
        "netIncomeAfterTaxes": 575,
        "nonRecurringItems": 12,
        "operationsMaintenance": 2310,
        "otherOperatingExpensesTotal": 533,
        "period": "2020-06-30",
        "pretaxIncome": 794,
        "provisionforIncomeTaxes": 219,
        "revenue": 7322,
        "totalOperatingExpense": 4083,
        "totalOtherIncomeExpenseNet": 656
      },
      {
        "costOfGoodsSold": 3634,
        "depreciationAmortization": 1254,
        "dilutedAverageSharesOutstanding": 976,
        "dilutedEPS": 0.6,
        "ebit": 1218,
        "equityEarningsAffiliates": -3,
        "grossIncome": 5113,
        "interestExpense": 410,
        "interestIncomeExpense": -410,
        "minorityInterest": 206,
        "netIncome": 582,
        "netIncomeAfterTaxes": 379,
        "nonRecurringItems": 2,
        "operationsMaintenance": 2080,
        "otherOperatingExpensesTotal": 561,
        "period": "2020-03-31",
        "pretaxIncome": 85,
        "provisionforIncomeTaxes": -294,
        "revenue": 8747,
        "totalOperatingExpense": 3895,
        "totalOtherIncomeExpenseNet": -725
      },
      {
        "costOfGoodsSold": 3514,
        "depreciationAmortization": 1267,
        "dilutedAverageSharesOutstanding": 977,
        "dilutedEPS": 0.79,
        "ebit": 949,
        "equityEarningsAffiliates": -1,
        "grossIncome": 4828,
        "interestExpense": 395,
        "interestIncomeExpense": -395,
        "minorityInterest": -36,
        "netIncome": 772,
        "netIncomeAfterTaxes": 809,
        "nonRecurringItems": 13,
        "operationsMaintenance": 2076,
        "otherOperatingExpensesTotal": 536,
        "period": "2019-12-31",
        "pretaxIncome": 957,
        "provisionforIncomeTaxes": 148,
        "revenue": 8342,
        "totalOperatingExpense": 3879,
        "totalOtherIncomeExpenseNet": 390
      },
      {
        "costOfGoodsSold": 3685,
        "depreciationAmortization": 1350,
        "dilutedAverageSharesOutstanding": 974,
        "dilutedEPS": 0.79,
        "ebit": 1370,
        "equityEarningsAffiliates": -170,
        "grossIncome": 5244,
        "interestExpense": 409,
        "interestIncomeExpense": -409,
        "minorityInterest": 12,
        "netIncome": 772,
        "netIncomeAfterTaxes": 930,
        "nonRecurringItems": -17,
        "operationsMaintenance": 1951,
        "otherOperatingExpensesTotal": 573,
        "period": "2019-09-30",
        "pretaxIncome": 1102,
        "provisionforIncomeTaxes": 172,
        "revenue": 8929,
        "totalOperatingExpense": 3874,
        "totalOtherIncomeExpenseNet": 158
      },
      {
        "costOfGoodsSold": 2968,
        "depreciationAmortization": 1336,
        "dilutedAverageSharesOutstanding": 974,
        "dilutedEPS": 0.5,
        "ebit": 808,
        "equityEarningsAffiliates": -6,
        "grossIncome": 4721,
        "interestExpense": 409,
        "interestIncomeExpense": -409,
        "minorityInterest": -10,
        "netIncome": 484,
        "netIncomeAfterTaxes": 500,
        "nonRecurringItems": 33,
        "operationsMaintenance": 2033,
        "otherOperatingExpensesTotal": 544,
        "period": "2019-06-30",
        "pretaxIncome": 644,
        "provisionforIncomeTaxes": 144,
        "revenue": 7689,
        "totalOperatingExpense": 3913,
        "totalOtherIncomeExpenseNet": 212
      },
      {
        "costOfGoodsSold": 4292,
        "depreciationAmortization": 1336,
        "dilutedAverageSharesOutstanding": 972,
        "dilutedEPS": 0.93,
        "ebit": 1215,
        "equityEarningsAffiliates": -6,
        "grossIncome": 5185,
        "interestExpense": 403,
        "interestIncomeExpense": -403,
        "minorityInterest": -59,
        "netIncome": 907,
        "netIncomeAfterTaxes": 972,
        "nonRecurringItems": 3,
        "operationsMaintenance": 2065,
        "otherOperatingExpensesTotal": 569,
        "period": "2019-03-31",
        "pretaxIncome": 1282,
        "provisionforIncomeTaxes": 310,
        "revenue": 9477,
        "totalOperatingExpense": 3970,
        "totalOtherIncomeExpenseNet": 467
      },
      {
        "costOfGoodsSold": 4027,
        "depreciationAmortization": 1338,
        "dilutedAverageSharesOutstanding": 969,
        "dilutedEPS": 0.15,
        "ebit": 701,
        "equityEarningsAffiliates": -6,
        "grossIncome": 4781,
        "interestExpense": 416,
        "interestIncomeExpense": -416,
        "minorityInterest": 47,
        "netIncome": 147,
        "netIncomeAfterTaxes": 106,
        "nonRecurringItems": 1,
        "operationsMaintenance": 2179,
        "otherOperatingExpensesTotal": 563,
        "period": "2018-12-31",
        "pretaxIncome": -38,
        "provisionforIncomeTaxes": -144,
        "revenue": 8808,
        "totalOperatingExpense": 4080,
        "totalOtherIncomeExpenseNet": -324
      },
      {
        "costOfGoodsSold": 4051,
        "depreciationAmortization": 1388,
        "dilutedAverageSharesOutstanding": 970,
        "dilutedEPS": 0.76,
        "ebit": 1151,
        "equityEarningsAffiliates": -10,
        "grossIncome": 5352,
        "interestExpense": 393,
        "interestIncomeExpense": -393,
        "minorityInterest": -67,
        "netIncome": 733,
        "netIncomeAfterTaxes": 810,
        "nonRecurringItems": -5,
        "operationsMaintenance": 2221,
        "otherOperatingExpensesTotal": 592,
        "period": "2018-09-30",
        "pretaxIncome": 947,
        "provisionforIncomeTaxes": 137,
        "revenue": 9403,
        "totalOperatingExpense": 4201,
        "totalOtherIncomeExpenseNet": 194
      },
      {
        "costOfGoodsSold": 3026,
        "depreciationAmortization": 1377,
        "dilutedAverageSharesOutstanding": 969,
        "dilutedEPS": 0.56,
        "ebit": 938,
        "equityEarningsAffiliates": -5,
        "grossIncome": 5050,
        "interestExpense": 373,
        "interestIncomeExpense": -373,
        "minorityInterest": -3,
        "netIncome": 539,
        "netIncomeAfterTaxes": 547,
        "nonRecurringItems": 4,
        "operationsMaintenance": 2185,
        "otherOperatingExpensesTotal": 550,
        "period": "2018-06-30",
        "pretaxIncome": 613,
        "provisionforIncomeTaxes": 66,
        "revenue": 8076,
        "totalOperatingExpense": 4112,
        "totalOtherIncomeExpenseNet": 44
      },
      {
        "costOfGoodsSold": 4437,
        "depreciationAmortization": 1381,
        "dilutedAverageSharesOutstanding": 968,
        "dilutedEPS": 0.6,
        "ebit": 1045,
        "equityEarningsAffiliates": -7,
        "grossIncome": 5256,
        "interestExpense": 371,
        "interestIncomeExpense": -371,
        "minorityInterest": -51,
        "netIncome": 585,
        "netIncomeAfterTaxes": 643,
        "nonRecurringItems": 56,
        "operationsMaintenance": 2264,
        "otherOperatingExpensesTotal": 566,
        "period": "2018-03-31",
        "pretaxIncome": 702,
        "provisionforIncomeTaxes": 59,
        "revenue": 9693,
        "totalOperatingExpense": 4211,
        "totalOtherIncomeExpenseNet": -28
      },
      {
        "costOfGoodsSold": 3212,
        "depreciationAmortization": 1310,
        "dilutedAverageSharesOutstanding": 967,
        "dilutedEPS": 1.94,
        "ebit": 1071,
        "equityEarningsAffiliates": -7,
        "grossIncome": 5166,
        "interestExpense": 366,
        "interestIncomeExpense": -366,
        "minorityInterest": -69,
        "netIncome": 1872,
        "netIncomeAfterTaxes": 1948,
        "nonRecurringItems": 212,
        "operationsMaintenance": 2249,
        "otherOperatingExpensesTotal": 536,
        "period": "2017-12-31",
        "pretaxIncome": 1221,
        "provisionforIncomeTaxes": -727,
        "revenue": 8378,
        "totalOperatingExpense": 4095,
        "totalOtherIncomeExpenseNet": 304
      },
      {
        "costOfGoodsSold": 3256,
        "depreciationAmortization": 1289,
        "dilutedAverageSharesOutstanding": 965,
        "dilutedEPS": 0.85,
        "ebit": 1500,
        "equityEarningsAffiliates": -7,
        "grossIncome": 5512,
        "interestExpense": 386,
        "interestIncomeExpense": -386,
        "minorityInterest": -42,
        "netIncome": 823,
        "netIncomeAfterTaxes": 872,
        "nonRecurringItems": -1,
        "operationsMaintenance": 2156,
        "otherOperatingExpensesTotal": 567,
        "period": "2017-09-30",
        "pretaxIncome": 1323,
        "provisionforIncomeTaxes": 451,
        "revenue": 8768,
        "totalOperatingExpense": 4012,
        "totalOtherIncomeExpenseNet": 210
      },
      {
        "costOfGoodsSold": 2803,
        "depreciationAmortization": 1198,
        "dilutedAverageSharesOutstanding": 936,
        "dilutedEPS": 0.1,
        "ebit": 299,
        "equityEarningsAffiliates": -9,
        "grossIncome": 4862,
        "interestExpense": 436,
        "interestIncomeExpense": -436,
        "minorityInterest": 1,
        "netIncome": 95,
        "netIncomeAfterTaxes": 103,
        "nonRecurringItems": 1,
        "operationsMaintenance": 2826,
        "otherOperatingExpensesTotal": 539,
        "period": "2017-06-30",
        "pretaxIncome": 41,
        "provisionforIncomeTaxes": -62,
        "revenue": 7665,
        "totalOperatingExpense": 4563,
        "totalOtherIncomeExpenseNet": 177
      },
      {
        "costOfGoodsSold": 3633,
        "depreciationAmortization": 1162,
        "dilutedAverageSharesOutstanding": 930,
        "dilutedEPS": 1.06,
        "ebit": 1304,
        "equityEarningsAffiliates": -10,
        "grossIncome": 5114,
        "interestExpense": 373,
        "interestIncomeExpense": -373,
        "minorityInterest": 19,
        "netIncome": 990,
        "netIncomeAfterTaxes": 981,
        "nonRecurringItems": 4,
        "operationsMaintenance": 2326,
        "otherOperatingExpensesTotal": 322,
        "period": "2017-03-31",
        "pretaxIncome": 1192,
        "provisionforIncomeTaxes": 211,
        "revenue": 8747,
        "totalOperatingExpense": 3810,
        "totalOtherIncomeExpenseNet": 257
      },
      {
        "costOfGoodsSold": 3178,
        "depreciationAmortization": 1115,
        "dilutedAverageSharesOutstanding": 930,
        "dilutedEPS": 0.21,
        "ebit": 902,
        "equityEarningsAffiliates": -8,
        "grossIncome": 4702,
        "interestExpense": 357,
        "interestIncomeExpense": -357,
        "minorityInterest": -49,
        "netIncome": 191,
        "netIncomeAfterTaxes": 248,
        "nonRecurringItems": -89,
        "operationsMaintenance": 2277,
        "otherOperatingExpensesTotal": 408,
        "period": "2016-12-31",
        "pretaxIncome": 376,
        "provisionforIncomeTaxes": 128,
        "revenue": 7880,
        "totalOperatingExpense": 3800,
        "totalOtherIncomeExpenseNet": -80
      },
      {
        "costOfGoodsSold": 3754,
        "depreciationAmortization": 1195,
        "dilutedAverageSharesOutstanding": 927,
        "dilutedEPS": 0.53,
        "ebit": 1266,
        "equityEarningsAffiliates": -5,
        "grossIncome": 5248,
        "interestExpense": 516,
        "interestIncomeExpense": -516,
        "minorityInterest": -36,
        "netIncome": 490,
        "netIncomeAfterTaxes": 531,
        "nonRecurringItems": 1,
        "operationsMaintenance": 2338,
        "otherOperatingExpensesTotal": 449,
        "period": "2016-09-30",
        "pretaxIncome": 871,
        "provisionforIncomeTaxes": 340,
        "revenue": 9002,
        "totalOperatingExpense": 3982,
        "totalOtherIncomeExpenseNet": 120
      },
      {
        "costOfGoodsSold": 2454,
        "depreciationAmortization": 941,
        "dilutedAverageSharesOutstanding": 926,
        "dilutedEPS": 0.29,
        "ebit": 616,
        "equityEarningsAffiliates": -7,
        "grossIncome": 4456,
        "interestExpense": 376,
        "interestIncomeExpense": -376,
        "minorityInterest": -39,
        "netIncome": 267,
        "netIncomeAfterTaxes": 313,
        "nonRecurringItems": 31,
        "operationsMaintenance": 2505,
        "otherOperatingExpensesTotal": 394,
        "period": "2016-06-30",
        "pretaxIncome": 415,
        "provisionforIncomeTaxes": 102,
        "revenue": 6910,
        "totalOperatingExpense": 3840,
        "totalOtherIncomeExpenseNet": 144
      },
      {
        "costOfGoodsSold": 3254,
        "depreciationAmortization": 685,
        "dilutedAverageSharesOutstanding": 925,
        "dilutedEPS": 0.19,
        "ebit": 474,
        "equityEarningsAffiliates": -3,
        "grossIncome": 4319,
        "interestExpense": 287,
        "interestIncomeExpense": -287,
        "minorityInterest": 50,
        "netIncome": 173,
        "netIncomeAfterTaxes": 126,
        "nonRecurringItems": 9,
        "operationsMaintenance": 2835,
        "otherOperatingExpensesTotal": 325,
        "period": "2016-03-31",
        "pretaxIncome": 310,
        "provisionforIncomeTaxes": 184,
        "revenue": 7573,
        "totalOperatingExpense": 3845,
        "totalOtherIncomeExpenseNet": 114
      },
      {
        "costOfGoodsSold": 2874,
        "depreciationAmortization": 632,
        "dilutedAverageSharesOutstanding": 923,
        "dilutedEPS": 0.34,
        "ebit": 700,
        "equityEarningsAffiliates": -4,
        "grossIncome": 3827,
        "interestExpense": 278,
        "interestIncomeExpense": -278,
        "minorityInterest": 19,
        "netIncome": 310,
        "netIncomeAfterTaxes": 295,
        "nonRecurringItems": 8,
        "operationsMaintenance": 2203,
        "otherOperatingExpensesTotal": 292,
        "period": "2015-12-31",
        "pretaxIncome": 563,
        "provisionforIncomeTaxes": 268,
        "revenue": 6701,
        "totalOperatingExpense": 3127,
        "totalOtherIncomeExpenseNet": 133
      },
      {
        "costOfGoodsSold": 3291,
        "depreciationAmortization": 606,
        "dilutedAverageSharesOutstanding": 915,
        "dilutedEPS": 0.69,
        "ebit": 1198,
        "equityEarningsAffiliates": -1,
        "grossIncome": 4110,
        "interestExpense": 253,
        "interestIncomeExpense": -253,
        "minorityInterest": 42,
        "netIncome": 629,
        "netIncomeAfterTaxes": 588,
        "nonRecurringItems": 2,
        "operationsMaintenance": 1996,
        "otherOperatingExpensesTotal": 310,
        "period": "2015-09-30",
        "pretaxIncome": 703,
        "provisionforIncomeTaxes": 115,
        "revenue": 7401,
        "totalOperatingExpense": 2912,
        "totalOtherIncomeExpenseNet": -244
      }
    ],
    "symbol": "EXC"
  }
}