{
  "symbol": "EQIX",
  "statement": "ic",
  "frequency": "annual",
  "timestamp": "2025-09-19T13:59:55.493165",
  "data": {
    "financials": [
      {
        "costOfGoodsSold": 4467,
        "dilutedAverageSharesOutstanding": 95.827,
        "dilutedEPS": 8.5049,
        "ebit": 1624,
        "grossIncome": 4281,
        "interestExpense": 457,
        "interestIncomeExpense": -320,
        "minorityInterest": 1,
        "netIncome": 815,
        "netIncomeAfterTaxes": 814,
        "nonRecurringItems": -312,
        "period": "2024-12-31",
        "pretaxIncome": 975,
        "provisionforIncomeTaxes": 161,
        "revenue": 8748,
        "sgaExpense": 2657,
        "totalOperatingExpense": 2657,
        "totalOtherIncomeExpenseNet": -17,
        "year": 2024
      },
      {
        "costOfGoodsSold": 4227.658,
        "dilutedAverageSharesOutstanding": 94.009,
        "dilutedEPS": 10.3094,
        "ebit": 1450.64,
        "grossIncome": 3960.478,
        "interestExpense": 402.022,
        "interestIncomeExpense": -307.795,
        "minorityInterest": 0.198,
        "netIncome": 969.178,
        "netIncomeAfterTaxes": 968.98,
        "nonRecurringItems": -7.401,
        "period": "2023-12-31",
        "pretaxIncome": 1124.23,
        "provisionforIncomeTaxes": 155.25,
        "revenue": 8188.136,
        "sgaExpense": 2509.838,
        "totalOperatingExpense": 2509.838,
        "totalOtherIncomeExpenseNet": -11.214,
        "year": 2023
      },
      {
        "costOfGoodsSold": 3751.5,
        "dilutedAverageSharesOutstanding": 91.8,
        "dilutedEPS": 7.67,
        "ebit": 1226.4,
        "grossIncome": 3511.6,
        "interestExpense": 356.337,
        "interestIncomeExpense": -320.1,
        "minorityInterest": -0.2,
        "netIncome": 704.3,
        "netIncomeAfterTaxes": 704.6,
        "nonRecurringItems": -25.5,
        "period": "2022-12-31",
        "pretaxIncome": 829.4,
        "provisionforIncomeTaxes": 124.8,
        "revenue": 7263.1,
        "sgaExpense": 2285.3,
        "totalOperatingExpense": 2285.3,
        "totalOtherIncomeExpenseNet": -51.4,
        "year": 2022
      },
      {
        "costOfGoodsSold": 3472.4,
        "dilutedAverageSharesOutstanding": 90.4,
        "dilutedEPS": 5.53,
        "ebit": 1120,
        "grossIncome": 3163.1,
        "interestExpense": 336.082,
        "interestIncomeExpense": -333.4,
        "minorityInterest": 0.5,
        "netIncome": 500.2,
        "netIncomeAfterTaxes": 499.7,
        "nonRecurringItems": -127,
        "period": "2021-12-31",
        "pretaxIncome": 609,
        "provisionforIncomeTaxes": 109.2,
        "revenue": 6635.5,
        "sgaExpense": 2043,
        "totalOperatingExpense": 2043.1,
        "totalOtherIncomeExpenseNet": -50.6,
        "year": 2021
      },
      {
        "costOfGoodsSold": 3074.3,
        "dilutedAverageSharesOutstanding": 88.4,
        "dilutedEPS": 4.18,
        "ebit": 1114.8,
        "grossIncome": 2924.2,
        "interestExpense": 406.466,
        "interestIncomeExpense": -397.8,
        "minorityInterest": -0.3,
        "netIncome": 369.8,
        "netIncomeAfterTaxes": 370.1,
        "nonRecurringItems": -207.7,
        "period": "2020-12-31",
        "pretaxIncome": 516.2,
        "provisionforIncomeTaxes": 146.2,
        "revenue": 5998.5,
        "sgaExpense": 1809.3,
        "totalOperatingExpense": 1809.4,
        "totalOtherIncomeExpenseNet": 6.9,
        "year": 2020
      },
      {
        "costOfGoodsSold": 2810.2,
        "dilutedAverageSharesOutstanding": 84.7,
        "dilutedEPS": 5.99,
        "ebit": 1165.9,
        "grossIncome": 2752,
        "interestExpense": 479.684,
        "interestIncomeExpense": -415.1,
        "minorityInterest": 0.2,
        "netIncome": 507.5,
        "netIncomeAfterTaxes": 507.2,
        "nonRecurringItems": -49.1,
        "period": "2019-12-31",
        "pretaxIncome": 692.6,
        "provisionforIncomeTaxes": 185.4,
        "revenue": 5562.1,
        "sgaExpense": 1586.1,
        "totalOperatingExpense": 1586,
        "totalOtherIncomeExpenseNet": -9.2,
        "year": 2019
      },
      {
        "costOfGoodsSold": 2605.5,
        "dilutedAverageSharesOutstanding": 80.2,
        "dilutedEPS": 4.55,
        "ebit": 1005.8,
        "grossIncome": 2466.2,
        "interestExpense": 521.494,
        "interestIncomeExpense": -507,
        "minorityInterest": 0,
        "netIncome": 365.4,
        "netIncomeAfterTaxes": 358.9,
        "nonRecurringItems": -79.8,
        "period": "2018-12-31",
        "pretaxIncome": 433,
        "provisionforIncomeTaxes": 74.2,
        "revenue": 5071.7,
        "sgaExpense": 1460.4,
        "totalOperatingExpense": 1460.3,
        "totalOtherIncomeExpenseNet": 14,
        "year": 2018
      },
      {
        "costOfGoodsSold": 2193.1,
        "dilutedAverageSharesOutstanding": 77.5,
        "dilutedEPS": 3,
        "ebit": 847.6,
        "grossIncome": 2175.3,
        "interestExpense": 478.698,
        "interestIncomeExpense": -465.6,
        "netIncome": 233,
        "netIncomeAfterTaxes": 44.5,
        "nonRecurringItems": -104.4,
        "period": "2017-12-31",
        "pretaxIncome": 286.8,
        "provisionforIncomeTaxes": 242.3,
        "revenue": 4368.4,
        "sgaExpense": 1327.6,
        "totalOperatingExpense": 1327.7,
        "totalOtherIncomeExpenseNet": 9.2,
        "year": 2017
      },
      {
        "costOfGoodsSold": 1820.9,
        "dilutedAverageSharesOutstanding": 70.8,
        "dilutedEPS": 1.79,
        "ebit": 657.9,
        "grossIncome": 1791.1,
        "interestExpense": 392.156,
        "interestIncomeExpense": -388.7,
        "minorityInterest": 0,
        "netIncome": 126.8,
        "netIncomeAfterTaxes": 114.4,
        "nonRecurringItems": -51.4,
        "period": "2016-12-31",
        "pretaxIncome": 159.9,
        "provisionforIncomeTaxes": 45.5,
        "revenue": 3612,
        "sgaExpense": 1133.3,
        "totalOperatingExpense": 1133.2,
        "totalOtherIncomeExpenseNet": -57.9,
        "year": 2016
      },
      {
        "costOfGoodsSold": 1291.5,
        "dilutedAverageSharesOutstanding": 58.5,
        "dilutedEPS": 3.21,
        "ebit": 609.1,
        "grossIncome": 1434.4,
        "interestExpense": 299.055,
        "interestIncomeExpense": -295.5,
        "minorityInterest": 0,
        "netIncome": 187.8,
        "netIncomeAfterTaxes": 187.8,
        "nonRecurringItems": -42,
        "period": "2015-12-31",
        "pretaxIncome": 211,
        "provisionforIncomeTaxes": 23.2,
        "revenue": 2725.9,
        "sgaExpense": 825.3,
        "totalOperatingExpense": 825.3,
        "totalOtherIncomeExpenseNet": -60.6,
        "year": 2015
      }
    ],
    "symbol": "EQIX"
  }
}