{
  "symbol": "TRMB",
  "statement": "ic",
  "frequency": "quarterly",
  "timestamp": "2025-09-19T14:07:45.181414",
  "data": {
    "financials": [
      {
        "costOfGoodsSold": 277.8,
        "depreciationAmortization": 26.8,
        "dilutedAverageSharesOutstanding": 239.6,
        "dilutedEPS": 0.3723,
        "ebit": 131.8,
        "grossIncome": 597.9,
        "interestExpense": 19.4,
        "interestIncomeExpense": -17.1,
        "netIncome": 89.2,
        "netIncomeAfterTaxes": 89.2,
        "nonRecurringItems": -1.4,
        "period": "2025-07-04",
        "pretaxIncome": 113.3,
        "provisionforIncomeTaxes": 24.1,
        "researchDevelopment": 163.3,
        "revenue": 875.7,
        "sgaExpense": 276,
        "totalOperatingExpense": 466.1,
        "totalOtherIncomeExpenseNet": 0
      },
      {
        "costOfGoodsSold": 279.8,
        "depreciationAmortization": 25.6,
        "dilutedAverageSharesOutstanding": 246.2,
        "dilutedEPS": 0.2709,
        "ebit": 102,
        "grossIncome": 560.8,
        "interestExpense": 15.6,
        "interestIncomeExpense": -14.6,
        "netIncome": 66.7,
        "netIncomeAfterTaxes": 66.7,
        "nonRecurringItems": -4.5,
        "period": "2025-04-04",
        "pretaxIncome": 86.4,
        "provisionforIncomeTaxes": 19.7,
        "researchDevelopment": 158.5,
        "revenue": 840.6,
        "sgaExpense": 274.7,
        "totalOperatingExpense": 458.8,
        "totalOtherIncomeExpenseNet": 3.5
      },
      {
        "costOfGoodsSold": 302.2,
        "depreciationAmortization": 26,
        "dilutedAverageSharesOutstanding": 248.1,
        "dilutedEPS": 0.3636,
        "ebit": 175.3,
        "grossIncome": 681.2,
        "interestExpense": 13.3,
        "interestIncomeExpense": -70.7,
        "netIncome": 90.2,
        "netIncomeAfterTaxes": 90.2,
        "nonRecurringItems": -8.9,
        "period": "2025-01-03",
        "pretaxIncome": 97.8,
        "provisionforIncomeTaxes": 7.6,
        "researchDevelopment": 175,
        "revenue": 983.4,
        "sgaExpense": 304.9,
        "totalOperatingExpense": 505.9,
        "totalOtherIncomeExpenseNet": 2.1
      },
      {
        "costOfGoodsSold": 300.2,
        "depreciationAmortization": 26.5,
        "dilutedAverageSharesOutstanding": 246.9,
        "dilutedEPS": 0.1644,
        "ebit": 118.8,
        "grossIncome": 575.6,
        "interestExpense": 14.1,
        "interestIncomeExpense": -14.7,
        "netIncome": 40.6,
        "netIncomeAfterTaxes": 40.6,
        "nonRecurringItems": -25,
        "period": "2024-09-30",
        "pretaxIncome": 73.1,
        "provisionforIncomeTaxes": 32.5,
        "researchDevelopment": 155.6,
        "revenue": 875.8,
        "sgaExpense": 274.7,
        "totalOperatingExpense": 456.8,
        "totalOtherIncomeExpenseNet": -6
      },
      {
        "costOfGoodsSold": 324.9,
        "depreciationAmortization": 26.5,
        "dilutedAverageSharesOutstanding": 246.4,
        "dilutedEPS": 5.3425,
        "ebit": 66.7,
        "grossIncome": 545.9,
        "interestExpense": 18.1,
        "interestIncomeExpense": -13.8,
        "netIncome": 1316.4,
        "netIncomeAfterTaxes": 1316.4,
        "nonRecurringItems": 1709,
        "period": "2024-06-30",
        "pretaxIncome": 1762,
        "provisionforIncomeTaxes": 445.6,
        "researchDevelopment": 161.5,
        "revenue": 870.8,
        "sgaExpense": 291.2,
        "totalOperatingExpense": 479.2,
        "totalOtherIncomeExpenseNet": 0.1
      },
      {
        "costOfGoodsSold": 359.7,
        "depreciationAmortization": 26.7,
        "dilutedAverageSharesOutstanding": 247.4,
        "dilutedEPS": 0.2312,
        "ebit": 115.8,
        "grossIncome": 593.6,
        "interestExpense": 45.2,
        "interestIncomeExpense": -39.6,
        "netIncome": 57.2,
        "netIncomeAfterTaxes": 57.2,
        "nonRecurringItems": -3.1,
        "period": "2024-03-31",
        "pretaxIncome": 73,
        "provisionforIncomeTaxes": 15.8,
        "researchDevelopment": 170.2,
        "revenue": 953.3,
        "sgaExpense": 280.9,
        "totalOperatingExpense": 477.8,
        "totalOtherIncomeExpenseNet": -0.1
      },
      {
        "costOfGoodsSold": 355.1,
        "depreciationAmortization": 28.8,
        "dilutedAverageSharesOutstanding": 249.1,
        "dilutedEPS": 0.2529,
        "ebit": 116.4,
        "grossIncome": 577.3,
        "interestExpense": 47.8,
        "interestIncomeExpense": -44.3,
        "minorityInterest": 0,
        "netIncome": 63,
        "netIncomeAfterTaxes": 63,
        "nonRecurringItems": -20.9,
        "period": "2023-12-29",
        "pretaxIncome": 59.5,
        "provisionforIncomeTaxes": -3.5,
        "researchDevelopment": 167.7,
        "revenue": 932.4,
        "sgaExpense": 264.4,
        "totalOperatingExpense": 460.9,
        "totalOtherIncomeExpenseNet": 8.3
      },
      {
        "costOfGoodsSold": 367.1,
        "depreciationAmortization": 31.2,
        "dilutedAverageSharesOutstanding": 249.7,
        "dilutedEPS": 0.3,
        "ebit": 133.1,
        "grossIncome": 590.2,
        "interestExpense": 46.8,
        "interestIncomeExpense": -41.6,
        "netIncome": 74.9,
        "netIncomeAfterTaxes": 74.9,
        "nonRecurringItems": -6.3,
        "period": "2023-09-29",
        "pretaxIncome": 79.4,
        "provisionforIncomeTaxes": 4.5,
        "researchDevelopment": 162.5,
        "revenue": 957.3,
        "sgaExpense": 263.4,
        "totalOperatingExpense": 457.1,
        "totalOtherIncomeExpenseNet": -5.8
      },
      {
        "costOfGoodsSold": 389.1,
        "depreciationAmortization": 31.9,
        "dilutedAverageSharesOutstanding": 249,
        "dilutedEPS": 0.18,
        "ebit": 101.2,
        "grossIncome": 604.5,
        "interestExpense": 46.7,
        "interestIncomeExpense": -38.7,
        "netIncome": 44.6,
        "netIncomeAfterTaxes": 44.6,
        "nonRecurringItems": -6.5,
        "period": "2023-06-30",
        "pretaxIncome": 57.5,
        "provisionforIncomeTaxes": 12.9,
        "researchDevelopment": 174.8,
        "revenue": 993.6,
        "sgaExpense": 296.6,
        "totalOperatingExpense": 503.3,
        "totalOtherIncomeExpenseNet": 1.5
      },
      {
        "costOfGoodsSold": 354.6,
        "depreciationAmortization": 11.7,
        "dilutedAverageSharesOutstanding": 248.7,
        "dilutedEPS": 0.52,
        "ebit": 143.7,
        "grossIncome": 560.8,
        "interestExpense": 19.7,
        "interestIncomeExpense": -8.3,
        "netIncome": 128.8,
        "netIncomeAfterTaxes": 128.8,
        "nonRecurringItems": -6.7,
        "period": "2023-03-31",
        "pretaxIncome": 160.6,
        "provisionforIncomeTaxes": 31.8,
        "researchDevelopment": 159.3,
        "revenue": 915.4,
        "sgaExpense": 246.1,
        "totalOperatingExpense": 417.1,
        "totalOtherIncomeExpenseNet": 31.9
      },
      {
        "costOfGoodsSold": 353.4,
        "depreciationAmortization": 12.1,
        "dilutedAverageSharesOutstanding": 248.4,
        "dilutedEPS": 0.34,
        "ebit": 106.4,
        "grossIncome": 503.1,
        "interestExpense": 24.2,
        "interestIncomeExpense": -15.4,
        "minorityInterest": 0,
        "netIncome": 85.6,
        "netIncomeAfterTaxes": 85.6,
        "nonRecurringItems": -13.8,
        "period": "2022-12-30",
        "pretaxIncome": 91.1,
        "provisionforIncomeTaxes": 5.5,
        "researchDevelopment": 134.7,
        "revenue": 856.5,
        "sgaExpense": 249.9,
        "totalOperatingExpense": 396.7,
        "totalOtherIncomeExpenseNet": 13.9
      },
      {
        "costOfGoodsSold": 369.5,
        "depreciationAmortization": 11.1,
        "dilutedAverageSharesOutstanding": 248.9,
        "dilutedEPS": 0.34,
        "ebit": 130.6,
        "grossIncome": 515.4,
        "interestExpense": 15.6,
        "interestIncomeExpense": -8.8,
        "minorityInterest": 0,
        "netIncome": 85.8,
        "netIncomeAfterTaxes": 85.8,
        "nonRecurringItems": -2.2,
        "period": "2022-09-30",
        "pretaxIncome": 117.9,
        "provisionforIncomeTaxes": 32.1,
        "researchDevelopment": 127,
        "revenue": 884.9,
        "sgaExpense": 246.7,
        "totalOperatingExpense": 384.8,
        "totalOtherIncomeExpenseNet": -1.7
      },
      {
        "costOfGoodsSold": 403.7,
        "depreciationAmortization": 11.3,
        "dilutedAverageSharesOutstanding": 250.7,
        "dilutedEPS": 0.67,
        "ebit": 140.3,
        "grossIncome": 537.5,
        "interestExpense": 15.3,
        "interestIncomeExpense": -9.5,
        "minorityInterest": 0,
        "netIncome": 168,
        "netIncomeAfterTaxes": 168,
        "nonRecurringItems": 100.6,
        "period": "2022-07-01",
        "pretaxIncome": 221.6,
        "provisionforIncomeTaxes": 53.6,
        "researchDevelopment": 140.1,
        "revenue": 941.2,
        "sgaExpense": 245.8,
        "totalOperatingExpense": 397.2,
        "totalOtherIncomeExpenseNet": -9.8
      },
      {
        "costOfGoodsSold": 444.1,
        "depreciationAmortization": 12.1,
        "dilutedAverageSharesOutstanding": 252.8,
        "dilutedEPS": 0.44,
        "ebit": 163.8,
        "grossIncome": 549.6,
        "interestExpense": 16,
        "interestIncomeExpense": -6.3,
        "minorityInterest": 0,
        "netIncome": 110.3,
        "netIncomeAfterTaxes": 110.3,
        "nonRecurringItems": -6.9,
        "period": "2022-04-01",
        "pretaxIncome": 138.5,
        "provisionforIncomeTaxes": 28.2,
        "researchDevelopment": 140.3,
        "revenue": 993.7,
        "sgaExpense": 233.4,
        "totalOperatingExpense": 385.8,
        "totalOtherIncomeExpenseNet": -12.1
      },
      {
        "costOfGoodsSold": 414.5,
        "depreciationAmortization": 11.9,
        "dilutedAverageSharesOutstanding": 254.3,
        "dilutedEPS": 0.45,
        "ebit": 130.6,
        "grossIncome": 511.5,
        "interestExpense": 16,
        "interestIncomeExpense": -8.6,
        "minorityInterest": 0,
        "netIncome": 115.3,
        "netIncomeAfterTaxes": 115.3,
        "nonRecurringItems": -2.8,
        "period": "2021-12-31",
        "pretaxIncome": 118.1,
        "provisionforIncomeTaxes": 2.8,
        "researchDevelopment": 136.4,
        "revenue": 926,
        "sgaExpense": 232.6,
        "totalOperatingExpense": 380.9,
        "totalOtherIncomeExpenseNet": -1.1
      },
      {
        "costOfGoodsSold": 396.9,
        "depreciationAmortization": 12.3,
        "dilutedAverageSharesOutstanding": 254.5,
        "dilutedEPS": 0.49,
        "ebit": 149,
        "grossIncome": 504.5,
        "interestExpense": 15.9,
        "interestIncomeExpense": -7.4,
        "minorityInterest": 0,
        "netIncome": 124,
        "netIncomeAfterTaxes": 124,
        "nonRecurringItems": -1.5,
        "period": "2021-10-01",
        "pretaxIncome": 156.7,
        "provisionforIncomeTaxes": 32.7,
        "researchDevelopment": 132.5,
        "revenue": 901.4,
        "sgaExpense": 210.7,
        "totalOperatingExpense": 355.5,
        "totalOtherIncomeExpenseNet": 16.6
      },
      {
        "costOfGoodsSold": 419.8,
        "depreciationAmortization": 13,
        "dilutedAverageSharesOutstanding": 254.2,
        "dilutedEPS": 0.55,
        "ebit": 149.3,
        "grossIncome": 525.4,
        "interestExpense": 16.6,
        "interestIncomeExpense": -6.6,
        "minorityInterest": 0,
        "netIncome": 138.9,
        "netIncomeAfterTaxes": 138.9,
        "nonRecurringItems": -4.5,
        "period": "2021-07-02",
        "pretaxIncome": 162.4,
        "provisionforIncomeTaxes": 23.5,
        "researchDevelopment": 138.3,
        "revenue": 945.2,
        "sgaExpense": 224.8,
        "totalOperatingExpense": 376.1,
        "totalOtherIncomeExpenseNet": 24.2
      },
      {
        "costOfGoodsSold": 393.2,
        "depreciationAmortization": 13.7,
        "dilutedAverageSharesOutstanding": 254.3,
        "dilutedEPS": 0.45,
        "ebit": 142.4,
        "grossIncome": 493.3,
        "interestExpense": 16.9,
        "interestIncomeExpense": -5.1,
        "minorityInterest": -0.1,
        "netIncome": 114.5,
        "netIncomeAfterTaxes": 114.6,
        "nonRecurringItems": -1.5,
        "period": "2021-04-02",
        "pretaxIncome": 137.4,
        "provisionforIncomeTaxes": 22.8,
        "researchDevelopment": 129.4,
        "revenue": 886.5,
        "sgaExpense": 207.8,
        "totalOperatingExpense": 350.9,
        "totalOtherIncomeExpenseNet": 1.6
      },
      {
        "costOfGoodsSold": 361.2,
        "depreciationAmortization": 15.3,
        "dilutedAverageSharesOutstanding": 253.5,
        "dilutedEPS": 0.71,
        "ebit": 127.6,
        "grossIncome": 468.5,
        "interestExpense": 17.9,
        "interestIncomeExpense": -8.4,
        "minorityInterest": -0.4,
        "netIncome": 180.3,
        "netIncomeAfterTaxes": 180.7,
        "nonRecurringItems": -5.7,
        "period": "2021-01-01",
        "pretaxIncome": 128.3,
        "provisionforIncomeTaxes": -52.4,
        "researchDevelopment": 125.8,
        "revenue": 829.7,
        "sgaExpense": 199.8,
        "totalOperatingExpense": 340.9,
        "totalOtherIncomeExpenseNet": 14.8
      },
      {
        "costOfGoodsSold": 352.4,
        "depreciationAmortization": 16.7,
        "dilutedAverageSharesOutstanding": 252.8,
        "dilutedEPS": 0.34,
        "ebit": 114.1,
        "grossIncome": 439.7,
        "interestExpense": 19.6,
        "interestIncomeExpense": -8.8,
        "minorityInterest": -0.1,
        "netIncome": 84.7,
        "netIncomeAfterTaxes": 84.8,
        "nonRecurringItems": -12.1,
        "period": "2020-10-02",
        "pretaxIncome": 96.4,
        "provisionforIncomeTaxes": 11.6,
        "researchDevelopment": 117.9,
        "revenue": 792.1,
        "sgaExpense": 191,
        "totalOperatingExpense": 325.6,
        "totalOtherIncomeExpenseNet": 3.2
      },
      {
        "costOfGoodsSold": 327.9,
        "depreciationAmortization": 16.6,
        "dilutedAverageSharesOutstanding": 251.2,
        "dilutedEPS": 0.25,
        "ebit": 102.7,
        "grossIncome": 405.7,
        "interestExpense": 19.6,
        "interestIncomeExpense": -9.9,
        "minorityInterest": -0.2,
        "netIncome": 63,
        "netIncomeAfterTaxes": 63.2,
        "nonRecurringItems": -5.1,
        "period": "2020-07-03",
        "pretaxIncome": 90.9,
        "provisionforIncomeTaxes": 27.7,
        "researchDevelopment": 114,
        "revenue": 733.6,
        "sgaExpense": 172.4,
        "totalOperatingExpense": 303,
        "totalOtherIncomeExpenseNet": 3.2
      },
      {
        "costOfGoodsSold": 351.3,
        "depreciationAmortization": 16.9,
        "dilutedAverageSharesOutstanding": 251.7,
        "dilutedEPS": 0.25,
        "ebit": 101.2,
        "grossIncome": 441,
        "interestExpense": 20.5,
        "interestIncomeExpense": -11.1,
        "minorityInterest": 0,
        "netIncome": 61.9,
        "netIncomeAfterTaxes": 61.9,
        "nonRecurringItems": -2.9,
        "period": "2020-04-03",
        "pretaxIncome": 79.4,
        "provisionforIncomeTaxes": 17.5,
        "researchDevelopment": 118.2,
        "revenue": 792.3,
        "sgaExpense": 204.7,
        "totalOperatingExpense": 339.8,
        "totalOtherIncomeExpenseNet": -7.8
      },
      {
        "costOfGoodsSold": 364,
        "depreciationAmortization": 16.4,
        "dilutedAverageSharesOutstanding": 251.4,
        "dilutedEPS": 1.11,
        "ebit": 105,
        "grossIncome": 460,
        "interestExpense": 20.2,
        "interestIncomeExpense": -11.5,
        "minorityInterest": -0.1,
        "netIncome": 279.3,
        "netIncomeAfterTaxes": 279.4,
        "nonRecurringItems": -16.8,
        "period": "2020-01-03",
        "pretaxIncome": 75.3,
        "provisionforIncomeTaxes": -204.1,
        "researchDevelopment": 119.6,
        "revenue": 824,
        "sgaExpense": 219,
        "totalOperatingExpense": 355,
        "totalOtherIncomeExpenseNet": -1.4
      },
      {
        "costOfGoodsSold": 361.9,
        "depreciationAmortization": 17.5,
        "dilutedAverageSharesOutstanding": 252.1,
        "dilutedEPS": 0.31,
        "ebit": 95.3,
        "grossIncome": 422,
        "interestExpense": 19.7,
        "interestIncomeExpense": -12.4,
        "minorityInterest": 0,
        "netIncome": 78.1,
        "netIncomeAfterTaxes": 78.1,
        "nonRecurringItems": -3.6,
        "period": "2019-09-27",
        "pretaxIncome": 78.9,
        "provisionforIncomeTaxes": 0.8,
        "researchDevelopment": 112.3,
        "revenue": 783.9,
        "sgaExpense": 196.9,
        "totalOperatingExpense": 326.7,
        "totalOtherIncomeExpenseNet": -0.4
      },
      {
        "costOfGoodsSold": 394.2,
        "depreciationAmortization": 19.7,
        "dilutedAverageSharesOutstanding": 254,
        "dilutedEPS": 0.37,
        "ebit": 112.6,
        "grossIncome": 460.6,
        "interestExpense": 20.6,
        "interestIncomeExpense": -8.7,
        "minorityInterest": 0,
        "netIncome": 94.6,
        "netIncomeAfterTaxes": 94.6,
        "nonRecurringItems": -2.9,
        "period": "2019-06-28",
        "pretaxIncome": 115.4,
        "provisionforIncomeTaxes": 20.8,
        "researchDevelopment": 119.6,
        "revenue": 854.8,
        "sgaExpense": 208.7,
        "totalOperatingExpense": 348,
        "totalOtherIncomeExpenseNet": 14.4
      },
      {
        "costOfGoodsSold": 363.3,
        "depreciationAmortization": 20.1,
        "dilutedAverageSharesOutstanding": 254,
        "dilutedEPS": 0.25,
        "ebit": 89.8,
        "grossIncome": 438.3,
        "interestExpense": 21.9,
        "interestIncomeExpense": -14,
        "minorityInterest": -0.1,
        "netIncome": 62.3,
        "netIncomeAfterTaxes": 62.4,
        "nonRecurringItems": -3.5,
        "period": "2019-03-29",
        "pretaxIncome": 75.2,
        "provisionforIncomeTaxes": 12.8,
        "researchDevelopment": 118.2,
        "revenue": 801.6,
        "sgaExpense": 210.2,
        "totalOperatingExpense": 348.5,
        "totalOtherIncomeExpenseNet": 2.9
      },
      {
        "costOfGoodsSold": 350.3,
        "depreciationAmortization": 18.7,
        "dilutedAverageSharesOutstanding": 254.6,
        "dilutedEPS": 0.33,
        "ebit": 91.5,
        "grossIncome": 435.2,
        "interestExpense": 22.4,
        "interestIncomeExpense": -17,
        "minorityInterest": -0.3,
        "netIncome": 86.5,
        "netIncomeAfterTaxes": 104.5,
        "nonRecurringItems": -1.9,
        "period": "2018-12-28",
        "pretaxIncome": 68,
        "provisionforIncomeTaxes": -36.5,
        "researchDevelopment": 112.6,
        "revenue": 785.5,
        "sgaExpense": 212.4,
        "totalOperatingExpense": 343.7,
        "totalOtherIncomeExpenseNet": -4.6
      },
      {
        "costOfGoodsSold": 368.3,
        "depreciationAmortization": 21.6,
        "dilutedAverageSharesOutstanding": 253.6,
        "dilutedEPS": 0.3,
        "ebit": 79.9,
        "grossIncome": 426.9,
        "interestExpense": 22.7,
        "interestIncomeExpense": -14,
        "minorityInterest": 0,
        "netIncome": 73.7,
        "netIncomeAfterTaxes": 77.3,
        "nonRecurringItems": -2.5,
        "period": "2018-09-28",
        "pretaxIncome": 64.1,
        "provisionforIncomeTaxes": -13.2,
        "researchDevelopment": 114.1,
        "revenue": 795.2,
        "sgaExpense": 211.3,
        "totalOperatingExpense": 347,
        "totalOtherIncomeExpenseNet": 0.7
      },
      {
        "costOfGoodsSold": 362.8,
        "depreciationAmortization": 18.7,
        "dilutedAverageSharesOutstanding": 252.2,
        "dilutedEPS": 0.25,
        "ebit": 91.7,
        "grossIncome": 422.7,
        "interestExpense": 18.6,
        "interestIncomeExpense": -12.1,
        "minorityInterest": 0,
        "netIncome": 64.1,
        "netIncomeAfterTaxes": 64.1,
        "nonRecurringItems": -2.2,
        "period": "2018-06-29",
        "pretaxIncome": 79.2,
        "provisionforIncomeTaxes": 15.1,
        "researchDevelopment": 110.1,
        "revenue": 785.5,
        "sgaExpense": 202.2,
        "totalOperatingExpense": 331,
        "totalOtherIncomeExpenseNet": 1.8
      },
      {
        "costOfGoodsSold": 346,
        "depreciationAmortization": 17.4,
        "dilutedAverageSharesOutstanding": 253.2,
        "dilutedEPS": 0.23,
        "ebit": 65.8,
        "grossIncome": 396.2,
        "interestExpense": 9.5,
        "interestIncomeExpense": -0.9,
        "minorityInterest": -0.2,
        "netIncome": 58.5,
        "netIncomeAfterTaxes": 58.7,
        "nonRecurringItems": -1.6,
        "period": "2018-03-30",
        "pretaxIncome": 66.7,
        "provisionforIncomeTaxes": 8,
        "researchDevelopment": 109.3,
        "revenue": 742.2,
        "sgaExpense": 203.7,
        "totalOperatingExpense": 330.4,
        "totalOtherIncomeExpenseNet": 3.4
      },
      {
        "costOfGoodsSold": 340.3,
        "depreciationAmortization": 16.4,
        "dilutedAverageSharesOutstanding": 250.9,
        "dilutedEPS": -0.14,
        "ebit": 56.1,
        "grossIncome": 359.5,
        "interestExpense": 6.8,
        "interestIncomeExpense": 0.2,
        "minorityInterest": -0.1,
        "netIncome": -35.9,
        "netIncomeAfterTaxes": -116,
        "nonRecurringItems": -0.4,
        "period": "2017-12-29",
        "pretaxIncome": 48.6,
        "provisionforIncomeTaxes": 164.6,
        "researchDevelopment": 98.1,
        "revenue": 699.8,
        "sgaExpense": 188.9,
        "totalOperatingExpense": 303.4,
        "totalOtherIncomeExpenseNet": -7.3
      },
      {
        "costOfGoodsSold": 325,
        "depreciationAmortization": 17,
        "dilutedAverageSharesOutstanding": 257.9,
        "dilutedEPS": 0.22,
        "ebit": 67.6,
        "grossIncome": 351.2,
        "interestExpense": 6.3,
        "interestIncomeExpense": 4,
        "minorityInterest": 0,
        "netIncome": 57.2,
        "netIncomeAfterTaxes": 57.2,
        "nonRecurringItems": -1.3,
        "period": "2017-09-29",
        "pretaxIncome": 71.9,
        "provisionforIncomeTaxes": 14.7,
        "researchDevelopment": 92.6,
        "revenue": 676.2,
        "sgaExpense": 174,
        "totalOperatingExpense": 283.6,
        "totalOtherIncomeExpenseNet": 1.6
      },
      {
        "costOfGoodsSold": 317.3,
        "depreciationAmortization": 15.3,
        "dilutedAverageSharesOutstanding": 257.1,
        "dilutedEPS": 0.18,
        "ebit": 61.3,
        "grossIncome": 342.6,
        "interestExpense": 6,
        "interestIncomeExpense": 3.9,
        "minorityInterest": 0,
        "netIncome": 47.3,
        "netIncomeAfterTaxes": 47.3,
        "nonRecurringItems": -2.3,
        "period": "2017-06-30",
        "pretaxIncome": 64,
        "provisionforIncomeTaxes": 16.7,
        "researchDevelopment": 90.8,
        "revenue": 659.9,
        "sgaExpense": 175.2,
        "totalOperatingExpense": 281.3,
        "totalOtherIncomeExpenseNet": 1.1
      },
      {
        "costOfGoodsSold": 286.3,
        "depreciationAmortization": 14.3,
        "dilutedAverageSharesOutstanding": 255.9,
        "dilutedEPS": 0.19,
        "ebit": 57.6,
        "grossIncome": 324.3,
        "interestExpense": 6.1,
        "interestIncomeExpense": -0.5,
        "minorityInterest": 0,
        "netIncome": 49.8,
        "netIncomeAfterTaxes": 49.8,
        "nonRecurringItems": -2.9,
        "period": "2017-03-31",
        "pretaxIncome": 63.7,
        "provisionforIncomeTaxes": 13.9,
        "researchDevelopment": 88.7,
        "revenue": 610.6,
        "sgaExpense": 163.7,
        "totalOperatingExpense": 266.7,
        "totalOtherIncomeExpenseNet": 9.5
      },
      {
        "costOfGoodsSold": 276.1,
        "depreciationAmortization": 14.9,
        "dilutedAverageSharesOutstanding": 254.5,
        "dilutedEPS": 0.15,
        "ebit": 56.5,
        "grossIncome": 309.3,
        "interestExpense": 6.1,
        "interestIncomeExpense": -2.7,
        "minorityInterest": 0,
        "netIncome": 37.7,
        "netIncomeAfterTaxes": 37.7,
        "nonRecurringItems": -1.8,
        "period": "2016-12-30",
        "pretaxIncome": 56.2,
        "provisionforIncomeTaxes": 18.5,
        "researchDevelopment": 83,
        "revenue": 585.4,
        "sgaExpense": 154.9,
        "totalOperatingExpense": 252.8,
        "totalOtherIncomeExpenseNet": 4.2
      },
      {
        "costOfGoodsSold": 275.1,
        "depreciationAmortization": 15.5,
        "dilutedAverageSharesOutstanding": 253.2,
        "dilutedEPS": 0.15,
        "ebit": 58.8,
        "grossIncome": 309,
        "interestExpense": 6.6,
        "interestIncomeExpense": -1.4,
        "minorityInterest": 0,
        "netIncome": 39.2,
        "netIncomeAfterTaxes": 39.2,
        "nonRecurringItems": -3.5,
        "period": "2016-09-30",
        "pretaxIncome": 52.2,
        "provisionforIncomeTaxes": 13,
        "researchDevelopment": 86.9,
        "revenue": 584.1,
        "sgaExpense": 147.8,
        "totalOperatingExpense": 250.2,
        "totalOtherIncomeExpenseNet": -1.7
      },
      {
        "costOfGoodsSold": 294,
        "depreciationAmortization": 15.6,
        "dilutedAverageSharesOutstanding": 253.7,
        "dilutedEPS": 0.14,
        "ebit": 45,
        "grossIncome": 315.6,
        "interestExpense": 6.6,
        "interestIncomeExpense": -2.3,
        "minorityInterest": 0.1,
        "netIncome": 35.7,
        "netIncomeAfterTaxes": 35.6,
        "nonRecurringItems": -4.5,
        "period": "2016-07-01",
        "pretaxIncome": 38.3,
        "provisionforIncomeTaxes": 2.7,
        "researchDevelopment": 92,
        "revenue": 609.6,
        "sgaExpense": 163,
        "totalOperatingExpense": 270.6,
        "totalOtherIncomeExpenseNet": 0.1
      },
      {
        "costOfGoodsSold": 282.4,
        "depreciationAmortization": 16.2,
        "dilutedAverageSharesOutstanding": 254,
        "dilutedEPS": 0.08,
        "ebit": 31.7,
        "grossIncome": 300.6,
        "interestExpense": 6.6,
        "interestIncomeExpense": -3.8,
        "minorityInterest": 0.1,
        "netIncome": 19.8,
        "netIncomeAfterTaxes": 19.7,
        "nonRecurringItems": -1.8,
        "period": "2016-04-01",
        "pretaxIncome": 29.4,
        "provisionforIncomeTaxes": 9.7,
        "researchDevelopment": 87.7,
        "revenue": 583,
        "sgaExpense": 165,
        "totalOperatingExpense": 268.9,
        "totalOtherIncomeExpenseNet": 3.3
      },
      {
        "costOfGoodsSold": 266.6,
        "depreciationAmortization": 16.4,
        "dilutedAverageSharesOutstanding": 253.1,
        "dilutedEPS": 0.09,
        "ebit": 35.3,
        "grossIncome": 293.1,
        "interestIncomeExpense": -3.7,
        "minorityInterest": 0.1,
        "netIncome": 24,
        "netIncomeAfterTaxes": 23.9,
        "nonRecurringItems": -2.4,
        "period": "2016-01-01",
        "pretaxIncome": 28.3,
        "provisionforIncomeTaxes": 4.4,
        "researchDevelopment": 85.4,
        "revenue": 559.7,
        "sgaExpense": 156,
        "totalOperatingExpense": 257.8,
        "totalOtherIncomeExpenseNet": -0.9
      },
      {
        "costOfGoodsSold": 264.3,
        "depreciationAmortization": 17.4,
        "dilutedAverageSharesOutstanding": 257.2,
        "dilutedEPS": 0.14,
        "ebit": 48.7,
        "grossIncome": 298,
        "interestIncomeExpense": -1.6,
        "minorityInterest": 0.1,
        "netIncome": 37.1,
        "netIncomeAfterTaxes": 37,
        "nonRecurringItems": -2.7,
        "period": "2015-10-02",
        "pretaxIncome": 43.5,
        "provisionforIncomeTaxes": 6.5,
        "researchDevelopment": 79.6,
        "revenue": 562.3,
        "sgaExpense": 152.3,
        "totalOperatingExpense": 249.3,
        "totalOtherIncomeExpenseNet": -0.9
      }
    ],
    "symbol": "TRMB"
  }
}