{
  "symbol": "BALL",
  "statement": "ic",
  "frequency": "quarterly",
  "timestamp": "2025-09-19T13:56:37.711292",
  "data": {
    "financials": [
      {
        "costOfGoodsSold": 2690,
        "depreciationAmortization": 155,
        "dilutedAverageSharesOutstanding": 277.771,
        "dilutedEPS": 0.7632,
        "ebit": 356,
        "equityEarningsAffiliates": 8,
        "grossIncome": 648,
        "interestIncomeExpense": -76,
        "minorityInterest": -3,
        "netIncome": 212,
        "netIncomeAfterTaxes": 207,
        "nonRecurringItems": -12,
        "period": "2025-06-30",
        "pretaxIncome": 268,
        "provisionforIncomeTaxes": 61,
        "revenue": 3338,
        "sgaExpense": 137,
        "totalOperatingExpense": 292
      },
      {
        "costOfGoodsSold": 2493,
        "depreciationAmortization": 150,
        "dilutedAverageSharesOutstanding": 285.067,
        "dilutedEPS": 0.6349,
        "ebit": 305,
        "equityEarningsAffiliates": 5,
        "grossIncome": 604,
        "interestExpense": 70,
        "interestIncomeExpense": -63,
        "minorityInterest": 0,
        "netIncome": 179,
        "netIncomeAfterTaxes": 176,
        "nonRecurringItems": -13,
        "period": "2025-03-31",
        "pretaxIncome": 229,
        "provisionforIncomeTaxes": 53,
        "revenue": 3097,
        "sgaExpense": 149,
        "totalOperatingExpense": 299
      },
      {
        "costOfGoodsSold": 2289,
        "depreciationAmortization": 151,
        "dilutedAverageSharesOutstanding": 295.283,
        "dilutedEPS": -0.1,
        "ebit": 311,
        "equityEarningsAffiliates": 7,
        "grossIncome": 591,
        "interestExpense": 65,
        "interestIncomeExpense": -55,
        "minorityInterest": -2,
        "netIncome": -32,
        "netIncomeAfterTaxes": -8,
        "nonRecurringItems": -249,
        "period": "2024-12-31",
        "pretaxIncome": 7,
        "provisionforIncomeTaxes": 15,
        "revenue": 2880,
        "sgaExpense": 129,
        "totalOperatingExpense": 280
      },
      {
        "costOfGoodsSold": 2425,
        "depreciationAmortization": 150,
        "dilutedAverageSharesOutstanding": 305.219,
        "dilutedEPS": 0.6258,
        "ebit": 365,
        "equityEarningsAffiliates": 8,
        "grossIncome": 657,
        "interestExpense": 67,
        "interestIncomeExpense": -53,
        "minorityInterest": -2,
        "netIncome": 197,
        "netIncomeAfterTaxes": 185,
        "nonRecurringItems": -85,
        "period": "2024-09-30",
        "pretaxIncome": 227,
        "provisionforIncomeTaxes": 42,
        "revenue": 3082,
        "sgaExpense": 142,
        "totalOperatingExpense": 292
      },
      {
        "costOfGoodsSold": 2357,
        "depreciationAmortization": 152,
        "dilutedAverageSharesOutstanding": 311.964,
        "dilutedEPS": 0.5065,
        "ebit": 311,
        "equityEarningsAffiliates": 8,
        "grossIncome": 602,
        "interestExpense": 68,
        "interestIncomeExpense": -50,
        "minorityInterest": -1,
        "netIncome": 158,
        "netIncomeAfterTaxes": 151,
        "nonRecurringItems": -61,
        "period": "2024-06-30",
        "pretaxIncome": 200,
        "provisionforIncomeTaxes": 49,
        "revenue": 2959,
        "sgaExpense": 139,
        "totalOperatingExpense": 291
      },
      {
        "costOfGoodsSold": 2283,
        "depreciationAmortization": 158,
        "dilutedAverageSharesOutstanding": 317.385,
        "dilutedEPS": 11.61,
        "ebit": 222,
        "equityEarningsAffiliates": 5,
        "grossIncome": 591,
        "interestExpense": 93,
        "interestIncomeExpense": -93,
        "minorityInterest": -1,
        "netIncome": 3685,
        "netIncomeAfterTaxes": 74,
        "nonRecurringItems": -28,
        "period": "2024-03-31",
        "pretaxIncome": 101,
        "provisionforIncomeTaxes": 27,
        "revenue": 2874,
        "sgaExpense": 211,
        "totalOperatingExpense": 369
      },
      {
        "costOfGoodsSold": 2704,
        "depreciationAmortization": 177,
        "dilutedAverageSharesOutstanding": 317.274,
        "dilutedEPS": 0.4854,
        "ebit": 392,
        "equityEarningsAffiliates": 7,
        "grossIncome": 699,
        "interestExpense": 109,
        "interestIncomeExpense": -109,
        "minorityInterest": 0,
        "netIncome": 154,
        "netIncomeAfterTaxes": 147,
        "nonRecurringItems": -92,
        "period": "2023-12-31",
        "pretaxIncome": 191,
        "provisionforIncomeTaxes": 44,
        "revenue": 3403,
        "sgaExpense": 130,
        "totalOperatingExpense": 307
      },
      {
        "costOfGoodsSold": 2894,
        "depreciationAmortization": 173,
        "dilutedAverageSharesOutstanding": 317.3,
        "dilutedEPS": 0.64,
        "ebit": 372,
        "equityEarningsAffiliates": 3,
        "grossIncome": 677,
        "interestExpense": 122,
        "interestIncomeExpense": -122,
        "minorityInterest": -1,
        "netIncome": 203,
        "netIncomeAfterTaxes": 201,
        "nonRecurringItems": -47,
        "period": "2023-09-30",
        "pretaxIncome": 203,
        "provisionforIncomeTaxes": 2,
        "revenue": 3571,
        "sgaExpense": 132,
        "totalOperatingExpense": 305
      },
      {
        "costOfGoodsSold": 2916,
        "depreciationAmortization": 170,
        "dilutedAverageSharesOutstanding": 316.9,
        "dilutedEPS": 0.55,
        "ebit": 315,
        "equityEarningsAffiliates": 3,
        "grossIncome": 650,
        "interestExpense": 116,
        "interestIncomeExpense": -115,
        "minorityInterest": 0,
        "netIncome": 173,
        "netIncomeAfterTaxes": 170,
        "nonRecurringItems": 6,
        "period": "2023-06-30",
        "pretaxIncome": 206,
        "provisionforIncomeTaxes": 36,
        "revenue": 3566,
        "sgaExpense": 165,
        "totalOperatingExpense": 335
      },
      {
        "costOfGoodsSold": 2845,
        "depreciationAmortization": 166,
        "dilutedAverageSharesOutstanding": 316.7,
        "dilutedEPS": 0.56,
        "ebit": 347,
        "equityEarningsAffiliates": 7,
        "grossIncome": 644,
        "interestExpense": 113,
        "interestIncomeExpense": -113,
        "minorityInterest": -3,
        "netIncome": 177,
        "netIncomeAfterTaxes": 173,
        "nonRecurringItems": -20,
        "period": "2023-03-31",
        "pretaxIncome": 214,
        "provisionforIncomeTaxes": 41,
        "revenue": 3489,
        "sgaExpense": 131,
        "totalOperatingExpense": 297
      },
      {
        "costOfGoodsSold": 3030,
        "depreciationAmortization": 162,
        "dilutedAverageSharesOutstanding": 316.4,
        "dilutedEPS": 0.17,
        "ebit": 236,
        "equityEarningsAffiliates": 0,
        "grossIncome": 518,
        "interestExpense": 95,
        "interestIncomeExpense": -96,
        "minorityInterest": -1,
        "netIncome": 55,
        "netIncomeAfterTaxes": 56,
        "nonRecurringItems": -64,
        "period": "2022-12-31",
        "pretaxIncome": 76,
        "provisionforIncomeTaxes": 20,
        "revenue": 3548,
        "sgaExpense": 120,
        "totalOperatingExpense": 282
      },
      {
        "costOfGoodsSold": 3275,
        "depreciationAmortization": 157,
        "dilutedAverageSharesOutstanding": 317.1,
        "dilutedEPS": 1.24,
        "ebit": 360,
        "equityEarningsAffiliates": -12,
        "grossIncome": 676,
        "interestExpense": 79,
        "interestIncomeExpense": -79,
        "minorityInterest": -2,
        "netIncome": 392,
        "netIncomeAfterTaxes": 406,
        "nonRecurringItems": 163,
        "period": "2022-09-30",
        "pretaxIncome": 444,
        "provisionforIncomeTaxes": 38,
        "revenue": 3951,
        "sgaExpense": 159,
        "totalOperatingExpense": 316
      },
      {
        "costOfGoodsSold": 3445,
        "depreciationAmortization": 168,
        "dilutedAverageSharesOutstanding": 317,
        "dilutedEPS": -0.55,
        "ebit": 360,
        "equityEarningsAffiliates": 13,
        "grossIncome": 689,
        "interestExpense": 68,
        "interestIncomeExpense": -68,
        "minorityInterest": -9,
        "netIncome": -174,
        "netIncomeAfterTaxes": -178,
        "nonRecurringItems": -469,
        "period": "2022-06-30",
        "pretaxIncome": -177,
        "provisionforIncomeTaxes": 1,
        "revenue": 4134,
        "sgaExpense": 161,
        "totalOperatingExpense": 329
      },
      {
        "costOfGoodsSold": 3016,
        "depreciationAmortization": 185,
        "dilutedAverageSharesOutstanding": 325.9,
        "dilutedEPS": 1.37,
        "ebit": 329,
        "equityEarningsAffiliates": 6,
        "grossIncome": 700,
        "interestExpense": 69,
        "interestIncomeExpense": -69,
        "minorityInterest": -1,
        "netIncome": 446,
        "netIncomeAfterTaxes": 441,
        "nonRecurringItems": 281,
        "period": "2022-03-31",
        "pretaxIncome": 541,
        "provisionforIncomeTaxes": 100,
        "revenue": 3716,
        "sgaExpense": 186,
        "totalOperatingExpense": 371
      },
      {
        "costOfGoodsSold": 2981,
        "depreciationAmortization": 185,
        "dilutedAverageSharesOutstanding": 327.6,
        "dilutedEPS": 0.9,
        "ebit": 386,
        "equityEarningsAffiliates": 8,
        "grossIncome": 693,
        "interestExpense": 69,
        "interestIncomeExpense": -69,
        "minorityInterest": 0,
        "netIncome": 297,
        "netIncomeAfterTaxes": 277,
        "nonRecurringItems": -18,
        "period": "2021-12-31",
        "pretaxIncome": 299,
        "provisionforIncomeTaxes": 22,
        "revenue": 3674,
        "sgaExpense": 122,
        "totalOperatingExpense": 307
      },
      {
        "costOfGoodsSold": 2851,
        "depreciationAmortization": 175,
        "dilutedAverageSharesOutstanding": 331.6,
        "dilutedEPS": 0.54,
        "ebit": 379,
        "equityEarningsAffiliates": 8,
        "grossIncome": 702,
        "interestExpense": 68,
        "interestIncomeExpense": -68,
        "minorityInterest": 0,
        "netIncome": 179,
        "netIncomeAfterTaxes": 171,
        "nonRecurringItems": -142,
        "period": "2021-09-30",
        "pretaxIncome": 169,
        "provisionforIncomeTaxes": -2,
        "revenue": 3553,
        "sgaExpense": 148,
        "totalOperatingExpense": 323
      },
      {
        "costOfGoodsSold": 2760,
        "depreciationAmortization": 172,
        "dilutedAverageSharesOutstanding": 333.4,
        "dilutedEPS": 0.61,
        "ebit": 361,
        "equityEarningsAffiliates": 11,
        "grossIncome": 699,
        "interestExpense": 66,
        "interestIncomeExpense": -66,
        "minorityInterest": 0,
        "netIncome": 202,
        "netIncomeAfterTaxes": 191,
        "nonRecurringItems": 12,
        "period": "2021-06-30",
        "pretaxIncome": 307,
        "provisionforIncomeTaxes": 116,
        "revenue": 3459,
        "sgaExpense": 166,
        "totalOperatingExpense": 338
      },
      {
        "costOfGoodsSold": 2493,
        "depreciationAmortization": 168,
        "dilutedAverageSharesOutstanding": 333.7,
        "dilutedEPS": 0.6,
        "ebit": 307,
        "equityEarningsAffiliates": -1,
        "grossIncome": 632,
        "interestExpense": 67,
        "interestIncomeExpense": -67,
        "minorityInterest": 0,
        "netIncome": 200,
        "netIncomeAfterTaxes": 201,
        "nonRecurringItems": -7,
        "period": "2021-03-31",
        "pretaxIncome": 233,
        "provisionforIncomeTaxes": 32,
        "revenue": 3125,
        "sgaExpense": 157,
        "totalOperatingExpense": 325
      },
      {
        "costOfGoodsSold": 2448,
        "depreciationAmortization": 169,
        "dilutedAverageSharesOutstanding": 334.8,
        "dilutedEPS": 0.67,
        "ebit": 323,
        "equityEarningsAffiliates": 7,
        "grossIncome": 654,
        "interestExpense": 69,
        "interestIncomeExpense": -69,
        "minorityInterest": 0,
        "netIncome": 227,
        "netIncomeAfterTaxes": 195,
        "nonRecurringItems": -27,
        "period": "2020-12-31",
        "pretaxIncome": 227,
        "provisionforIncomeTaxes": 32,
        "revenue": 3102,
        "sgaExpense": 162,
        "totalOperatingExpense": 331
      },
      {
        "costOfGoodsSold": 2430,
        "depreciationAmortization": 160,
        "dilutedAverageSharesOutstanding": 332.7,
        "dilutedEPS": 0.72,
        "ebit": 382,
        "equityEarningsAffiliates": 8,
        "grossIncome": 663,
        "interestExpense": 68,
        "interestIncomeExpense": -68,
        "minorityInterest": 1,
        "netIncome": 241,
        "netIncomeAfterTaxes": 232,
        "nonRecurringItems": -9,
        "period": "2020-09-30",
        "pretaxIncome": 305,
        "provisionforIncomeTaxes": 73,
        "revenue": 3093,
        "sgaExpense": 121,
        "totalOperatingExpense": 281
      },
      {
        "costOfGoodsSold": 2230,
        "depreciationAmortization": 170,
        "dilutedAverageSharesOutstanding": 331.7,
        "dilutedEPS": 0.28,
        "ebit": 290,
        "equityEarningsAffiliates": 4,
        "grossIncome": 571,
        "interestExpense": 67,
        "interestIncomeExpense": -67,
        "minorityInterest": 2,
        "netIncome": 94,
        "netIncomeAfterTaxes": 88,
        "nonRecurringItems": -112,
        "period": "2020-06-30",
        "pretaxIncome": 111,
        "provisionforIncomeTaxes": 23,
        "revenue": 2801,
        "sgaExpense": 111,
        "totalOperatingExpense": 281
      },
      {
        "costOfGoodsSold": 2216,
        "depreciationAmortization": 169,
        "dilutedAverageSharesOutstanding": 332.3,
        "dilutedEPS": 0.07,
        "ebit": 245,
        "equityEarningsAffiliates": -25,
        "grossIncome": 569,
        "interestExpense": 71,
        "interestIncomeExpense": -46,
        "minorityInterest": 0,
        "netIncome": 23,
        "netIncomeAfterTaxes": 48,
        "nonRecurringItems": -155,
        "period": "2020-03-31",
        "pretaxIncome": 44,
        "provisionforIncomeTaxes": -4,
        "revenue": 2785,
        "sgaExpense": 155,
        "totalOperatingExpense": 324
      },
      {
        "costOfGoodsSold": 2159,
        "depreciationAmortization": 168,
        "dilutedAverageSharesOutstanding": 335.4,
        "dilutedEPS": 0.48,
        "ebit": 349,
        "equityEarningsAffiliates": 5,
        "grossIncome": 560,
        "interestExpense": 80,
        "interestIncomeExpense": -126,
        "minorityInterest": 30,
        "netIncome": 160,
        "netIncomeAfterTaxes": 125,
        "nonRecurringItems": -100,
        "period": "2019-12-31",
        "pretaxIncome": 123,
        "provisionforIncomeTaxes": -2,
        "revenue": 2719,
        "sgaExpense": 43,
        "totalOperatingExpense": 211
      },
      {
        "costOfGoodsSold": 2362,
        "depreciationAmortization": 169,
        "dilutedAverageSharesOutstanding": 340.6,
        "dilutedEPS": 0.27,
        "ebit": 235,
        "equityEarningsAffiliates": 5,
        "grossIncome": 591,
        "interestExpense": 79,
        "interestIncomeExpense": 17,
        "minorityInterest": 0,
        "netIncome": 92,
        "netIncomeAfterTaxes": 87,
        "nonRecurringItems": -133,
        "period": "2019-09-30",
        "pretaxIncome": 119,
        "provisionforIncomeTaxes": 32,
        "revenue": 2953,
        "sgaExpense": 187,
        "totalOperatingExpense": 356
      },
      {
        "costOfGoodsSold": 2430,
        "depreciationAmortization": 171,
        "dilutedAverageSharesOutstanding": 341.6,
        "dilutedEPS": 0.58,
        "ebit": 287,
        "equityEarningsAffiliates": 2,
        "grossIncome": 587,
        "interestExpense": 81,
        "interestIncomeExpense": -61,
        "minorityInterest": 0,
        "netIncome": 197,
        "netIncomeAfterTaxes": 195,
        "nonRecurringItems": 0,
        "period": "2019-06-30",
        "pretaxIncome": 226,
        "provisionforIncomeTaxes": 31,
        "revenue": 3017,
        "sgaExpense": 129,
        "totalOperatingExpense": 300
      },
      {
        "costOfGoodsSold": 2254,
        "depreciationAmortization": 170,
        "dilutedAverageSharesOutstanding": 342.7,
        "dilutedEPS": 0.34,
        "ebit": 146,
        "equityEarningsAffiliates": -13,
        "grossIncome": 531,
        "interestExpense": 77,
        "interestIncomeExpense": 12,
        "minorityInterest": 0,
        "netIncome": 117,
        "netIncomeAfterTaxes": 130,
        "nonRecurringItems": -18,
        "period": "2019-03-31",
        "pretaxIncome": 140,
        "provisionforIncomeTaxes": 10,
        "revenue": 2785,
        "sgaExpense": 215,
        "totalOperatingExpense": 385
      },
      {
        "costOfGoodsSold": 2248,
        "depreciationAmortization": 173,
        "dilutedAverageSharesOutstanding": 348,
        "dilutedEPS": 0.43,
        "ebit": 254,
        "equityEarningsAffiliates": -9,
        "grossIncome": 555,
        "interestExpense": 75,
        "interestIncomeExpense": -71,
        "minorityInterest": 2,
        "netIncome": 151,
        "netIncomeAfterTaxes": 213,
        "nonRecurringItems": -60,
        "period": "2018-12-31",
        "pretaxIncome": 123,
        "provisionforIncomeTaxes": -90,
        "revenue": 2803,
        "sgaExpense": 128,
        "totalOperatingExpense": 301,
        "totalOtherIncomeExpenseNet": 0
      },
      {
        "costOfGoodsSold": 2364,
        "depreciationAmortization": 171,
        "dilutedAverageSharesOutstanding": 349.7,
        "dilutedEPS": 0.17,
        "ebit": 261,
        "equityEarningsAffiliates": 7,
        "grossIncome": 582,
        "interestExpense": 76,
        "interestIncomeExpense": -37,
        "minorityInterest": 0,
        "netIncome": 59,
        "netIncomeAfterTaxes": 52,
        "nonRecurringItems": -32,
        "period": "2018-09-30",
        "pretaxIncome": 192,
        "provisionforIncomeTaxes": 140,
        "revenue": 2946,
        "sgaExpense": 150,
        "totalOperatingExpense": 321
      },
      {
        "costOfGoodsSold": 2488,
        "depreciationAmortization": 178,
        "dilutedAverageSharesOutstanding": 354.9,
        "dilutedEPS": 0.34,
        "ebit": 251,
        "equityEarningsAffiliates": 0,
        "grossIncome": 613,
        "interestExpense": 77,
        "interestIncomeExpense": -16,
        "minorityInterest": -1,
        "netIncome": 119,
        "netIncomeAfterTaxes": 120,
        "nonRecurringItems": -69,
        "period": "2018-06-30",
        "pretaxIncome": 166,
        "provisionforIncomeTaxes": 46,
        "revenue": 3101,
        "sgaExpense": 184,
        "totalOperatingExpense": 362
      },
      {
        "costOfGoodsSold": 2237,
        "depreciationAmortization": 180,
        "dilutedAverageSharesOutstanding": 357.6,
        "dilutedEPS": 0.35,
        "ebit": 249,
        "equityEarningsAffiliates": 7,
        "grossIncome": 548,
        "interestExpense": 73,
        "interestIncomeExpense": -66,
        "minorityInterest": 0,
        "netIncome": 125,
        "netIncomeAfterTaxes": 118,
        "nonRecurringItems": -30,
        "period": "2018-03-31",
        "pretaxIncome": 152,
        "provisionforIncomeTaxes": 34,
        "revenue": 2785,
        "sgaExpense": 119,
        "totalOperatingExpense": 299,
        "totalOtherIncomeExpenseNet": -1
      },
      {
        "costOfGoodsSold": 2134,
        "depreciationAmortization": 190,
        "dilutedAverageSharesOutstanding": 352.5,
        "dilutedEPS": 0.45,
        "ebit": 294,
        "equityEarningsAffiliates": 8,
        "grossIncome": 613,
        "interestExpense": 69,
        "interestIncomeExpense": -56,
        "minorityInterest": 0,
        "netIncome": 159,
        "netIncomeAfterTaxes": 234,
        "nonRecurringItems": 32,
        "period": "2017-12-31",
        "pretaxIncome": 268,
        "provisionforIncomeTaxes": 34,
        "revenue": 2747,
        "sgaExpense": 129,
        "totalOperatingExpense": 319,
        "totalOtherIncomeExpenseNet": -2
      },
      {
        "costOfGoodsSold": 2336,
        "depreciationAmortization": 162,
        "dilutedAverageSharesOutstanding": 358.6,
        "dilutedEPS": 0.13,
        "ebit": 320,
        "equityEarningsAffiliates": 5,
        "grossIncome": 572,
        "interestExpense": 74,
        "interestIncomeExpense": -113,
        "minorityInterest": -3,
        "netIncome": 48,
        "netIncomeAfterTaxes": 46,
        "nonRecurringItems": -157,
        "period": "2017-09-30",
        "pretaxIncome": 50,
        "provisionforIncomeTaxes": 4,
        "revenue": 2908,
        "sgaExpense": 90,
        "totalOperatingExpense": 252,
        "totalOtherIncomeExpenseNet": 0
      },
      {
        "costOfGoodsSold": 2266,
        "depreciationAmortization": 229,
        "dilutedAverageSharesOutstanding": 359,
        "dilutedEPS": 0.28,
        "ebit": 233,
        "equityEarningsAffiliates": 10,
        "grossIncome": 589,
        "interestExpense": 74,
        "interestIncomeExpense": -79,
        "minorityInterest": -1,
        "netIncome": 99,
        "netIncomeAfterTaxes": 90,
        "nonRecurringItems": -41,
        "period": "2017-06-30",
        "pretaxIncome": 112,
        "provisionforIncomeTaxes": 22,
        "revenue": 2855,
        "sgaExpense": 127,
        "totalOperatingExpense": 356,
        "totalOtherIncomeExpenseNet": -1
      },
      {
        "costOfGoodsSold": 1975,
        "depreciationAmortization": 148,
        "dilutedAverageSharesOutstanding": 357.9,
        "dilutedEPS": 0.19,
        "ebit": 224,
        "equityEarningsAffiliates": 8,
        "grossIncome": 498,
        "interestExpense": 68,
        "interestIncomeExpense": -85,
        "minorityInterest": -2,
        "netIncome": 68,
        "netIncomeAfterTaxes": 62,
        "nonRecurringItems": -55,
        "period": "2017-03-31",
        "pretaxIncome": 84,
        "provisionforIncomeTaxes": 22,
        "revenue": 2473,
        "sgaExpense": 126,
        "totalOperatingExpense": 274,
        "totalOtherIncomeExpenseNet": 0
      },
      {
        "costOfGoodsSold": 1945,
        "depreciationAmortization": 154,
        "dilutedAverageSharesOutstanding": 378.6,
        "dilutedEPS": 0.14,
        "ebit": 277,
        "equityEarningsAffiliates": 9,
        "grossIncome": 516,
        "interestExpense": 70,
        "interestIncomeExpense": -149,
        "minorityInterest": 0,
        "netIncome": 53,
        "netIncomeAfterTaxes": 44,
        "nonRecurringItems": -18,
        "period": "2016-12-31",
        "pretaxIncome": 109,
        "provisionforIncomeTaxes": 65,
        "revenue": 2461,
        "sgaExpense": 85,
        "totalOperatingExpense": 239,
        "totalOtherIncomeExpenseNet": -1
      },
      {
        "costOfGoodsSold": 2271,
        "depreciationAmortization": 147,
        "dilutedAverageSharesOutstanding": 355.4,
        "dilutedEPS": 0.09,
        "ebit": 227,
        "equityEarningsAffiliates": 7,
        "grossIncome": 481,
        "interestExpense": 80,
        "interestIncomeExpense": -112,
        "minorityInterest": -3,
        "netIncome": 31,
        "netIncomeAfterTaxes": 27,
        "nonRecurringItems": -63,
        "period": "2016-09-30",
        "pretaxIncome": 50,
        "provisionforIncomeTaxes": 23,
        "revenue": 2752,
        "sgaExpense": 107,
        "totalOperatingExpense": 254,
        "totalOtherIncomeExpenseNet": -2
      },
      {
        "costOfGoodsSold": 1596,
        "depreciationAmortization": 78,
        "dilutedAverageSharesOutstanding": 290.5,
        "dilutedEPS": 1.06,
        "ebit": 214,
        "equityEarningsAffiliates": 1,
        "grossIncome": 434,
        "interestExpense": 41,
        "interestIncomeExpense": 33,
        "minorityInterest": 0,
        "netIncome": 307,
        "netIncomeAfterTaxes": 306,
        "nonRecurringItems": -5,
        "period": "2016-06-30",
        "pretaxIncome": 192,
        "provisionforIncomeTaxes": -114,
        "revenue": 2030,
        "sgaExpense": 142,
        "totalOperatingExpense": 220,
        "totalOtherIncomeExpenseNet": -50
      },
      {
        "costOfGoodsSold": 1416,
        "depreciationAmortization": 75,
        "dilutedAverageSharesOutstanding": 283.6,
        "dilutedEPS": -0.45,
        "ebit": 159,
        "equityEarningsAffiliates": -1,
        "grossIncome": 340,
        "interestExpense": 38,
        "interestIncomeExpense": -148,
        "minorityInterest": 0,
        "netIncome": -127,
        "netIncomeAfterTaxes": -126,
        "nonRecurringItems": -143,
        "period": "2016-03-31",
        "pretaxIncome": -209,
        "provisionforIncomeTaxes": -83,
        "revenue": 1756,
        "sgaExpense": 106,
        "totalOperatingExpense": 181,
        "totalOtherIncomeExpenseNet": -77
      },
      {
        "costOfGoodsSold": 1434,
        "depreciationAmortization": 74,
        "dilutedAverageSharesOutstanding": 281,
        "dilutedEPS": 0.2,
        "ebit": 185.8,
        "equityEarningsAffiliates": 1,
        "grossIncome": 370.6,
        "interestExpense": 36.2,
        "interestIncomeExpense": -36.2,
        "minorityInterest": -9.2,
        "netIncome": 55.3,
        "netIncomeAfterTaxes": 63.5,
        "nonRecurringItems": -56.4,
        "period": "2015-12-31",
        "pretaxIncome": 62.6,
        "provisionforIncomeTaxes": -0.9,
        "revenue": 1804.6,
        "sgaExpense": 110.8,
        "totalOperatingExpense": 184.8,
        "totalOtherIncomeExpenseNet": -30.6
      },
      {
        "costOfGoodsSold": 1690.3,
        "depreciationAmortization": 71.9,
        "dilutedAverageSharesOutstanding": 281.7,
        "dilutedEPS": 0.16,
        "ebit": 228,
        "equityEarningsAffiliates": 1.5,
        "grossIncome": 406.7,
        "interestExpense": 37.5,
        "interestIncomeExpense": -37.5,
        "minorityInterest": -5.6,
        "netIncome": 44.5,
        "netIncomeAfterTaxes": 48.6,
        "nonRecurringItems": -151.9,
        "period": "2015-09-30",
        "pretaxIncome": 17.6,
        "provisionforIncomeTaxes": -31,
        "revenue": 2097,
        "sgaExpense": 106.8,
        "totalOperatingExpense": 178.7,
        "totalOtherIncomeExpenseNet": -21
      }
    ],
    "symbol": "BALL"
  }
}