{
  "symbol": "RSG",
  "statement": "ic",
  "frequency": "quarterly",
  "timestamp": "2025-09-19T14:06:12.267109",
  "data": {
    "financials": [
      {
        "costOfGoodsSold": 2449,
        "depreciationAmortization": 463,
        "dilutedAverageSharesOutstanding": 313.4,
        "dilutedEPS": 1.755,
        "ebit": 870,
        "grossIncome": 1786,
        "interestExpense": 145,
        "interestIncomeExpense": -145,
        "minorityInterest": 0,
        "netIncome": 550,
        "netIncomeAfterTaxes": 550,
        "nonRecurringItems": -9,
        "otherOperatingExpensesTotal": 28,
        "period": "2025-06-30",
        "pretaxIncome": 720,
        "provisionforIncomeTaxes": 170,
        "revenue": 4235,
        "sgaExpense": 425,
        "totalOperatingExpense": 916,
        "totalOtherIncomeExpenseNet": 4
      },
      {
        "costOfGoodsSold": 2314,
        "depreciationAmortization": 434,
        "dilutedAverageSharesOutstanding": 313.3,
        "dilutedEPS": 1.58,
        "ebit": 806,
        "grossIncome": 1695,
        "interestExpense": 140,
        "interestIncomeExpense": -150,
        "minorityInterest": 0,
        "netIncome": 495,
        "netIncomeAfterTaxes": 495,
        "nonRecurringItems": -2,
        "otherOperatingExpensesTotal": 28,
        "period": "2025-03-31",
        "pretaxIncome": 665,
        "provisionforIncomeTaxes": 170,
        "revenue": 4009,
        "sgaExpense": 427,
        "totalOperatingExpense": 889,
        "totalOtherIncomeExpenseNet": 11
      },
      {
        "costOfGoodsSold": 2317.3,
        "depreciationAmortization": 442.8,
        "dilutedAverageSharesOutstanding": 313.9,
        "dilutedEPS": 1.6311,
        "ebit": 812.6,
        "grossIncome": 1728.7,
        "interestExpense": 133.2,
        "interestIncomeExpense": -270.6,
        "minorityInterest": 1.5,
        "netIncome": 512,
        "netIncomeAfterTaxes": 512.5,
        "nonRecurringItems": -8.8,
        "otherOperatingExpensesTotal": 26.9,
        "period": "2024-12-31",
        "pretaxIncome": 532.7,
        "provisionforIncomeTaxes": 20.2,
        "revenue": 4046,
        "sgaExpense": 446.4,
        "totalOperatingExpense": 916.1,
        "totalOtherIncomeExpenseNet": -0.5
      },
      {
        "costOfGoodsSold": 2366.9,
        "depreciationAmortization": 422,
        "dilutedAverageSharesOutstanding": 314.4,
        "dilutedEPS": 1.7993,
        "ebit": 854.6,
        "grossIncome": 1709.3,
        "interestExpense": 138.2,
        "interestIncomeExpense": -207.3,
        "minorityInterest": -0.2,
        "netIncome": 565.7,
        "netIncomeAfterTaxes": 565.9,
        "nonRecurringItems": -11.1,
        "otherOperatingExpensesTotal": 26.7,
        "period": "2024-09-30",
        "pretaxIncome": 646.5,
        "provisionforIncomeTaxes": 80.6,
        "revenue": 4076.2,
        "sgaExpense": 406,
        "totalOperatingExpense": 854.7,
        "totalOtherIncomeExpenseNet": 10.3
      },
      {
        "costOfGoodsSold": 2382.6,
        "depreciationAmortization": 413,
        "dilutedAverageSharesOutstanding": 315.2,
        "dilutedEPS": 1.6228,
        "ebit": 818.1,
        "grossIncome": 1665.4,
        "interestExpense": 128.3,
        "interestIncomeExpense": -160.5,
        "minorityInterest": -0.4,
        "netIncome": 511.5,
        "netIncomeAfterTaxes": 511.9,
        "nonRecurringItems": -4.3,
        "otherOperatingExpensesTotal": 26.7,
        "period": "2024-06-30",
        "pretaxIncome": 654,
        "provisionforIncomeTaxes": 142.1,
        "revenue": 4048,
        "sgaExpense": 407.6,
        "totalOperatingExpense": 847.3,
        "totalOtherIncomeExpenseNet": 0.7
      },
      {
        "costOfGoodsSold": 2283.2,
        "depreciationAmortization": 399.2,
        "dilutedAverageSharesOutstanding": 315.7,
        "dilutedEPS": 1.4374,
        "ebit": 738.7,
        "grossIncome": 1578.5,
        "interestExpense": 139.3,
        "interestIncomeExpense": -146.5,
        "minorityInterest": 0.1,
        "netIncome": 453.8,
        "netIncomeAfterTaxes": 453.7,
        "nonRecurringItems": -5.9,
        "otherOperatingExpensesTotal": 26.6,
        "period": "2024-03-31",
        "pretaxIncome": 598.9,
        "provisionforIncomeTaxes": 145.2,
        "revenue": 3861.7,
        "sgaExpense": 414,
        "totalOperatingExpense": 839.8,
        "totalOtherIncomeExpenseNet": 12.6
      },
      {
        "costOfGoodsSold": 2264.2,
        "depreciationAmortization": 402,
        "dilutedAverageSharesOutstanding": 315.8,
        "dilutedEPS": 1.392,
        "ebit": 714,
        "grossIncome": 1567.4,
        "interestExpense": 129.4,
        "interestIncomeExpense": -222.4,
        "minorityInterest": -0.1,
        "netIncome": 439.6,
        "netIncomeAfterTaxes": 439.7,
        "nonRecurringItems": -13,
        "otherOperatingExpensesTotal": 29.2,
        "period": "2023-12-31",
        "pretaxIncome": 482.9,
        "provisionforIncomeTaxes": 43.2,
        "revenue": 3831.6,
        "sgaExpense": 422.2,
        "totalOperatingExpense": 853.4,
        "totalOtherIncomeExpenseNet": 4.3
      },
      {
        "costOfGoodsSold": 2284.3,
        "depreciationAmortization": 382.3,
        "dilutedAverageSharesOutstanding": 316.6,
        "dilutedEPS": 1.5167,
        "ebit": 738.8,
        "grossIncome": 1541.6,
        "interestExpense": 127.6,
        "interestIncomeExpense": -122.8,
        "minorityInterest": -0.1,
        "netIncome": 480.2,
        "netIncomeAfterTaxes": 480.3,
        "nonRecurringItems": -11,
        "otherOperatingExpensesTotal": 24.6,
        "period": "2023-09-30",
        "pretaxIncome": 606.3,
        "provisionforIncomeTaxes": 126,
        "revenue": 3825.9,
        "sgaExpense": 395.9,
        "totalOperatingExpense": 802.8,
        "totalOtherIncomeExpenseNet": 1.3
      },
      {
        "costOfGoodsSold": 2224.4,
        "depreciationAmortization": 358.3,
        "dilutedAverageSharesOutstanding": 317.3,
        "dilutedEPS": 1.347,
        "ebit": 733.3,
        "grossIncome": 1501.5,
        "interestExpense": 124.4,
        "interestIncomeExpense": -126.4,
        "minorityInterest": -0.2,
        "netIncome": 427.4,
        "netIncomeAfterTaxes": 427.6,
        "nonRecurringItems": -26.1,
        "otherOperatingExpensesTotal": 24.5,
        "period": "2023-06-30",
        "pretaxIncome": 580.2,
        "provisionforIncomeTaxes": 152.6,
        "revenue": 3725.9,
        "sgaExpense": 385.4,
        "totalOperatingExpense": 768.2,
        "totalOtherIncomeExpenseNet": -0.6
      },
      {
        "costOfGoodsSold": 2169.5,
        "depreciationAmortization": 358.7,
        "dilutedAverageSharesOutstanding": 317.1,
        "dilutedEPS": 1.2107,
        "ebit": 657.2,
        "grossIncome": 1411.6,
        "interestExpense": 126.7,
        "interestIncomeExpense": -124.3,
        "minorityInterest": 0,
        "netIncome": 383.9,
        "netIncomeAfterTaxes": 383.9,
        "nonRecurringItems": -13.3,
        "otherOperatingExpensesTotal": 24.1,
        "period": "2023-03-31",
        "pretaxIncome": 522.1,
        "provisionforIncomeTaxes": 138.2,
        "revenue": 3581.1,
        "sgaExpense": 371.6,
        "totalOperatingExpense": 754.4,
        "totalOtherIncomeExpenseNet": 2.5
      },
      {
        "costOfGoodsSold": 2184.6,
        "depreciationAmortization": 349.8,
        "dilutedAverageSharesOutstanding": 317.1,
        "dilutedEPS": 1.0937,
        "ebit": 596.3,
        "grossIncome": 1345.2,
        "interestExpense": 112.9,
        "interestIncomeExpense": -208,
        "minorityInterest": -0.2,
        "netIncome": 346.8,
        "netIncomeAfterTaxes": 347,
        "nonRecurringItems": -19.1,
        "otherOperatingExpensesTotal": 18.9,
        "period": "2022-12-31",
        "pretaxIncome": 373.4,
        "provisionforIncomeTaxes": 26.4,
        "revenue": 3529.8,
        "sgaExpense": 380.2,
        "totalOperatingExpense": 748.9,
        "totalOtherIncomeExpenseNet": 4.2
      },
      {
        "costOfGoodsSold": 2193,
        "depreciationAmortization": 353.9,
        "dilutedAverageSharesOutstanding": 317,
        "dilutedEPS": 1.3151,
        "ebit": 674.6,
        "grossIncome": 1404.8,
        "interestExpense": 105.2,
        "interestIncomeExpense": -156.2,
        "minorityInterest": 0,
        "netIncome": 416.9,
        "netIncomeAfterTaxes": 416.9,
        "nonRecurringItems": -10.3,
        "otherOperatingExpensesTotal": 22.8,
        "period": "2022-09-30",
        "pretaxIncome": 507.8,
        "provisionforIncomeTaxes": 90.9,
        "revenue": 3597.8,
        "sgaExpense": 353.5,
        "totalOperatingExpense": 730.2,
        "totalOtherIncomeExpenseNet": -0.3
      },
      {
        "costOfGoodsSold": 2063.4,
        "depreciationAmortization": 337.6,
        "dilutedAverageSharesOutstanding": 317,
        "dilutedEPS": 1.1732,
        "ebit": 647.4,
        "grossIncome": 1350.2,
        "interestExpense": 94,
        "interestIncomeExpense": -106.9,
        "minorityInterest": 0.1,
        "netIncome": 371.9,
        "netIncomeAfterTaxes": 371.8,
        "nonRecurringItems": -57.8,
        "otherOperatingExpensesTotal": 24.6,
        "period": "2022-06-30",
        "pretaxIncome": 478.1,
        "provisionforIncomeTaxes": 106.3,
        "revenue": 3413.6,
        "sgaExpense": 340.6,
        "totalOperatingExpense": 702.8,
        "totalOtherIncomeExpenseNet": -4.6
      },
      {
        "costOfGoodsSold": 1762.3,
        "depreciationAmortization": 310.4,
        "dilutedAverageSharesOutstanding": 317.2,
        "dilutedEPS": 1.1097,
        "ebit": 571.4,
        "grossIncome": 1206.5,
        "interestExpense": 83.5,
        "interestIncomeExpense": -86.8,
        "minorityInterest": 0.1,
        "netIncome": 352,
        "netIncomeAfterTaxes": 351.9,
        "nonRecurringItems": -10.8,
        "otherOperatingExpensesTotal": 21.7,
        "period": "2022-03-31",
        "pretaxIncome": 472.2,
        "provisionforIncomeTaxes": 120.3,
        "revenue": 2968.8,
        "sgaExpense": 303,
        "totalOperatingExpense": 635.1,
        "totalOtherIncomeExpenseNet": -1.6
      },
      {
        "costOfGoodsSold": 1809.7,
        "depreciationAmortization": 299,
        "dilutedAverageSharesOutstanding": 318.5,
        "dilutedEPS": 0.9831,
        "ebit": 507.8,
        "grossIncome": 1143.1,
        "interestExpense": 79.7,
        "interestIncomeExpense": -223.7,
        "minorityInterest": 0,
        "netIncome": 313.1,
        "netIncomeAfterTaxes": 313.1,
        "nonRecurringItems": -6.1,
        "otherOperatingExpensesTotal": 20.8,
        "period": "2021-12-31",
        "pretaxIncome": 276.9,
        "provisionforIncomeTaxes": -36.2,
        "revenue": 2952.8,
        "sgaExpense": 315.5,
        "totalOperatingExpense": 635.3,
        "totalOtherIncomeExpenseNet": -1.1
      },
      {
        "costOfGoodsSold": 1744,
        "depreciationAmortization": 301.3,
        "dilutedAverageSharesOutstanding": 319.4,
        "dilutedEPS": 1.0967,
        "ebit": 568.8,
        "grossIncome": 1189.9,
        "interestExpense": 78.1,
        "interestIncomeExpense": -92.6,
        "minorityInterest": -0.5,
        "netIncome": 350.3,
        "netIncomeAfterTaxes": 350.8,
        "nonRecurringItems": -4.6,
        "otherOperatingExpensesTotal": 20.8,
        "period": "2021-09-30",
        "pretaxIncome": 470.7,
        "provisionforIncomeTaxes": 119.9,
        "revenue": 2933.9,
        "sgaExpense": 299,
        "totalOperatingExpense": 621.1,
        "totalOtherIncomeExpenseNet": -0.9
      },
      {
        "costOfGoodsSold": 1650.7,
        "depreciationAmortization": 303,
        "dilutedAverageSharesOutstanding": 320,
        "dilutedEPS": 1.0347,
        "ebit": 522.6,
        "grossIncome": 1162.1,
        "interestExpense": 78.4,
        "interestIncomeExpense": -90.2,
        "minorityInterest": -0.9,
        "netIncome": 331.1,
        "netIncomeAfterTaxes": 332,
        "nonRecurringItems": -4.7,
        "otherOperatingExpensesTotal": 20.7,
        "period": "2021-06-30",
        "pretaxIncome": 427.4,
        "provisionforIncomeTaxes": 95.4,
        "revenue": 2812.8,
        "sgaExpense": 315.8,
        "totalOperatingExpense": 639.5,
        "totalOtherIncomeExpenseNet": -0.3
      },
      {
        "costOfGoodsSold": 1534.3,
        "depreciationAmortization": 282.1,
        "dilutedAverageSharesOutstanding": 319.8,
        "dilutedEPS": 0.93,
        "ebit": 494.1,
        "grossIncome": 1062.1,
        "interestExpense": 78.4,
        "interestIncomeExpense": -94.1,
        "minorityInterest": -0.5,
        "netIncome": 295.9,
        "netIncomeAfterTaxes": 296.4,
        "nonRecurringItems": -1.7,
        "otherOperatingExpensesTotal": 20.5,
        "period": "2021-03-31",
        "pretaxIncome": 400.1,
        "provisionforIncomeTaxes": 103.7,
        "revenue": 2596.4,
        "sgaExpense": 265.4,
        "totalOperatingExpense": 568,
        "totalOtherIncomeExpenseNet": 1.8
      },
      {
        "costOfGoodsSold": 1547.2,
        "depreciationAmortization": 267.5,
        "dilutedAverageSharesOutstanding": 319.8,
        "dilutedEPS": 0.74,
        "ebit": 505,
        "grossIncome": 1026,
        "interestExpense": 78.2,
        "interestIncomeExpense": -164.4,
        "minorityInterest": -0.9,
        "netIncome": 235.4,
        "netIncomeAfterTaxes": 236.3,
        "nonRecurringItems": -139.7,
        "otherOperatingExpensesTotal": 19.1,
        "period": "2020-12-31",
        "pretaxIncome": 201.3,
        "provisionforIncomeTaxes": -35,
        "revenue": 2573.2,
        "sgaExpense": 234.4,
        "totalOperatingExpense": 521,
        "totalOtherIncomeExpenseNet": 0.4
      },
      {
        "costOfGoodsSold": 1535.4,
        "depreciationAmortization": 270.7,
        "dilutedAverageSharesOutstanding": 319.7,
        "dilutedEPS": 0.81,
        "ebit": 500.2,
        "grossIncome": 1036.7,
        "interestExpense": 88.9,
        "interestIncomeExpense": -96.6,
        "minorityInterest": -0.2,
        "netIncome": 260,
        "netIncomeAfterTaxes": 260.2,
        "nonRecurringItems": -86.8,
        "otherOperatingExpensesTotal": 20.7,
        "period": "2020-09-30",
        "pretaxIncome": 318.7,
        "provisionforIncomeTaxes": 58.5,
        "revenue": 2572.1,
        "sgaExpense": 245.1,
        "totalOperatingExpense": 536.5,
        "totalOtherIncomeExpenseNet": 1.9
      },
      {
        "costOfGoodsSold": 1468.1,
        "depreciationAmortization": 269.1,
        "dilutedAverageSharesOutstanding": 319.6,
        "dilutedEPS": 0.71,
        "ebit": 435.5,
        "grossIncome": 986.3,
        "interestExpense": 91.6,
        "interestIncomeExpense": -97.7,
        "minorityInterest": -0.8,
        "netIncome": 225.5,
        "netIncomeAfterTaxes": 226.3,
        "nonRecurringItems": -40.3,
        "otherOperatingExpensesTotal": 52.4,
        "period": "2020-06-30",
        "pretaxIncome": 300.1,
        "provisionforIncomeTaxes": 73.8,
        "revenue": 2454.4,
        "sgaExpense": 229.3,
        "totalOperatingExpense": 550.8,
        "totalOtherIncomeExpenseNet": 2.6
      },
      {
        "costOfGoodsSold": 1558.1,
        "depreciationAmortization": 268.6,
        "dilutedAverageSharesOutstanding": 320.2,
        "dilutedEPS": 0.77,
        "ebit": 429,
        "grossIncome": 995.8,
        "interestExpense": 96.6,
        "interestIncomeExpense": -109.5,
        "minorityInterest": -0.5,
        "netIncome": 246.3,
        "netIncomeAfterTaxes": 246.8,
        "nonRecurringItems": 4,
        "otherOperatingExpensesTotal": 25.2,
        "period": "2020-03-31",
        "pretaxIncome": 322.6,
        "provisionforIncomeTaxes": 75.8,
        "revenue": 2553.9,
        "sgaExpense": 273,
        "totalOperatingExpense": 566.8,
        "totalOtherIncomeExpenseNet": -0.9
      },
      {
        "costOfGoodsSold": 1520.3,
        "depreciationAmortization": 257.4,
        "dilutedAverageSharesOutstanding": 320.2,
        "dilutedEPS": 0.9,
        "ebit": 485.1,
        "grossIncome": 1056.4,
        "interestExpense": 95.1,
        "interestIncomeExpense": -179.1,
        "minorityInterest": -0.7,
        "netIncome": 289.3,
        "netIncomeAfterTaxes": 290,
        "nonRecurringItems": -25.9,
        "otherOperatingExpensesTotal": 20.5,
        "period": "2019-12-31",
        "pretaxIncome": 284.9,
        "provisionforIncomeTaxes": -5.1,
        "revenue": 2576.7,
        "sgaExpense": 293.4,
        "totalOperatingExpense": 571.3,
        "totalOtherIncomeExpenseNet": 4.8
      },
      {
        "costOfGoodsSold": 1606.7,
        "depreciationAmortization": 267.3,
        "dilutedAverageSharesOutstanding": 321.7,
        "dilutedEPS": 0.93,
        "ebit": 452.3,
        "grossIncome": 1040.2,
        "interestExpense": 98,
        "interestIncomeExpense": -100,
        "minorityInterest": 0.3,
        "netIncome": 298.3,
        "netIncomeAfterTaxes": 298,
        "nonRecurringItems": 15.5,
        "otherOperatingExpensesTotal": 20.5,
        "period": "2019-09-30",
        "pretaxIncome": 369.5,
        "provisionforIncomeTaxes": 71.5,
        "revenue": 2646.9,
        "sgaExpense": 300.1,
        "totalOperatingExpense": 587.9,
        "totalOtherIncomeExpenseNet": 1.7
      },
      {
        "costOfGoodsSold": 1592.5,
        "depreciationAmortization": 264.2,
        "dilutedAverageSharesOutstanding": 322.8,
        "dilutedEPS": 0.78,
        "ebit": 439.1,
        "grossIncome": 1012.8,
        "interestExpense": 98.5,
        "interestIncomeExpense": -108.6,
        "minorityInterest": 0.6,
        "netIncome": 251.5,
        "netIncomeAfterTaxes": 250.9,
        "nonRecurringItems": -1.7,
        "otherOperatingExpensesTotal": 20.5,
        "period": "2019-06-30",
        "pretaxIncome": 328.6,
        "provisionforIncomeTaxes": 77.7,
        "revenue": 2605.3,
        "sgaExpense": 289,
        "totalOperatingExpense": 573.7,
        "totalOtherIncomeExpenseNet": -0.2
      },
      {
        "costOfGoodsSold": 1482.5,
        "depreciationAmortization": 251.5,
        "dilutedAverageSharesOutstanding": 323.5,
        "dilutedEPS": 0.72,
        "ebit": 426.1,
        "grossIncome": 988.1,
        "interestExpense": 100.4,
        "interestIncomeExpense": -110.1,
        "minorityInterest": -0.7,
        "netIncome": 234.2,
        "netIncomeAfterTaxes": 234.9,
        "nonRecurringItems": -3.3,
        "otherOperatingExpensesTotal": 20.5,
        "period": "2019-03-31",
        "pretaxIncome": 312.8,
        "provisionforIncomeTaxes": 77.9,
        "revenue": 2470.6,
        "sgaExpense": 290,
        "totalOperatingExpense": 562,
        "totalOtherIncomeExpenseNet": 0.1
      },
      {
        "costOfGoodsSold": 1525.6,
        "depreciationAmortization": 252.4,
        "dilutedAverageSharesOutstanding": 325.7,
        "dilutedEPS": 0.92,
        "ebit": 459.5,
        "grossIncome": 1004.4,
        "interestExpense": 96.5,
        "interestIncomeExpense": -126,
        "minorityInterest": -0.2,
        "netIncome": 300.9,
        "netIncomeAfterTaxes": 301.4,
        "nonRecurringItems": 23.7,
        "otherOperatingExpensesTotal": 20,
        "period": "2018-12-31",
        "pretaxIncome": 357.3,
        "provisionforIncomeTaxes": 55.9,
        "revenue": 2530,
        "sgaExpense": 272.5,
        "totalOperatingExpense": 544.9,
        "totalOtherIncomeExpenseNet": 0.1
      },
      {
        "costOfGoodsSold": 1577.4,
        "depreciationAmortization": 262.4,
        "dilutedAverageSharesOutstanding": 326.9,
        "dilutedEPS": 0.81,
        "ebit": 444.9,
        "grossIncome": 988.3,
        "interestExpense": 96,
        "interestIncomeExpense": -101.1,
        "minorityInterest": 0.5,
        "netIncome": 263.4,
        "netIncomeAfterTaxes": 262.9,
        "nonRecurringItems": -4.6,
        "otherOperatingExpensesTotal": 20.1,
        "period": "2018-09-30",
        "pretaxIncome": 340.3,
        "provisionforIncomeTaxes": 77.4,
        "revenue": 2565.7,
        "sgaExpense": 260.9,
        "totalOperatingExpense": 543.4,
        "totalOtherIncomeExpenseNet": 1.1
      },
      {
        "costOfGoodsSold": 1577.2,
        "depreciationAmortization": 255.5,
        "dilutedAverageSharesOutstanding": 328.8,
        "dilutedEPS": 0.71,
        "ebit": 412,
        "grossIncome": 940.6,
        "interestExpense": 96.5,
        "interestIncomeExpense": -96.4,
        "minorityInterest": -0.8,
        "netIncome": 234.9,
        "netIncomeAfterTaxes": 235.7,
        "nonRecurringItems": -4.1,
        "otherOperatingExpensesTotal": 20.2,
        "period": "2018-06-30",
        "pretaxIncome": 312.6,
        "provisionforIncomeTaxes": 76.9,
        "revenue": 2517.8,
        "sgaExpense": 252.9,
        "totalOperatingExpense": 528.6,
        "totalOtherIncomeExpenseNet": 1.1
      },
      {
        "costOfGoodsSold": 1469.8,
        "depreciationAmortization": 263.1,
        "dilutedAverageSharesOutstanding": 332.2,
        "dilutedEPS": 0.72,
        "ebit": 413,
        "grossIncome": 957.7,
        "interestExpense": 94.8,
        "interestIncomeExpense": -94.6,
        "minorityInterest": -0.2,
        "netIncome": 237.7,
        "netIncomeAfterTaxes": 237.9,
        "nonRecurringItems": -8.8,
        "otherOperatingExpensesTotal": 20.4,
        "period": "2018-03-31",
        "pretaxIncome": 310.6,
        "provisionforIncomeTaxes": 72.7,
        "revenue": 2427.5,
        "sgaExpense": 261.2,
        "totalOperatingExpense": 544.7,
        "totalOtherIncomeExpenseNet": 1
      },
      {
        "costOfGoodsSold": 1593,
        "depreciationAmortization": 267.3,
        "dilutedAverageSharesOutstanding": 335.7,
        "dilutedEPS": 1.97,
        "ebit": 405.5,
        "grossIncome": 967,
        "interestExpense": 92.9,
        "interestIncomeExpense": -112.1,
        "minorityInterest": -0.1,
        "netIncome": 664.4,
        "netIncomeAfterTaxes": 200.6,
        "nonRecurringItems": 0.5,
        "otherOperatingExpensesTotal": 20,
        "period": "2017-12-31",
        "pretaxIncome": 295.7,
        "provisionforIncomeTaxes": 95.1,
        "revenue": 2560,
        "sgaExpense": 274.2,
        "totalOperatingExpense": 561.5,
        "totalOtherIncomeExpenseNet": 1.8
      },
      {
        "costOfGoodsSold": 1580.1,
        "depreciationAmortization": 260.8,
        "dilutedAverageSharesOutstanding": 338.5,
        "dilutedEPS": 0.66,
        "ebit": 434.4,
        "grossIncome": 981.9,
        "interestExpense": 90,
        "interestIncomeExpense": -91.9,
        "minorityInterest": -0.1,
        "netIncome": 223.2,
        "netIncomeAfterTaxes": 223.3,
        "nonRecurringItems": 13.7,
        "otherOperatingExpensesTotal": 20,
        "period": "2017-09-30",
        "pretaxIncome": 356.7,
        "provisionforIncomeTaxes": 133.4,
        "revenue": 2562,
        "sgaExpense": 266.7,
        "totalOperatingExpense": 547.5,
        "totalOtherIncomeExpenseNet": 0.5
      },
      {
        "costOfGoodsSold": 1557.4,
        "depreciationAmortization": 258.3,
        "dilutedAverageSharesOutstanding": 340,
        "dilutedEPS": 0.6,
        "ebit": 428.2,
        "grossIncome": 969.3,
        "interestExpense": 89.5,
        "interestIncomeExpense": -92.3,
        "minorityInterest": -0.5,
        "netIncome": 202.9,
        "netIncomeAfterTaxes": 203.4,
        "nonRecurringItems": -2.7,
        "otherOperatingExpensesTotal": 19.9,
        "period": "2017-06-30",
        "pretaxIncome": 333.4,
        "provisionforIncomeTaxes": 130,
        "revenue": 2526.7,
        "sgaExpense": 262.9,
        "totalOperatingExpense": 541.1,
        "totalOtherIncomeExpenseNet": 0.2
      },
      {
        "costOfGoodsSold": 1484.1,
        "depreciationAmortization": 249.9,
        "dilutedAverageSharesOutstanding": 341.9,
        "dilutedEPS": 0.55,
        "ebit": 384.2,
        "grossIncome": 908.7,
        "interestExpense": 89.4,
        "interestIncomeExpense": -92,
        "minorityInterest": 0,
        "netIncome": 187.8,
        "netIncomeAfterTaxes": 187.8,
        "nonRecurringItems": 3.9,
        "otherOperatingExpensesTotal": 21.1,
        "period": "2017-03-31",
        "pretaxIncome": 296.2,
        "provisionforIncomeTaxes": 108.4,
        "revenue": 2392.8,
        "sgaExpense": 253.5,
        "totalOperatingExpense": 524.5,
        "totalOtherIncomeExpenseNet": 0.1
      },
      {
        "costOfGoodsSold": 1465.3,
        "depreciationAmortization": 245.4,
        "dilutedAverageSharesOutstanding": 341.7,
        "dilutedEPS": 0.55,
        "ebit": 399,
        "grossIncome": 913.9,
        "interestExpense": 36.6,
        "interestIncomeExpense": -42.7,
        "minorityInterest": -0.1,
        "netIncome": 189.5,
        "netIncomeAfterTaxes": 189.6,
        "nonRecurringItems": -7.1,
        "otherOperatingExpensesTotal": 19.8,
        "period": "2016-12-31",
        "pretaxIncome": 294.7,
        "provisionforIncomeTaxes": 105.1,
        "revenue": 2379.2,
        "sgaExpense": 249.7,
        "totalOperatingExpense": 514.9,
        "totalOtherIncomeExpenseNet": -54.5
      },
      {
        "costOfGoodsSold": 1476.7,
        "depreciationAmortization": 252.4,
        "dilutedAverageSharesOutstanding": 344,
        "dilutedEPS": 0.25,
        "ebit": 425.1,
        "grossIncome": 932.6,
        "interestExpense": 96.3,
        "interestIncomeExpense": -96.1,
        "minorityInterest": -0.1,
        "netIncome": 85.6,
        "netIncomeAfterTaxes": 85.7,
        "nonRecurringItems": -203.4,
        "otherOperatingExpensesTotal": 19.7,
        "period": "2016-09-30",
        "pretaxIncome": 126.9,
        "provisionforIncomeTaxes": 41.2,
        "revenue": 2409.3,
        "sgaExpense": 235.4,
        "totalOperatingExpense": 507.5,
        "totalOtherIncomeExpenseNet": 1.3
      },
      {
        "costOfGoodsSold": 1440.7,
        "depreciationAmortization": 250.1,
        "dilutedAverageSharesOutstanding": 345.2,
        "dilutedEPS": 0.52,
        "ebit": 396.6,
        "grossIncome": 910,
        "interestExpense": 92.2,
        "interestIncomeExpense": -92,
        "minorityInterest": -0.2,
        "netIncome": 180.8,
        "netIncomeAfterTaxes": 181,
        "nonRecurringItems": -14.5,
        "otherOperatingExpensesTotal": 19.8,
        "period": "2016-06-30",
        "pretaxIncome": 291.7,
        "provisionforIncomeTaxes": 110.7,
        "revenue": 2350.7,
        "sgaExpense": 243.5,
        "totalOperatingExpense": 513.4,
        "totalOtherIncomeExpenseNet": 1.6
      },
      {
        "costOfGoodsSold": 1381.3,
        "depreciationAmortization": 243.2,
        "dilutedAverageSharesOutstanding": 345.6,
        "dilutedEPS": 0.45,
        "ebit": 357.4,
        "grossIncome": 867.2,
        "interestExpense": 92.8,
        "interestIncomeExpense": -92.2,
        "minorityInterest": -0.3,
        "netIncome": 156.6,
        "netIncomeAfterTaxes": 156.9,
        "nonRecurringItems": -11.9,
        "otherOperatingExpensesTotal": 25.4,
        "period": "2016-03-31",
        "pretaxIncome": 252.6,
        "provisionforIncomeTaxes": 95.7,
        "revenue": 2248.5,
        "sgaExpense": 241.2,
        "totalOperatingExpense": 509.8,
        "totalOtherIncomeExpenseNet": -0.7
      },
      {
        "costOfGoodsSold": 1403.7,
        "depreciationAmortization": 244.3,
        "dilutedAverageSharesOutstanding": 348.4,
        "dilutedEPS": 0.49,
        "ebit": 353.9,
        "grossIncome": 886.5,
        "interestExpense": 81,
        "interestIncomeExpense": -80.8,
        "minorityInterest": -0.2,
        "netIncome": 172.2,
        "netIncomeAfterTaxes": 172.4,
        "nonRecurringItems": 0,
        "otherOperatingExpensesTotal": 24.7,
        "period": "2015-12-31",
        "pretaxIncome": 261.9,
        "provisionforIncomeTaxes": 89.5,
        "revenue": 2290.2,
        "sgaExpense": 263.6,
        "totalOperatingExpense": 532.6,
        "totalOtherIncomeExpenseNet": -11.2
      },
      {
        "costOfGoodsSold": 1390.2,
        "depreciationAmortization": 247.1,
        "dilutedAverageSharesOutstanding": 350.3,
        "dilutedEPS": 0.61,
        "ebit": 442.9,
        "grossIncome": 953.8,
        "interestExpense": 79.7,
        "interestIncomeExpense": -79.6,
        "minorityInterest": -0.2,
        "netIncome": 215,
        "netIncomeAfterTaxes": 215.2,
        "nonRecurringItems": 0,
        "otherOperatingExpensesTotal": 19.7,
        "period": "2015-09-30",
        "pretaxIncome": 350.8,
        "provisionforIncomeTaxes": 135.6,
        "revenue": 2344,
        "sgaExpense": 244.1,
        "totalOperatingExpense": 510.9,
        "totalOtherIncomeExpenseNet": -12.5
      }
    ],
    "symbol": "RSG"
  }
}