{
  "symbol": "CRWD",
  "statement": "ic",
  "frequency": "quarterly",
  "timestamp": "2025-09-19T13:58:41.215458",
  "data": {
    "financials": [
      {
        "costOfGoodsSold": 303.375,
        "depreciationAmortization": 1.255,
        "dilutedAverageSharesOutstanding": 249.909,
        "dilutedEPS": -0.31,
        "ebit": -37.675,
        "grossIncome": 865.577,
        "interestExpense": 6.823,
        "interestIncomeExpense": 44.087,
        "minorityInterest": -0.03,
        "netIncome": -77.675,
        "netIncomeAfterTaxes": -77.645,
        "nonRecurringItems": -75.304,
        "period": "2025-07-31",
        "pretaxIncome": -71.674,
        "provisionforIncomeTaxes": 5.971,
        "researchDevelopment": 329.539,
        "revenue": 1168.952,
        "sgaExpense": 572.458,
        "totalOperatingExpense": 903.252,
        "totalOtherIncomeExpenseNet": -2.782
      },
      {
        "costOfGoodsSold": 289.143,
        "dilutedAverageSharesOutstanding": 248.432,
        "dilutedEPS": -0.44,
        "ebit": -124.656,
        "grossIncome": 814.291,
        "interestExpense": 6.715,
        "interestIncomeExpense": 37.086,
        "minorityInterest": 0.786,
        "netIncome": -110.207,
        "netIncomeAfterTaxes": -110.993,
        "period": "2025-04-30",
        "pretaxIncome": -89.887,
        "provisionforIncomeTaxes": 21.106,
        "researchDevelopment": 334.129,
        "revenue": 1103.434,
        "sgaExpense": 604.818,
        "totalOperatingExpense": 938.947,
        "totalOtherIncomeExpenseNet": -2.317
      },
      {
        "costOfGoodsSold": 273.99,
        "dilutedAverageSharesOutstanding": 246.949,
        "dilutedEPS": -0.37,
        "ebit": -85.601,
        "grossIncome": 784.548,
        "interestExpense": 6.664,
        "interestIncomeExpense": 36.106,
        "minorityInterest": 0.449,
        "netIncome": -92.282,
        "netIncomeAfterTaxes": -92.731,
        "nonRecurringItems": 0.3,
        "period": "2025-01-31",
        "pretaxIncome": -46.463,
        "provisionforIncomeTaxes": 46.268,
        "researchDevelopment": 315.142,
        "revenue": 1058.538,
        "sgaExpense": 555.007,
        "totalOperatingExpense": 870.149,
        "totalOtherIncomeExpenseNet": 2.732
      },
      {
        "costOfGoodsSold": 255.087,
        "dilutedAverageSharesOutstanding": 245.536,
        "dilutedEPS": -0.07,
        "ebit": -55.723,
        "grossIncome": 755.091,
        "interestExpense": 6.587,
        "interestIncomeExpense": 45.614,
        "minorityInterest": -0.003,
        "netIncome": -16.822,
        "netIncomeAfterTaxes": -16.819,
        "nonRecurringItems": 0,
        "period": "2024-10-31",
        "pretaxIncome": -10.538,
        "provisionforIncomeTaxes": 6.281,
        "researchDevelopment": 275.602,
        "revenue": 1010.178,
        "sgaExpense": 535.212,
        "totalOperatingExpense": 810.814,
        "totalOtherIncomeExpenseNet": -0.429
      },
      {
        "costOfGoodsSold": 237.401,
        "dilutedAverageSharesOutstanding": 251.265,
        "dilutedEPS": 0.19,
        "ebit": 14.158,
        "grossIncome": 726.471,
        "interestExpense": 6.549,
        "interestIncomeExpense": 44.322,
        "minorityInterest": 0.323,
        "netIncome": 47.013,
        "netIncomeAfterTaxes": 46.69,
        "nonRecurringItems": -0.5,
        "period": "2024-07-31",
        "pretaxIncome": 57.604,
        "provisionforIncomeTaxes": 10.914,
        "researchDevelopment": 250.908,
        "revenue": 963.872,
        "sgaExpense": 461.405,
        "totalOperatingExpense": 712.313,
        "totalOtherIncomeExpenseNet": -0.376
      },
      {
        "costOfGoodsSold": 225.003,
        "dilutedAverageSharesOutstanding": 250.164,
        "dilutedEPS": 0.17,
        "ebit": 9.436,
        "grossIncome": 696.033,
        "interestExpense": 6.511,
        "interestIncomeExpense": 46.22,
        "minorityInterest": -3.444,
        "netIncome": 42.82,
        "netIncomeAfterTaxes": 46.264,
        "nonRecurringItems": -2.5,
        "period": "2024-04-30",
        "pretaxIncome": 53.931,
        "provisionforIncomeTaxes": 7.667,
        "researchDevelopment": 235.249,
        "revenue": 921.036,
        "sgaExpense": 451.348,
        "totalOperatingExpense": 686.597,
        "totalOtherIncomeExpenseNet": 0.775
      },
      {
        "costOfGoodsSold": 208.572,
        "dilutedAverageSharesOutstanding": 247.952,
        "dilutedEPS": 0.22,
        "ebit": 29.671,
        "grossIncome": 636.763,
        "interestExpense": 6.422,
        "interestIncomeExpense": 39.163,
        "minorityInterest": -1.242,
        "netIncome": 53.699,
        "netIncomeAfterTaxes": 54.941,
        "period": "2024-01-31",
        "pretaxIncome": 68.55,
        "provisionforIncomeTaxes": 13.609,
        "researchDevelopment": 213.998,
        "revenue": 845.335,
        "sgaExpense": 393.094,
        "totalOperatingExpense": 607.092,
        "totalOtherIncomeExpenseNet": -0.284
      },
      {
        "costOfGoodsSold": 195.004,
        "dilutedAverageSharesOutstanding": 243.799,
        "dilutedEPS": 0.11,
        "ebit": 3.163,
        "grossIncome": 591.01,
        "interestExpense": 6.503,
        "interestIncomeExpense": 33.583,
        "minorityInterest": -0.004,
        "netIncome": 26.665,
        "netIncomeAfterTaxes": 26.669,
        "period": "2023-10-31",
        "pretaxIncome": 36.272,
        "provisionforIncomeTaxes": 9.603,
        "researchDevelopment": 196.072,
        "revenue": 786.014,
        "sgaExpense": 391.775,
        "totalOperatingExpense": 587.847,
        "totalOtherIncomeExpenseNet": -0.474
      },
      {
        "costOfGoodsSold": 182.917,
        "dilutedAverageSharesOutstanding": 242.144,
        "dilutedEPS": 0.03,
        "ebit": -15.373,
        "grossIncome": 548.709,
        "interestExpense": 6.444,
        "interestIncomeExpense": 30.194,
        "minorityInterest": -0.004,
        "netIncome": 8.472,
        "netIncomeAfterTaxes": 8.476,
        "period": "2023-07-31",
        "pretaxIncome": 13.087,
        "provisionforIncomeTaxes": 4.611,
        "researchDevelopment": 179.362,
        "revenue": 731.626,
        "sgaExpense": 384.72,
        "totalOperatingExpense": 564.082,
        "totalOtherIncomeExpenseNet": -1.734
      },
      {
        "costOfGoodsSold": 169.23,
        "dilutedAverageSharesOutstanding": 240.598,
        "dilutedEPS": 0,
        "ebit": -19.456,
        "grossIncome": 523.35,
        "interestExpense": 6.387,
        "interestIncomeExpense": 24.134,
        "minorityInterest": -0.008,
        "netIncome": 0.491,
        "netIncomeAfterTaxes": 0.499,
        "period": "2023-04-30",
        "pretaxIncome": 4.908,
        "provisionforIncomeTaxes": 4.409,
        "researchDevelopment": 179.065,
        "revenue": 692.58,
        "sgaExpense": 363.741,
        "totalOperatingExpense": 542.806,
        "totalOtherIncomeExpenseNet": 0.23
      },
      {
        "costOfGoodsSold": 175.604,
        "dilutedAverageSharesOutstanding": 235.05,
        "dilutedEPS": -0.2,
        "ebit": -61.5,
        "grossIncome": 461.763,
        "interestExpense": 6.352,
        "interestIncomeExpense": 22.464,
        "minorityInterest": 1.451,
        "netIncome": -47.481,
        "netIncomeAfterTaxes": -48.932,
        "period": "2023-01-31",
        "pretaxIncome": -43.618,
        "provisionforIncomeTaxes": 5.314,
        "researchDevelopment": 191.845,
        "revenue": 637.367,
        "sgaExpense": 331.418,
        "totalOperatingExpense": 523.263,
        "totalOtherIncomeExpenseNet": -4.582
      },
      {
        "costOfGoodsSold": 158.228,
        "dilutedAverageSharesOutstanding": 233.785,
        "dilutedEPS": -0.24,
        "ebit": -56.422,
        "grossIncome": 422.654,
        "interestExpense": 6.334,
        "interestIncomeExpense": 10.511,
        "minorityInterest": -0.325,
        "netIncome": -54.956,
        "netIncomeAfterTaxes": -54.631,
        "period": "2022-10-31",
        "pretaxIncome": -45.761,
        "provisionforIncomeTaxes": 8.87,
        "researchDevelopment": 155.256,
        "revenue": 580.882,
        "sgaExpense": 323.82,
        "totalOperatingExpense": 479.076,
        "totalOtherIncomeExpenseNet": 0.15
      },
      {
        "costOfGoodsSold": 140.567,
        "dilutedAverageSharesOutstanding": 232.554,
        "dilutedEPS": -0.21,
        "ebit": -48.307,
        "grossIncome": 394.586,
        "interestExpense": 6.335,
        "interestIncomeExpense": -4.435,
        "minorityInterest": -0.972,
        "netIncome": -49.285,
        "netIncomeAfterTaxes": -48.313,
        "period": "2022-07-31",
        "pretaxIncome": -43.535,
        "provisionforIncomeTaxes": 4.778,
        "researchDevelopment": 137.864,
        "revenue": 535.153,
        "sgaExpense": 305.029,
        "totalOperatingExpense": 442.893,
        "totalOtherIncomeExpenseNet": 9.207
      },
      {
        "costOfGoodsSold": 126.832,
        "dilutedAverageSharesOutstanding": 231.179,
        "dilutedEPS": -0.14,
        "ebit": -23.883,
        "grossIncome": 361.002,
        "interestExpense": 6.298,
        "interestIncomeExpense": -4.098,
        "minorityInterest": -1.114,
        "netIncome": -31.523,
        "netIncomeAfterTaxes": -30.409,
        "period": "2022-04-30",
        "pretaxIncome": -26.969,
        "provisionforIncomeTaxes": 3.44,
        "researchDevelopment": 123.399,
        "revenue": 487.834,
        "sgaExpense": 261.486,
        "totalOperatingExpense": 384.885,
        "totalOtherIncomeExpenseNet": 1.012
      },
      {
        "costOfGoodsSold": 112.62,
        "dilutedAverageSharesOutstanding": 229.692,
        "dilutedEPS": -0.18,
        "ebit": -23.246,
        "grossIncome": 318.39,
        "interestExpense": 6.302,
        "interestIncomeExpense": -5.868,
        "minorityInterest": -0.241,
        "netIncome": -41.98,
        "netIncomeAfterTaxes": -41.739,
        "nonRecurringItems": -0.288,
        "period": "2022-01-31",
        "pretaxIncome": -28.157,
        "provisionforIncomeTaxes": 13.582,
        "researchDevelopment": 105.018,
        "revenue": 431.01,
        "sgaExpense": 236.618,
        "totalOperatingExpense": 341.636,
        "totalOtherIncomeExpenseNet": 1.245
      },
      {
        "costOfGoodsSold": 101.664,
        "depreciationAmortization": 0.553,
        "dilutedAverageSharesOutstanding": 228.293,
        "dilutedEPS": -0.22,
        "ebit": -39.293,
        "grossIncome": 278.387,
        "interestExpense": 6.403,
        "interestIncomeExpense": -6.393,
        "minorityInterest": -0.005,
        "netIncome": -50.455,
        "netIncomeAfterTaxes": -50.45,
        "nonRecurringItems": -0.971,
        "period": "2021-10-31",
        "pretaxIncome": -45.977,
        "provisionforIncomeTaxes": 4.473,
        "researchDevelopment": 97.63,
        "revenue": 380.051,
        "sgaExpense": 219.497,
        "totalOperatingExpense": 317.68,
        "totalOtherIncomeExpenseNet": 0.68
      },
      {
        "costOfGoodsSold": 90.432,
        "depreciationAmortization": 0.547,
        "dilutedAverageSharesOutstanding": 226.362,
        "dilutedEPS": -0.25,
        "ebit": -44.307,
        "grossIncome": 247.258,
        "interestExpense": 6.296,
        "interestIncomeExpense": -6.296,
        "minorityInterest": 0,
        "netIncome": -57.318,
        "netIncomeAfterTaxes": -57.318,
        "nonRecurringItems": -3.096,
        "period": "2021-07-31",
        "pretaxIncome": -53.08,
        "provisionforIncomeTaxes": 4.238,
        "researchDevelopment": 90.455,
        "revenue": 337.69,
        "sgaExpense": 200.563,
        "totalOperatingExpense": 291.565,
        "totalOtherIncomeExpenseNet": 0.619
      },
      {
        "costOfGoodsSold": 78.505,
        "depreciationAmortization": 0.422,
        "dilutedAverageSharesOutstanding": 224.153,
        "dilutedEPS": -0.38,
        "ebit": -27.002,
        "grossIncome": 224.338,
        "interestExpense": 6.23,
        "interestIncomeExpense": -1.874,
        "minorityInterest": -2.178,
        "netIncome": -85.049,
        "netIncomeAfterTaxes": -82.871,
        "nonRecurringItems": -4.345,
        "period": "2021-04-30",
        "pretaxIncome": -32.809,
        "provisionforIncomeTaxes": 50.062,
        "researchDevelopment": 78.18,
        "revenue": 302.843,
        "sgaExpense": 172.738,
        "totalOperatingExpense": 251.34,
        "totalOtherIncomeExpenseNet": 0.412
      },
      {
        "costOfGoodsSold": 66.732,
        "depreciationAmortization": 0.209,
        "dilutedAverageSharesOutstanding": 221.728,
        "dilutedEPS": -0.09,
        "ebit": -14.164,
        "grossIncome": 198.197,
        "interestExpense": 1.049,
        "interestIncomeExpense": -1.049,
        "netIncome": -19.002,
        "netIncomeAfterTaxes": -19.002,
        "nonRecurringItems": -1.639,
        "period": "2021-01-31",
        "pretaxIncome": -16.17,
        "provisionforIncomeTaxes": 2.832,
        "researchDevelopment": 66.07,
        "revenue": 264.929,
        "sgaExpense": 146.082,
        "totalOperatingExpense": 212.361,
        "totalOtherIncomeExpenseNet": 0.682
      },
      {
        "costOfGoodsSold": 61.527,
        "depreciationAmortization": 0.1,
        "dilutedAverageSharesOutstanding": 219.401,
        "dilutedEPS": -0.11,
        "ebit": -22.04,
        "grossIncome": 170.933,
        "interestExpense": 0.193,
        "interestIncomeExpense": -0.193,
        "netIncome": -24.531,
        "netIncomeAfterTaxes": -24.531,
        "nonRecurringItems": -2.119,
        "period": "2020-10-31",
        "pretaxIncome": -24.08,
        "provisionforIncomeTaxes": 0.451,
        "researchDevelopment": 57.53,
        "revenue": 232.46,
        "sgaExpense": 135.343,
        "totalOperatingExpense": 192.973,
        "totalOtherIncomeExpenseNet": 0.272
      },
      {
        "costOfGoodsSold": 54.391,
        "depreciationAmortization": 0.041,
        "dilutedAverageSharesOutstanding": 216.695,
        "dilutedEPS": -0.14,
        "ebit": -29.991,
        "grossIncome": 144.58,
        "interestExpense": 0.174,
        "interestIncomeExpense": -0.174,
        "netIncome": -29.874,
        "netIncomeAfterTaxes": -29.874,
        "period": "2020-07-31",
        "pretaxIncome": -29.433,
        "provisionforIncomeTaxes": 0.441,
        "researchDevelopment": 50.473,
        "revenue": 198.971,
        "sgaExpense": 124.057,
        "totalOperatingExpense": 174.571,
        "totalOtherIncomeExpenseNet": 0.732
      },
      {
        "costOfGoodsSold": 46.895,
        "depreciationAmortization": 0.041,
        "dilutedAverageSharesOutstanding": 213.129,
        "dilutedEPS": -0.09,
        "ebit": -22.576,
        "grossIncome": 131.183,
        "interestExpense": 0.143,
        "interestIncomeExpense": -0.143,
        "netIncome": -19.222,
        "netIncomeAfterTaxes": -19.222,
        "period": "2020-04-30",
        "pretaxIncome": -18.186,
        "provisionforIncomeTaxes": 1.036,
        "researchDevelopment": 40.568,
        "revenue": 178.078,
        "sgaExpense": 113.15,
        "totalOperatingExpense": 153.759,
        "totalOtherIncomeExpenseNet": 4.533
      },
      {
        "costOfGoodsSold": 43.416,
        "depreciationAmortization": 0.041,
        "dilutedAverageSharesOutstanding": 208.221,
        "dilutedEPS": -0.14,
        "ebit": -31.132,
        "grossIncome": 108.693,
        "interestExpense": 0.145,
        "interestIncomeExpense": -0.145,
        "netIncome": -28.408,
        "netIncomeAfterTaxes": -28.408,
        "period": "2020-01-31",
        "pretaxIncome": -28.075,
        "provisionforIncomeTaxes": 0.333,
        "researchDevelopment": 38.681,
        "revenue": 152.109,
        "sgaExpense": 101.103,
        "totalOperatingExpense": 139.825,
        "totalOtherIncomeExpenseNet": 3.202
      },
      {
        "costOfGoodsSold": 37.355,
        "depreciationAmortization": 0.04,
        "dilutedAverageSharesOutstanding": 204.096,
        "dilutedEPS": -0.17,
        "ebit": -38.518,
        "grossIncome": 87.764,
        "interestExpense": 0.132,
        "interestIncomeExpense": -0.132,
        "netIncome": -35.505,
        "netIncomeAfterTaxes": -35.505,
        "otherOperatingExpensesTotal": 9.049,
        "period": "2019-10-31",
        "pretaxIncome": -35.071,
        "provisionforIncomeTaxes": 0.434,
        "researchDevelopment": 35.982,
        "revenue": 125.119,
        "sgaExpense": 81.211,
        "totalOperatingExpense": 126.282,
        "totalOtherIncomeExpenseNet": 3.579
      },
      {
        "costOfGoodsSold": 31.582,
        "depreciationAmortization": 0.042,
        "dilutedAverageSharesOutstanding": 130.091,
        "dilutedEPS": -0.4,
        "ebit": -50.639,
        "grossIncome": 76.526,
        "interestExpense": 0.164,
        "interestIncomeExpense": 4.736,
        "netIncome": -51.889,
        "netIncomeAfterTaxes": -51.889,
        "otherOperatingExpensesTotal": 7.731,
        "period": "2019-07-31",
        "pretaxIncome": -51.254,
        "provisionforIncomeTaxes": 0.635,
        "researchDevelopment": 31.62,
        "revenue": 108.108,
        "sgaExpense": 87.772,
        "totalOperatingExpense": 127.165,
        "totalOtherIncomeExpenseNet": -5.351
      },
      {
        "costOfGoodsSold": 29.273,
        "dilutedAverageSharesOutstanding": 196.689,
        "dilutedEPS": -0.13,
        "ebit": -25.775,
        "grossIncome": 66.804,
        "interestExpense": 0.001,
        "interestIncomeExpense": 1.199,
        "netIncome": -25.977,
        "netIncomeAfterTaxes": -25.977,
        "otherOperatingExpensesTotal": 7.345,
        "period": "2019-04-30",
        "pretaxIncome": -25.382,
        "provisionforIncomeTaxes": 0.595,
        "researchDevelopment": 23.875,
        "revenue": 96.077,
        "sgaExpense": 61.359,
        "totalOperatingExpense": 92.579,
        "totalOtherIncomeExpenseNet": -0.806
      },
      {
        "costOfGoodsSold": 26.995,
        "dilutedAverageSharesOutstanding": 196.689,
        "dilutedEPS": -0.16,
        "ebit": -31.232,
        "grossIncome": 53.46,
        "interestIncomeExpense": 0,
        "netIncome": -31.26,
        "netIncomeAfterTaxes": -31.26,
        "period": "2019-01-31",
        "pretaxIncome": -30.911,
        "provisionforIncomeTaxes": 0.349,
        "researchDevelopment": 22.005,
        "revenue": 80.455,
        "sgaExpense": 62.687,
        "totalOperatingExpense": 84.692,
        "totalOtherIncomeExpenseNet": 0.321
      },
      {
        "costOfGoodsSold": 22.274,
        "dilutedAverageSharesOutstanding": 196.689,
        "dilutedEPS": -0.22,
        "ebit": -42.091,
        "grossIncome": 44.105,
        "interestIncomeExpense": 0,
        "netIncome": -42.323,
        "netIncomeAfterTaxes": -42.323,
        "period": "2018-10-31",
        "pretaxIncome": -41.788,
        "provisionforIncomeTaxes": 0.535,
        "researchDevelopment": 25.968,
        "revenue": 66.379,
        "sgaExpense": 60.228,
        "totalOperatingExpense": 86.196,
        "totalOtherIncomeExpenseNet": 0.303
      },
      {
        "costOfGoodsSold": 18.575,
        "dilutedAverageSharesOutstanding": 196.689,
        "dilutedEPS": -0.17,
        "ebit": -30.427,
        "grossIncome": 37.126,
        "interestExpense": 0.236,
        "interestIncomeExpense": -0.236,
        "netIncome": -32.877,
        "netIncomeAfterTaxes": -32.877,
        "period": "2018-07-31",
        "pretaxIncome": -32.515,
        "provisionforIncomeTaxes": 0.362,
        "researchDevelopment": 18.963,
        "revenue": 55.701,
        "sgaExpense": 48.59,
        "totalOperatingExpense": 67.553,
        "totalOtherIncomeExpenseNet": -1.852
      },
      {
        "costOfGoodsSold": 19.394,
        "dilutedAverageSharesOutstanding": 196.689,
        "dilutedEPS": -0.17,
        "ebit": -33.114,
        "grossIncome": 27.895,
        "interestExpense": 0.192,
        "interestIncomeExpense": -0.192,
        "netIncome": -33.617,
        "netIncomeAfterTaxes": -33.617,
        "period": "2018-04-30",
        "pretaxIncome": -33.496,
        "provisionforIncomeTaxes": 0.121,
        "researchDevelopment": 17.615,
        "revenue": 47.289,
        "sgaExpense": 43.394,
        "totalOperatingExpense": 61.009,
        "totalOtherIncomeExpenseNet": -0.19
      },
      {
        "costOfGoodsSold": 19.17,
        "dilutedAverageSharesOutstanding": 196.689,
        "dilutedEPS": -0.21,
        "ebit": -36.767,
        "grossIncome": 19.547,
        "interestExpense": 0.19,
        "interestIncomeExpense": -0.19,
        "netIncome": -41.717,
        "netIncomeAfterTaxes": -37.493,
        "period": "2018-01-31",
        "pretaxIncome": -37.01,
        "provisionforIncomeTaxes": 0.483,
        "researchDevelopment": 15.928,
        "revenue": 38.717,
        "sgaExpense": 40.386,
        "totalOperatingExpense": 56.314,
        "totalOtherIncomeExpenseNet": -0.053
      }
    ],
    "symbol": "CRWD"
  }
}