{
  "symbol": "ENPH",
  "statement": "ic",
  "frequency": "quarterly",
  "timestamp": "2025-09-19T13:59:46.190022",
  "data": {
    "financials": [
      {
        "costOfGoodsSold": 190.86,
        "depreciationAmortization": 3.459,
        "dilutedAverageSharesOutstanding": 135.219,
        "dilutedEPS": 0.274,
        "ebit": 42.129,
        "grossIncome": 172.293,
        "interestExpense": 0.815,
        "interestIncomeExpense": 4.632,
        "netIncome": 37.052,
        "netIncomeAfterTaxes": 37.052,
        "nonRecurringItems": -5.122,
        "period": "2025-06-30",
        "pretaxIncome": 42.205,
        "provisionforIncomeTaxes": 5.153,
        "researchDevelopment": 45.421,
        "revenue": 363.153,
        "sgaExpense": 81.284,
        "totalOperatingExpense": 130.164,
        "totalOtherIncomeExpenseNet": 0.566
      },
      {
        "costOfGoodsSold": 187.843,
        "depreciationAmortization": 3.42,
        "dilutedAverageSharesOutstanding": 136.208,
        "dilutedEPS": 0.2183,
        "ebit": 35.084,
        "grossIncome": 168.241,
        "interestExpense": 2.047,
        "interestIncomeExpense": 15.308,
        "netIncome": 29.73,
        "netIncomeAfterTaxes": 29.73,
        "nonRecurringItems": -3.162,
        "period": "2025-03-31",
        "pretaxIncome": 46.893,
        "provisionforIncomeTaxes": 17.163,
        "researchDevelopment": 50.174,
        "revenue": 356.084,
        "sgaExpense": 79.563,
        "totalOperatingExpense": 133.157,
        "totalOtherIncomeExpenseNet": -0.337
      },
      {
        "costOfGoodsSold": 184.42,
        "depreciationAmortization": 3.418,
        "dilutedAverageSharesOutstanding": 151.308,
        "dilutedEPS": 0.4108,
        "ebit": 64.203,
        "grossIncome": 198.293,
        "interestExpense": 2.252,
        "interestIncomeExpense": 19.862,
        "netIncome": 62.16,
        "netIncomeAfterTaxes": 62.16,
        "nonRecurringItems": -9.399,
        "period": "2024-12-31",
        "pretaxIncome": 69.699,
        "provisionforIncomeTaxes": 7.539,
        "researchDevelopment": 50.39,
        "revenue": 382.713,
        "sgaExpense": 80.282,
        "totalOperatingExpense": 134.09,
        "totalOtherIncomeExpenseNet": -4.967
      },
      {
        "costOfGoodsSold": 202.702,
        "depreciationAmortization": 3.463,
        "dilutedAverageSharesOutstanding": 139.914,
        "dilutedEPS": 0.3271,
        "ebit": 50.465,
        "grossIncome": 178.171,
        "interestExpense": 2.237,
        "interestIncomeExpense": 16.999,
        "netIncome": 45.762,
        "netIncomeAfterTaxes": 45.762,
        "nonRecurringItems": -0.677,
        "period": "2024-09-30",
        "pretaxIncome": 50.743,
        "provisionforIncomeTaxes": 4.981,
        "researchDevelopment": 47.843,
        "revenue": 380.873,
        "sgaExpense": 76.4,
        "totalOperatingExpense": 127.706,
        "totalOtherIncomeExpenseNet": -16.044
      },
      {
        "costOfGoodsSold": 166.292,
        "depreciationAmortization": 3.452,
        "dilutedAverageSharesOutstanding": 136.123,
        "dilutedEPS": 0.0796,
        "ebit": 2.97,
        "grossIncome": 137.166,
        "interestExpense": 2.22,
        "interestIncomeExpense": 15.052,
        "netIncome": 10.833,
        "netIncomeAfterTaxes": 10.833,
        "nonRecurringItems": -1.171,
        "period": "2024-06-30",
        "pretaxIncome": 11.216,
        "provisionforIncomeTaxes": 0.383,
        "researchDevelopment": 48.871,
        "revenue": 303.458,
        "sgaExpense": 81.873,
        "totalOperatingExpense": 134.196,
        "totalOtherIncomeExpenseNet": -5.635
      },
      {
        "costOfGoodsSold": 147.831,
        "depreciationAmortization": 3.461,
        "dilutedAverageSharesOutstanding": 135.891,
        "dilutedEPS": -0.1185,
        "ebit": -27.192,
        "grossIncome": 115.508,
        "interestExpense": 2.196,
        "interestIncomeExpense": 18.455,
        "netIncome": -16.097,
        "netIncomeAfterTaxes": -16.097,
        "nonRecurringItems": -1.907,
        "period": "2024-03-31",
        "pretaxIncome": -11.499,
        "provisionforIncomeTaxes": 4.598,
        "researchDevelopment": 54.211,
        "revenue": 263.339,
        "sgaExpense": 85.028,
        "totalOperatingExpense": 142.7,
        "totalOtherIncomeExpenseNet": -0.855
      },
      {
        "costOfGoodsSold": 155.908,
        "depreciationAmortization": 4.347,
        "dilutedAverageSharesOutstanding": 137.917,
        "dilutedEPS": 0.1517,
        "ebit": 4.583,
        "grossIncome": 146.662,
        "interestExpense": 2.268,
        "interestIncomeExpense": 20.895,
        "netIncome": 20.919,
        "netIncomeAfterTaxes": 20.919,
        "nonRecurringItems": -14.814,
        "period": "2023-12-31",
        "pretaxIncome": 12.227,
        "provisionforIncomeTaxes": -8.692,
        "researchDevelopment": 55.291,
        "revenue": 302.57,
        "sgaExpense": 82.441,
        "totalOperatingExpense": 142.079,
        "totalOtherIncomeExpenseNet": 1.563
      },
      {
        "costOfGoodsSold": 289.1,
        "depreciationAmortization": 4.3,
        "dilutedAverageSharesOutstanding": 143.9,
        "dilutedEPS": 0.79,
        "ebit": 118,
        "grossIncome": 262,
        "interestExpense": 2.196,
        "interestIncomeExpense": 19.4,
        "netIncome": 114,
        "netIncomeAfterTaxes": 114,
        "nonRecurringItems": 0,
        "period": "2023-09-30",
        "pretaxIncome": 137.3,
        "provisionforIncomeTaxes": 23.4,
        "researchDevelopment": 54.9,
        "revenue": 551.1,
        "sgaExpense": 84.8,
        "totalOperatingExpense": 144,
        "totalOtherIncomeExpenseNet": 0
      },
      {
        "costOfGoodsSold": 387.8,
        "depreciationAmortization": 4.3,
        "dilutedAverageSharesOutstanding": 145.1,
        "dilutedEPS": 1.08,
        "ebit": 170.5,
        "grossIncome": 323.3,
        "interestExpense": 2.219,
        "interestIncomeExpense": 16.1,
        "netIncome": 157.2,
        "netIncomeAfterTaxes": 157.2,
        "nonRecurringItems": -0.2,
        "period": "2023-06-30",
        "pretaxIncome": 184.6,
        "provisionforIncomeTaxes": 27.4,
        "researchDevelopment": 60,
        "revenue": 711.1,
        "sgaExpense": 88.5,
        "totalOperatingExpense": 152.8,
        "totalOtherIncomeExpenseNet": -1.8
      },
      {
        "costOfGoodsSold": 399.6,
        "depreciationAmortization": 4.3,
        "dilutedAverageSharesOutstanding": 146,
        "dilutedEPS": 1.01,
        "ebit": 168.4,
        "grossIncome": 326.4,
        "interestExpense": 2.156,
        "interestIncomeExpense": 12.6,
        "netIncome": 146.9,
        "netIncomeAfterTaxes": 146.9,
        "nonRecurringItems": -0.7,
        "period": "2023-03-31",
        "pretaxIncome": 179,
        "provisionforIncomeTaxes": 32.1,
        "researchDevelopment": 57.1,
        "revenue": 726,
        "sgaExpense": 96.5,
        "totalOperatingExpense": 158.1,
        "totalOtherIncomeExpenseNet": -1.3
      },
      {
        "costOfGoodsSold": 414,
        "depreciationAmortization": 4.2,
        "dilutedAverageSharesOutstanding": 145.4,
        "dilutedEPS": 1.06,
        "ebit": 158.8,
        "grossIncome": 310.7,
        "interestExpense": 2.279,
        "interestIncomeExpense": 6.8,
        "netIncome": 153.8,
        "netIncomeAfterTaxes": 153.8,
        "nonRecurringItems": -1.8,
        "period": "2022-12-31",
        "pretaxIncome": 168.2,
        "provisionforIncomeTaxes": 14.4,
        "researchDevelopment": 49.7,
        "revenue": 724.7,
        "sgaExpense": 98,
        "totalOperatingExpense": 151.9,
        "totalOtherIncomeExpenseNet": 4.4
      },
      {
        "costOfGoodsSold": 366.8,
        "depreciationAmortization": 4,
        "dilutedAverageSharesOutstanding": 146,
        "dilutedEPS": 0.79,
        "ebit": 136,
        "grossIncome": 267.9,
        "interestExpense": 2.255,
        "interestIncomeExpense": 1.9,
        "netIncome": 114.8,
        "netIncomeAfterTaxes": 114.8,
        "nonRecurringItems": -0.6,
        "period": "2022-09-30",
        "pretaxIncome": 134.3,
        "provisionforIncomeTaxes": 19.4,
        "researchDevelopment": 44.2,
        "revenue": 634.7,
        "sgaExpense": 83.7,
        "totalOperatingExpense": 131.9,
        "totalOtherIncomeExpenseNet": -3.1
      },
      {
        "costOfGoodsSold": 311.2,
        "depreciationAmortization": 4,
        "dilutedAverageSharesOutstanding": 143.7,
        "dilutedEPS": 0.54,
        "ebit": 94,
        "grossIncome": 219,
        "interestExpense": 2.168,
        "interestIncomeExpense": -0.4,
        "netIncome": 77,
        "netIncomeAfterTaxes": 77,
        "nonRecurringItems": 0,
        "period": "2022-06-30",
        "pretaxIncome": 92.2,
        "provisionforIncomeTaxes": 15.2,
        "researchDevelopment": 39.3,
        "revenue": 530.2,
        "sgaExpense": 81.8,
        "totalOperatingExpense": 125,
        "totalOtherIncomeExpenseNet": -1.4
      },
      {
        "costOfGoodsSold": 264.3,
        "depreciationAmortization": 3.6,
        "dilutedAverageSharesOutstanding": 144.6,
        "dilutedEPS": 0.36,
        "ebit": 62.2,
        "grossIncome": 177,
        "interestExpense": 2.736,
        "interestIncomeExpense": -3.4,
        "netIncome": 51.8,
        "netIncomeAfterTaxes": 51.8,
        "nonRecurringItems": -0.4,
        "period": "2022-03-31",
        "pretaxIncome": 57.4,
        "provisionforIncomeTaxes": 5.6,
        "researchDevelopment": 35.7,
        "revenue": 441.3,
        "sgaExpense": 75.4,
        "totalOperatingExpense": 114.8,
        "totalOtherIncomeExpenseNet": -1
      },
      {
        "costOfGoodsSold": 249.4,
        "dilutedAverageSharesOutstanding": 142.2,
        "dilutedEPS": 0.37,
        "ebit": 57.7,
        "grossIncome": 163.3,
        "interestExpense": 12.689,
        "interestIncomeExpense": -12.3,
        "netIncome": 52.6,
        "netIncomeAfterTaxes": 52.6,
        "nonRecurringItems": -0.1,
        "period": "2021-12-31",
        "pretaxIncome": 50.5,
        "provisionforIncomeTaxes": -2.1,
        "researchDevelopment": 31.6,
        "revenue": 412.7,
        "sgaExpense": 74,
        "totalOperatingExpense": 105.6,
        "totalOtherIncomeExpenseNet": 5.2
      },
      {
        "costOfGoodsSold": 211.2,
        "dilutedAverageSharesOutstanding": 141.2,
        "dilutedEPS": 0.15,
        "ebit": 40.5,
        "grossIncome": 140.4,
        "interestExpense": 12.628,
        "interestIncomeExpense": -12.5,
        "netIncome": 21.8,
        "netIncomeAfterTaxes": 21.8,
        "nonRecurringItems": -3.1,
        "period": "2021-09-30",
        "pretaxIncome": 25.7,
        "provisionforIncomeTaxes": 3.9,
        "researchDevelopment": 29.4,
        "revenue": 351.5,
        "sgaExpense": 70.5,
        "totalOperatingExpense": 99.9,
        "totalOtherIncomeExpenseNet": 0.9
      },
      {
        "costOfGoodsSold": 188.3,
        "dilutedAverageSharesOutstanding": 141.5,
        "dilutedEPS": 0.28,
        "ebit": 57.1,
        "grossIncome": 127.8,
        "interestExpense": 12.506,
        "interestIncomeExpense": -12.4,
        "netIncome": 39.4,
        "netIncomeAfterTaxes": 39.4,
        "nonRecurringItems": 2.3,
        "period": "2021-06-30",
        "pretaxIncome": 46.3,
        "provisionforIncomeTaxes": 7,
        "researchDevelopment": 22.7,
        "revenue": 316.1,
        "sgaExpense": 48,
        "totalOperatingExpense": 70.7,
        "totalOtherIncomeExpenseNet": -0.6
      },
      {
        "costOfGoodsSold": 178.8,
        "dilutedAverageSharesOutstanding": 146.4,
        "dilutedEPS": 0.22,
        "ebit": 64.5,
        "grossIncome": 122.9,
        "interestExpense": 7.329,
        "interestIncomeExpense": -7.3,
        "netIncome": 31.7,
        "netIncomeAfterTaxes": 31.7,
        "nonRecurringItems": -59.5,
        "period": "2021-03-31",
        "pretaxIncome": -1.7,
        "provisionforIncomeTaxes": -33.4,
        "researchDevelopment": 21.8,
        "revenue": 301.8,
        "sgaExpense": 36.6,
        "totalOperatingExpense": 58.4,
        "totalOtherIncomeExpenseNet": 0.6
      },
      {
        "costOfGoodsSold": 142.9,
        "dilutedAverageSharesOutstanding": 147.1,
        "dilutedEPS": 0.5,
        "ebit": 79.1,
        "grossIncome": 121.9,
        "interestExpense": 5.901,
        "interestIncomeExpense": -5.2,
        "netIncome": 73,
        "netIncomeAfterTaxes": 73,
        "nonRecurringItems": 0,
        "period": "2020-12-31",
        "pretaxIncome": 71.4,
        "provisionforIncomeTaxes": -1.6,
        "researchDevelopment": 15.8,
        "revenue": 264.8,
        "sgaExpense": 27,
        "totalOperatingExpense": 42.8,
        "totalOtherIncomeExpenseNet": -2.5
      },
      {
        "costOfGoodsSold": 83.5,
        "dilutedAverageSharesOutstanding": 141.8,
        "dilutedEPS": 0.28,
        "ebit": 51.8,
        "grossIncome": 95,
        "interestExpense": 5.993,
        "interestIncomeExpense": -5.9,
        "netIncome": 39.4,
        "netIncomeAfterTaxes": 39.4,
        "nonRecurringItems": 0,
        "period": "2020-09-30",
        "pretaxIncome": 44.8,
        "provisionforIncomeTaxes": 5.5,
        "researchDevelopment": 15.1,
        "revenue": 178.5,
        "sgaExpense": 28.2,
        "totalOperatingExpense": 43.2,
        "totalOtherIncomeExpenseNet": -1
      },
      {
        "costOfGoodsSold": 77.2,
        "dilutedAverageSharesOutstanding": 125.6,
        "dilutedEPS": -0.38,
        "ebit": 10.9,
        "grossIncome": 48.4,
        "interestExpense": 5.952,
        "interestIncomeExpense": -65.4,
        "netIncome": -47.3,
        "netIncomeAfterTaxes": -47.3,
        "nonRecurringItems": 0,
        "period": "2020-06-30",
        "pretaxIncome": -53.9,
        "provisionforIncomeTaxes": -6.6,
        "researchDevelopment": 13.2,
        "revenue": 125.5,
        "sgaExpense": 24.3,
        "totalOperatingExpense": 37.5,
        "totalOtherIncomeExpenseNet": 0.7
      },
      {
        "costOfGoodsSold": 124.9,
        "dilutedAverageSharesOutstanding": 138.1,
        "dilutedEPS": 0.5,
        "ebit": 44.7,
        "grossIncome": 80.7,
        "interestExpense": 3.155,
        "interestIncomeExpense": 13.3,
        "netIncome": 68.9,
        "netIncomeAfterTaxes": 68.9,
        "nonRecurringItems": 0,
        "period": "2020-03-31",
        "pretaxIncome": 57.1,
        "provisionforIncomeTaxes": -11.9,
        "researchDevelopment": 11.9,
        "revenue": 205.5,
        "sgaExpense": 24.1,
        "totalOperatingExpense": 35.9,
        "totalOtherIncomeExpenseNet": -0.9
      },
      {
        "costOfGoodsSold": 132.2,
        "dilutedAverageSharesOutstanding": 133.2,
        "dilutedEPS": 0.88,
        "ebit": 45.5,
        "grossIncome": 77.9,
        "interestExpense": 2.303,
        "interestIncomeExpense": -1.5,
        "netIncome": 116.7,
        "netIncomeAfterTaxes": 116.7,
        "nonRecurringItems": -1.1,
        "period": "2019-12-31",
        "pretaxIncome": 44.4,
        "provisionforIncomeTaxes": -72.2,
        "researchDevelopment": 11.2,
        "revenue": 210,
        "sgaExpense": 21.1,
        "totalOperatingExpense": 32.3,
        "totalOtherIncomeExpenseNet": 1.5
      },
      {
        "costOfGoodsSold": 115.4,
        "dilutedAverageSharesOutstanding": 133.6,
        "dilutedEPS": 0.23,
        "ebit": 34.2,
        "grossIncome": 64.7,
        "interestExpense": 2.286,
        "interestIncomeExpense": -1.4,
        "netIncome": 31.1,
        "netIncomeAfterTaxes": 31.1,
        "nonRecurringItems": -0.5,
        "period": "2019-09-30",
        "pretaxIncome": 31.4,
        "provisionforIncomeTaxes": 0.3,
        "researchDevelopment": 11.1,
        "revenue": 180.1,
        "sgaExpense": 19.4,
        "totalOperatingExpense": 30.5,
        "totalOtherIncomeExpenseNet": -0.9
      },
      {
        "costOfGoodsSold": 88.8,
        "dilutedAverageSharesOutstanding": 130.7,
        "dilutedEPS": 0.08,
        "ebit": 18,
        "grossIncome": 45.3,
        "interestExpense": 1.351,
        "interestIncomeExpense": -0.8,
        "netIncome": 10.6,
        "netIncomeAfterTaxes": 10.6,
        "nonRecurringItems": -0.6,
        "period": "2019-06-30",
        "pretaxIncome": 11.2,
        "provisionforIncomeTaxes": 0.6,
        "researchDevelopment": 9.6,
        "revenue": 134.1,
        "sgaExpense": 17.6,
        "totalOperatingExpense": 27.2,
        "totalOtherIncomeExpenseNet": -5.5
      },
      {
        "costOfGoodsSold": 66.8,
        "dilutedAverageSharesOutstanding": 108.2,
        "dilutedEPS": 0.03,
        "ebit": 7.5,
        "grossIncome": 33.3,
        "interestExpense": 3.54,
        "interestIncomeExpense": -3.5,
        "netIncome": 2.8,
        "netIncomeAfterTaxes": 2.8,
        "nonRecurringItems": -0.4,
        "period": "2019-03-31",
        "pretaxIncome": 3.1,
        "provisionforIncomeTaxes": 0.3,
        "researchDevelopment": 8.5,
        "revenue": 100.2,
        "sgaExpense": 17.3,
        "totalOperatingExpense": 25.8,
        "totalOtherIncomeExpenseNet": -0.5
      },
      {
        "costOfGoodsSold": 64.1,
        "dilutedAverageSharesOutstanding": 106.7,
        "dilutedEPS": 0.01,
        "ebit": 6.5,
        "grossIncome": 28.2,
        "interestExpense": 3.662,
        "interestIncomeExpense": -2.6,
        "netIncome": 0.7,
        "netIncomeAfterTaxes": 0.7,
        "nonRecurringItems": -1.5,
        "period": "2018-12-31",
        "pretaxIncome": 1.3,
        "provisionforIncomeTaxes": 0.6,
        "researchDevelopment": 7.3,
        "revenue": 92.3,
        "sgaExpense": 14.3,
        "totalOperatingExpense": 21.7,
        "totalOtherIncomeExpenseNet": -1.1
      },
      {
        "costOfGoodsSold": 52.7,
        "dilutedAverageSharesOutstanding": 102.8,
        "dilutedEPS": -0.03,
        "ebit": 2.2,
        "grossIncome": 25.3,
        "interestExpense": 2.469,
        "interestIncomeExpense": -2.5,
        "netIncome": -3.5,
        "netIncomeAfterTaxes": -3.5,
        "nonRecurringItems": -2.6,
        "period": "2018-09-30",
        "pretaxIncome": -3.2,
        "provisionforIncomeTaxes": 0.2,
        "researchDevelopment": 8.2,
        "revenue": 78,
        "sgaExpense": 14.9,
        "totalOperatingExpense": 23.1,
        "totalOtherIncomeExpenseNet": -0.4
      },
      {
        "costOfGoodsSold": 53.2,
        "dilutedAverageSharesOutstanding": 97.3,
        "dilutedEPS": -0.04,
        "ebit": -0.6,
        "grossIncome": 22.7,
        "interestExpense": 2.269,
        "interestIncomeExpense": -2.3,
        "netIncome": -3.7,
        "netIncomeAfterTaxes": -3.7,
        "nonRecurringItems": 0,
        "period": "2018-06-30",
        "pretaxIncome": -3.4,
        "provisionforIncomeTaxes": 0.3,
        "researchDevelopment": 9.5,
        "revenue": 75.9,
        "sgaExpense": 13.8,
        "totalOperatingExpense": 23.3,
        "totalOtherIncomeExpenseNet": -0.6
      },
      {
        "costOfGoodsSold": 51.7,
        "dilutedAverageSharesOutstanding": 91.4,
        "dilutedEPS": -0.06,
        "ebit": -2.5,
        "grossIncome": 18.3,
        "interestExpense": 2.292,
        "interestIncomeExpense": -2.3,
        "netIncome": -5.1,
        "netIncomeAfterTaxes": -5.1,
        "nonRecurringItems": 0,
        "period": "2018-03-31",
        "pretaxIncome": -4.9,
        "provisionforIncomeTaxes": 0.2,
        "researchDevelopment": 7.6,
        "revenue": 70,
        "sgaExpense": 13.2,
        "totalOperatingExpense": 20.7,
        "totalOtherIncomeExpenseNet": -0.1
      },
      {
        "costOfGoodsSold": 60.7,
        "dilutedAverageSharesOutstanding": 85.8,
        "dilutedEPS": -0.03,
        "ebit": -0.1,
        "grossIncome": 19,
        "interestExpense": 1.957,
        "interestIncomeExpense": -2,
        "netIncome": -2.9,
        "netIncomeAfterTaxes": 31.2,
        "nonRecurringItems": -2,
        "period": "2017-12-31",
        "pretaxIncome": -3.9,
        "provisionforIncomeTaxes": -35.1,
        "researchDevelopment": 8.2,
        "revenue": 79.7,
        "sgaExpense": 10.9,
        "totalOperatingExpense": 19.1,
        "totalOtherIncomeExpenseNet": 0.2
      },
      {
        "costOfGoodsSold": 60.6,
        "dilutedAverageSharesOutstanding": 84.9,
        "dilutedEPS": -0.08,
        "ebit": -1.8,
        "grossIncome": 16.5,
        "interestExpense": 1.76,
        "interestIncomeExpense": -1.8,
        "netIncome": -6.9,
        "netIncomeAfterTaxes": -6.9,
        "nonRecurringItems": -4.1,
        "period": "2017-09-30",
        "pretaxIncome": -7,
        "provisionforIncomeTaxes": -0.2,
        "researchDevelopment": 7.4,
        "revenue": 77,
        "sgaExpense": 10.9,
        "totalOperatingExpense": 18.2,
        "totalOtherIncomeExpenseNet": 0.6
      },
      {
        "costOfGoodsSold": 61.2,
        "dilutedAverageSharesOutstanding": 84.4,
        "dilutedEPS": -0.14,
        "ebit": -5.6,
        "grossIncome": 13.5,
        "interestExpense": 2.08,
        "interestIncomeExpense": -2.1,
        "netIncome": -12.1,
        "netIncomeAfterTaxes": -12.1,
        "nonRecurringItems": -3.6,
        "period": "2017-06-30",
        "pretaxIncome": -11.2,
        "provisionforIncomeTaxes": 0.9,
        "researchDevelopment": 7.9,
        "revenue": 74.7,
        "sgaExpense": 11.2,
        "totalOperatingExpense": 19.2,
        "totalOtherIncomeExpenseNet": 0.1
      },
      {
        "costOfGoodsSold": 47.7,
        "dilutedAverageSharesOutstanding": 76.7,
        "dilutedEPS": -0.3,
        "ebit": -14.9,
        "grossIncome": 7,
        "interestExpense": 2.139,
        "interestIncomeExpense": -2.1,
        "netIncome": -23.3,
        "netIncomeAfterTaxes": -23.3,
        "nonRecurringItems": -7.2,
        "period": "2017-03-31",
        "pretaxIncome": -23.2,
        "provisionforIncomeTaxes": 0.1,
        "researchDevelopment": 9.6,
        "revenue": 54.8,
        "sgaExpense": 12.3,
        "totalOperatingExpense": 21.9,
        "totalOtherIncomeExpenseNet": 1.1
      },
      {
        "costOfGoodsSold": 74.4,
        "dilutedAverageSharesOutstanding": 62,
        "dilutedEPS": -0.21,
        "ebit": -9,
        "grossIncome": 16.2,
        "interestExpense": 1.175,
        "interestIncomeExpense": -1.2,
        "netIncome": -13.2,
        "netIncomeAfterTaxes": -13.2,
        "nonRecurringItems": -1.1,
        "period": "2016-12-31",
        "pretaxIncome": -12.4,
        "provisionforIncomeTaxes": 0.8,
        "researchDevelopment": 11.4,
        "revenue": 90.6,
        "sgaExpense": 13.9,
        "totalOperatingExpense": 25.2,
        "totalOtherIncomeExpenseNet": -1.2
      },
      {
        "costOfGoodsSold": 72.8,
        "dilutedAverageSharesOutstanding": 47.3,
        "dilutedEPS": -0.4,
        "ebit": -15,
        "grossIncome": 15.9,
        "interestExpense": 1.234,
        "interestIncomeExpense": -1.2,
        "netIncome": -18.8,
        "netIncomeAfterTaxes": -18.8,
        "nonRecurringItems": -2.7,
        "period": "2016-09-30",
        "pretaxIncome": -18.6,
        "provisionforIncomeTaxes": 0.1,
        "researchDevelopment": 13.2,
        "revenue": 88.7,
        "sgaExpense": 17.7,
        "totalOperatingExpense": 30.9,
        "totalOtherIncomeExpenseNet": 0.4
      },
      {
        "costOfGoodsSold": 65,
        "dilutedAverageSharesOutstanding": 46.6,
        "dilutedEPS": -0.36,
        "ebit": -15.8,
        "grossIncome": 14.1,
        "interestExpense": 0.212,
        "interestIncomeExpense": -0.2,
        "netIncome": -16.7,
        "netIncomeAfterTaxes": -16.7,
        "period": "2016-06-30",
        "pretaxIncome": -16.4,
        "provisionforIncomeTaxes": 0.3,
        "researchDevelopment": 13.1,
        "revenue": 79.2,
        "sgaExpense": 16.8,
        "totalOperatingExpense": 30,
        "totalOtherIncomeExpenseNet": -0.4
      },
      {
        "costOfGoodsSold": 52.4,
        "dilutedAverageSharesOutstanding": 46.2,
        "dilutedEPS": -0.41,
        "ebit": -19.1,
        "grossIncome": 11.8,
        "interestExpense": 0.152,
        "interestIncomeExpense": -0.2,
        "netIncome": -18.8,
        "netIncomeAfterTaxes": -18.8,
        "period": "2016-03-31",
        "pretaxIncome": -18.6,
        "provisionforIncomeTaxes": 0.2,
        "researchDevelopment": 13.1,
        "revenue": 64.1,
        "sgaExpense": 17.8,
        "totalOperatingExpense": 30.8,
        "totalOtherIncomeExpenseNet": 0.7
      },
      {
        "costOfGoodsSold": 49.9,
        "dilutedAverageSharesOutstanding": 45.5,
        "dilutedEPS": -0.35,
        "ebit": -15.2,
        "grossIncome": 15.7,
        "interestExpense": 0.196,
        "interestIncomeExpense": -0.2,
        "netIncome": -15.8,
        "netIncomeAfterTaxes": -15.8,
        "period": "2015-12-31",
        "pretaxIncome": -15.1,
        "provisionforIncomeTaxes": 0.7,
        "researchDevelopment": 12.5,
        "revenue": 65.6,
        "sgaExpense": 18.3,
        "totalOperatingExpense": 30.9,
        "totalOtherIncomeExpenseNet": 0.3
      },
      {
        "costOfGoodsSold": 71.4,
        "dilutedAverageSharesOutstanding": 48,
        "dilutedEPS": 0.01,
        "ebit": 1.8,
        "grossIncome": 31.5,
        "interestExpense": 0.14,
        "interestIncomeExpense": -0.1,
        "netIncome": 0.6,
        "netIncomeAfterTaxes": 0.6,
        "period": "2015-09-30",
        "pretaxIncome": 0.9,
        "provisionforIncomeTaxes": 0.3,
        "researchDevelopment": 12.1,
        "revenue": 102.9,
        "sgaExpense": 17.6,
        "totalOperatingExpense": 29.7,
        "totalOtherIncomeExpenseNet": -0.7
      }
    ],
    "symbol": "ENPH"
  }
}