{
  "symbol": "SHW",
  "statement": "ic",
  "frequency": "annual",
  "timestamp": "2025-09-19T14:06:37.802048",
  "data": {
    "financials": [
      {
        "costOfGoodsSold": 11903.4,
        "depreciationAmortization": 326.6,
        "dilutedAverageSharesOutstanding": 254.1,
        "dilutedEPS": 10.5525,
        "ebit": 3761.9,
        "grossIncome": 11195.1,
        "interestExpense": 416.4,
        "interestIncomeExpense": -407.4,
        "netIncome": 2681.4,
        "netIncomeAfterTaxes": 2681.4,
        "nonRecurringItems": 49.9,
        "otherOperatingExpensesTotal": 11.1,
        "period": "2024-12-31",
        "pretaxIncome": 3451.8,
        "provisionforIncomeTaxes": 770.4,
        "revenue": 23098.5,
        "sgaExpense": 7095.5,
        "totalOperatingExpense": 7433.2,
        "totalOtherIncomeExpenseNet": 47.4,
        "year": 2024
      },
      {
        "costOfGoodsSold": 12293.8,
        "dilutedAverageSharesOutstanding": 258.3,
        "dilutedEPS": 9.2482,
        "ebit": 3606.4,
        "grossIncome": 10758.1,
        "interestExpense": 417.5,
        "interestIncomeExpense": -464.9,
        "netIncome": 2388.8,
        "netIncomeAfterTaxes": 2388.8,
        "nonRecurringItems": -51.5,
        "otherOperatingExpensesTotal": 86.3,
        "period": "2023-12-31",
        "pretaxIncome": 3109.9,
        "provisionforIncomeTaxes": 721.1,
        "revenue": 23051.9,
        "sgaExpense": 7065.4,
        "totalOperatingExpense": 7151.7,
        "totalOtherIncomeExpenseNet": 19.9,
        "year": 2023
      },
      {
        "costOfGoodsSold": 12823.8,
        "depreciationAmortization": 317.1,
        "dilutedAverageSharesOutstanding": 261.8,
        "dilutedEPS": 7.7162,
        "ebit": 3000.6,
        "grossIncome": 9325.1,
        "interestExpense": 390.8,
        "interestIncomeExpense": -438.3,
        "netIncome": 2020.1,
        "netIncomeAfterTaxes": 2020.1,
        "nonRecurringItems": 2.3,
        "otherOperatingExpensesTotal": -7.1,
        "period": "2022-12-31",
        "pretaxIncome": 2573.1,
        "provisionforIncomeTaxes": 553,
        "revenue": 22148.9,
        "sgaExpense": 6014.5,
        "totalOperatingExpense": 6324.5,
        "totalOtherIncomeExpenseNet": 8.5,
        "year": 2022
      },
      {
        "costOfGoodsSold": 11401.9,
        "depreciationAmortization": 309.5,
        "dilutedAverageSharesOutstanding": 267.1,
        "dilutedEPS": 6.9802,
        "ebit": 2664.7,
        "grossIncome": 8542.7,
        "interestExpense": 334.7,
        "interestIncomeExpense": -321.7,
        "netIncome": 1864.4,
        "netIncomeAfterTaxes": 1864.4,
        "nonRecurringItems": -104.4,
        "otherOperatingExpensesTotal": -4,
        "period": "2021-12-31",
        "pretaxIncome": 2248.6,
        "provisionforIncomeTaxes": 384.2,
        "revenue": 19944.6,
        "sgaExpense": 5572.5,
        "totalOperatingExpense": 5878,
        "totalOtherIncomeExpenseNet": 10,
        "year": 2021
      },
      {
        "costOfGoodsSold": 9679,
        "depreciationAmortization": 313,
        "dilutedAverageSharesOutstanding": 276,
        "dilutedEPS": 7.36,
        "ebit": 2854,
        "grossIncome": 8683,
        "interestExpense": 340.4,
        "interestIncomeExpense": -338,
        "netIncome": 2030,
        "netIncomeAfterTaxes": 2030,
        "nonRecurringItems": -14,
        "otherOperatingExpensesTotal": 37,
        "period": "2020-12-31",
        "pretaxIncome": 2519,
        "provisionforIncomeTaxes": 489,
        "revenue": 18362,
        "sgaExpense": 5478,
        "totalOperatingExpense": 5829,
        "totalOtherIncomeExpenseNet": 17,
        "year": 2020
      },
      {
        "costOfGoodsSold": 9865,
        "depreciationAmortization": 313,
        "dilutedAverageSharesOutstanding": 280,
        "dilutedEPS": 5.5,
        "ebit": 2425,
        "grossIncome": 8036,
        "interestExpense": 349.3,
        "interestIncomeExpense": -341,
        "netIncome": 1541,
        "netIncomeAfterTaxes": 1541,
        "nonRecurringItems": -151,
        "otherOperatingExpensesTotal": 23,
        "period": "2019-12-31",
        "pretaxIncome": 1982,
        "provisionforIncomeTaxes": 441,
        "revenue": 17901,
        "sgaExpense": 5275,
        "totalOperatingExpense": 5611,
        "totalOtherIncomeExpenseNet": 49,
        "year": 2019
      },
      {
        "costOfGoodsSold": 10116,
        "depreciationAmortization": 318,
        "dilutedAverageSharesOutstanding": 285,
        "dilutedEPS": 3.89,
        "ebit": 1890,
        "grossIncome": 7419,
        "interestExpense": 366.734,
        "interestIncomeExpense": -374,
        "netIncome": 1109,
        "netIncomeAfterTaxes": 1100,
        "nonRecurringItems": -187,
        "otherOperatingExpensesTotal": 176,
        "period": "2018-12-31",
        "pretaxIncome": 1360,
        "provisionforIncomeTaxes": 259,
        "revenue": 17534,
        "sgaExpense": 5034,
        "totalOperatingExpense": 5528,
        "totalOtherIncomeExpenseNet": 30,
        "year": 2018
      },
      {
        "costOfGoodsSold": 8265,
        "depreciationAmortization": 207,
        "dilutedAverageSharesOutstanding": 285,
        "dilutedEPS": 6.06,
        "ebit": 1699,
        "grossIncome": 6719,
        "interestExpense": 263.471,
        "interestIncomeExpense": -258,
        "netIncome": 1728,
        "netIncomeAfterTaxes": 1162,
        "nonRecurringItems": -7,
        "otherOperatingExpensesTotal": 15,
        "period": "2017-12-31",
        "pretaxIncome": 1469,
        "provisionforIncomeTaxes": 308,
        "revenue": 14984,
        "sgaExpense": 4798,
        "totalOperatingExpense": 5020,
        "totalOtherIncomeExpenseNet": 35,
        "year": 2017
      },
      {
        "costOfGoodsSold": 5934,
        "depreciationAmortization": 25,
        "dilutedAverageSharesOutstanding": 283,
        "dilutedEPS": 4,
        "ebit": 1712,
        "grossIncome": 5921,
        "interestExpense": 154.088,
        "interestIncomeExpense": -160,
        "netIncome": 1133,
        "netIncomeAfterTaxes": 1133,
        "nonRecurringItems": 20,
        "otherOperatingExpensesTotal": 43,
        "period": "2016-12-31",
        "pretaxIncome": 1595,
        "provisionforIncomeTaxes": 463,
        "revenue": 11856,
        "sgaExpense": 4140,
        "totalOperatingExpense": 4209,
        "totalOtherIncomeExpenseNet": 23,
        "year": 2016
      },
      {
        "costOfGoodsSold": 5780,
        "depreciationAmortization": 28,
        "dilutedAverageSharesOutstanding": 284,
        "dilutedEPS": 3.72,
        "ebit": 1614,
        "grossIncome": 5560,
        "interestExpense": 61.791,
        "interestIncomeExpense": -77,
        "netIncome": 1054,
        "netIncomeAfterTaxes": 1054,
        "nonRecurringItems": 1,
        "otherOperatingExpensesTotal": 31,
        "period": "2015-12-31",
        "pretaxIncome": 1549,
        "provisionforIncomeTaxes": 495,
        "revenue": 11339,
        "sgaExpense": 3886,
        "totalOperatingExpense": 3945,
        "totalOtherIncomeExpenseNet": 11,
        "year": 2015
      }
    ],
    "symbol": "SHW"
  }
}