{
  "symbol": "DRI",
  "statement": "ic",
  "frequency": "quarterly",
  "timestamp": "2025-09-19T13:58:51.736180",
  "data": {
    "financials": [
      {
        "costOfGoodsSold": 2506.9,
        "depreciationAmortization": 135,
        "dilutedAverageSharesOutstanding": 118.1,
        "dilutedEPS": 2.5741,
        "ebit": 430.9,
        "grossIncome": 764.8,
        "interestIncomeExpense": -46.3,
        "netIncome": 303.8,
        "netIncomeAfterTaxes": 304,
        "nonRecurringItems": -48.1,
        "period": "2025-05-25",
        "pretaxIncome": 336.5,
        "provisionforIncomeTaxes": 32.5,
        "revenue": 3271.7,
        "sgaExpense": 198.9,
        "totalOperatingExpense": 333.9
      },
      {
        "costOfGoodsSold": 2455.7,
        "depreciationAmortization": 131.9,
        "dilutedAverageSharesOutstanding": 118,
        "dilutedEPS": 2.7432,
        "ebit": 418.3,
        "grossIncome": 702.3,
        "interestIncomeExpense": -45.5,
        "netIncome": 323.4,
        "netIncomeAfterTaxes": 323.7,
        "nonRecurringItems": -0.1,
        "period": "2025-02-23",
        "pretaxIncome": 372.7,
        "provisionforIncomeTaxes": 49,
        "revenue": 3158,
        "sgaExpense": 152.1,
        "totalOperatingExpense": 284
      },
      {
        "costOfGoodsSold": 2277.3,
        "depreciationAmortization": 127.7,
        "dilutedAverageSharesOutstanding": 118.3,
        "dilutedEPS": 1.8233,
        "ebit": 292.1,
        "grossIncome": 612.7,
        "interestIncomeExpense": -46.2,
        "netIncome": 215.1,
        "netIncomeAfterTaxes": 215.7,
        "nonRecurringItems": 0,
        "period": "2024-11-24",
        "pretaxIncome": 245.9,
        "provisionforIncomeTaxes": 30.2,
        "revenue": 2890,
        "sgaExpense": 192.9,
        "totalOperatingExpense": 320.6
      },
      {
        "costOfGoodsSold": 2194.2,
        "depreciationAmortization": 121.5,
        "dilutedAverageSharesOutstanding": 119.2,
        "dilutedEPS": 1.7416,
        "ebit": 270.2,
        "grossIncome": 562.8,
        "interestIncomeExpense": -37.1,
        "netIncome": 207.2,
        "netIncomeAfterTaxes": 207.6,
        "nonRecurringItems": -1,
        "period": "2024-08-25",
        "pretaxIncome": 232.1,
        "provisionforIncomeTaxes": 24.5,
        "revenue": 2757,
        "sgaExpense": 171.1,
        "totalOperatingExpense": 292.6
      },
      {
        "costOfGoodsSold": 2300.6,
        "depreciationAmortization": 119.7,
        "dilutedAverageSharesOutstanding": 120.2,
        "dilutedEPS": 2.579,
        "ebit": 396.8,
        "grossIncome": 656.7,
        "interestIncomeExpense": -35.4,
        "netIncome": 308.1,
        "netIncomeAfterTaxes": 310,
        "nonRecurringItems": -1.4,
        "period": "2024-05-26",
        "pretaxIncome": 360,
        "provisionforIncomeTaxes": 50,
        "revenue": 2957.3,
        "sgaExpense": 140.2,
        "totalOperatingExpense": 259.9
      },
      {
        "costOfGoodsSold": 2329.2,
        "depreciationAmortization": 117.9,
        "dilutedAverageSharesOutstanding": 120.4,
        "dilutedEPS": 2.603,
        "ebit": 394.6,
        "grossIncome": 645.6,
        "interestIncomeExpense": -36.5,
        "netIncome": 312.9,
        "netIncomeAfterTaxes": 313.4,
        "nonRecurringItems": -7.2,
        "period": "2024-02-25",
        "pretaxIncome": 350.9,
        "provisionforIncomeTaxes": 37.5,
        "revenue": 2974.8,
        "sgaExpense": 133.1,
        "totalOperatingExpense": 251
      },
      {
        "costOfGoodsSold": 2177.1,
        "depreciationAmortization": 112.5,
        "dilutedAverageSharesOutstanding": 120.8,
        "dilutedEPS": 1.7575,
        "ebit": 298.8,
        "grossIncome": 550.2,
        "interestIncomeExpense": -37.1,
        "netIncome": 212.1,
        "netIncomeAfterTaxes": 212.3,
        "nonRecurringItems": -20.3,
        "period": "2023-11-26",
        "pretaxIncome": 241.4,
        "provisionforIncomeTaxes": 29.1,
        "revenue": 2727.3,
        "sgaExpense": 138.9,
        "totalOperatingExpense": 251.4
      },
      {
        "costOfGoodsSold": 2172.9,
        "depreciationAmortization": 109.8,
        "dilutedAverageSharesOutstanding": 122,
        "dilutedEPS": 1.5967,
        "ebit": 280.8,
        "grossIncome": 557.7,
        "interestIncomeExpense": -29.7,
        "netIncome": 194.5,
        "netIncomeAfterTaxes": 194.8,
        "nonRecurringItems": -27.9,
        "period": "2023-08-27",
        "pretaxIncome": 223.2,
        "provisionforIncomeTaxes": 28.4,
        "revenue": 2730.6,
        "sgaExpense": 167.1,
        "totalOperatingExpense": 276.9
      },
      {
        "costOfGoodsSold": 2166.5,
        "depreciationAmortization": 97.1,
        "dilutedAverageSharesOutstanding": 122,
        "dilutedEPS": 2.5869,
        "ebit": 376.3,
        "grossIncome": 602.5,
        "interestIncomeExpense": -22.1,
        "netIncome": 315.1,
        "netIncomeAfterTaxes": 315.6,
        "nonRecurringItems": -1.8,
        "period": "2023-05-28",
        "pretaxIncome": 352.4,
        "provisionforIncomeTaxes": 36.8,
        "revenue": 2769,
        "sgaExpense": 129.1,
        "totalOperatingExpense": 226.2
      },
      {
        "costOfGoodsSold": 2201.5,
        "depreciationAmortization": 98.3,
        "dilutedAverageSharesOutstanding": 122.5,
        "dilutedEPS": 2.3412,
        "ebit": 351.2,
        "grossIncome": 584.7,
        "interestIncomeExpense": -19.6,
        "netIncome": 286.6,
        "netIncomeAfterTaxes": 286.8,
        "nonRecurringItems": -1.3,
        "period": "2023-02-26",
        "pretaxIncome": 330.3,
        "provisionforIncomeTaxes": 43.5,
        "revenue": 2786.2,
        "sgaExpense": 135.2,
        "totalOperatingExpense": 233.5
      },
      {
        "costOfGoodsSold": 2043.8,
        "depreciationAmortization": 96.8,
        "dilutedAverageSharesOutstanding": 123.1,
        "dilutedEPS": 1.5232,
        "ebit": 224.4,
        "grossIncome": 442.7,
        "interestIncomeExpense": -19.8,
        "netIncome": 187.2,
        "netIncomeAfterTaxes": 187.5,
        "nonRecurringItems": 8.8,
        "period": "2022-11-27",
        "pretaxIncome": 213.4,
        "provisionforIncomeTaxes": 25.9,
        "revenue": 2486.5,
        "sgaExpense": 121.5,
        "totalOperatingExpense": 218.3
      },
      {
        "costOfGoodsSold": 1992.6,
        "depreciationAmortization": 95.6,
        "dilutedAverageSharesOutstanding": 123.9,
        "dilutedEPS": 1.5626,
        "ebit": 239.3,
        "grossIncome": 453.5,
        "interestIncomeExpense": -19.8,
        "netIncome": 193,
        "netIncomeAfterTaxes": 193.6,
        "nonRecurringItems": 4.9,
        "period": "2022-08-28",
        "pretaxIncome": 224.4,
        "provisionforIncomeTaxes": 30.8,
        "revenue": 2446.1,
        "sgaExpense": 118.6,
        "totalOperatingExpense": 214.2
      },
      {
        "costOfGoodsSold": 2064.5,
        "depreciationAmortization": 93,
        "dilutedAverageSharesOutstanding": 125.7,
        "dilutedEPS": 2.2411,
        "ebit": 341,
        "grossIncome": 538.4,
        "interestIncomeExpense": -18.9,
        "netIncome": 281.7,
        "netIncomeAfterTaxes": 281.7,
        "nonRecurringItems": -3.5,
        "period": "2022-05-29",
        "pretaxIncome": 319.3,
        "provisionforIncomeTaxes": 37.6,
        "revenue": 2602.9,
        "sgaExpense": 104.4,
        "totalOperatingExpense": 197.4,
        "totalOtherIncomeExpenseNet": 0.7
      },
      {
        "costOfGoodsSold": 1947.1,
        "depreciationAmortization": 94.3,
        "dilutedAverageSharesOutstanding": 128.2,
        "dilutedEPS": 1.9337,
        "ebit": 297.2,
        "grossIncome": 501.8,
        "interestIncomeExpense": -17.5,
        "netIncome": 247,
        "netIncomeAfterTaxes": 247.9,
        "nonRecurringItems": 3.8,
        "period": "2022-02-27",
        "pretaxIncome": 283.3,
        "provisionforIncomeTaxes": 35.4,
        "revenue": 2448.9,
        "sgaExpense": 110.3,
        "totalOperatingExpense": 204.6,
        "totalOtherIncomeExpenseNet": -0.2
      },
      {
        "costOfGoodsSold": 1823.9,
        "depreciationAmortization": 92.1,
        "dilutedAverageSharesOutstanding": 130.5,
        "dilutedEPS": 1.482,
        "ebit": 242.9,
        "grossIncome": 448.3,
        "interestIncomeExpense": -16.7,
        "netIncome": 193.2,
        "netIncomeAfterTaxes": 193.4,
        "period": "2021-11-28",
        "pretaxIncome": 225.9,
        "provisionforIncomeTaxes": 32.5,
        "revenue": 2272.2,
        "sgaExpense": 113.3,
        "totalOperatingExpense": 205.4,
        "totalOtherIncomeExpenseNet": -0.3
      },
      {
        "costOfGoodsSold": 1799.5,
        "depreciationAmortization": 89,
        "dilutedAverageSharesOutstanding": 131.7,
        "dilutedEPS": 1.7593,
        "ebit": 280.8,
        "grossIncome": 506.5,
        "interestIncomeExpense": -15.6,
        "netIncome": 230.9,
        "netIncomeAfterTaxes": 231.7,
        "period": "2021-08-29",
        "pretaxIncome": 265,
        "provisionforIncomeTaxes": 33.3,
        "revenue": 2306,
        "sgaExpense": 136.7,
        "totalOperatingExpense": 225.7,
        "totalOtherIncomeExpenseNet": -0.2
      },
      {
        "costOfGoodsSold": 1739.8,
        "depreciationAmortization": 89.1,
        "dilutedAverageSharesOutstanding": 132.7,
        "dilutedEPS": 2.7807,
        "ebit": 328.6,
        "grossIncome": 539.4,
        "interestIncomeExpense": -17.1,
        "netIncome": 368.5,
        "netIncomeAfterTaxes": 369,
        "nonRecurringItems": -5.2,
        "period": "2021-05-30",
        "pretaxIncome": 306,
        "provisionforIncomeTaxes": -63,
        "revenue": 2279.2,
        "sgaExpense": 121.7,
        "totalOperatingExpense": 210.8,
        "totalOtherIncomeExpenseNet": -0.3
      },
      {
        "costOfGoodsSold": 1395.6,
        "depreciationAmortization": 88.2,
        "dilutedAverageSharesOutstanding": 132,
        "dilutedEPS": 0.98,
        "ebit": 151.1,
        "grossIncome": 337.4,
        "interestIncomeExpense": -15.2,
        "netIncome": 128.7,
        "netIncomeAfterTaxes": 129.2,
        "nonRecurringItems": -3.1,
        "period": "2021-02-28",
        "pretaxIncome": 132.3,
        "provisionforIncomeTaxes": 3.1,
        "revenue": 1733,
        "sgaExpense": 98.1,
        "totalOperatingExpense": 186.3,
        "totalOtherIncomeExpenseNet": -0.5
      },
      {
        "costOfGoodsSold": 1341.1,
        "depreciationAmortization": 86,
        "dilutedAverageSharesOutstanding": 131.5,
        "dilutedEPS": 0.74,
        "ebit": 120.7,
        "grossIncome": 315.4,
        "interestIncomeExpense": -14.6,
        "netIncome": 96,
        "netIncomeAfterTaxes": 96.9,
        "period": "2020-11-29",
        "pretaxIncome": 105.7,
        "provisionforIncomeTaxes": 8.8,
        "revenue": 1656.5,
        "sgaExpense": 108.7,
        "totalOperatingExpense": 194.7,
        "totalOtherIncomeExpenseNet": -0.4
      },
      {
        "costOfGoodsSold": 1226.1,
        "depreciationAmortization": 87.6,
        "dilutedAverageSharesOutstanding": 130.9,
        "dilutedEPS": 0.28,
        "ebit": 56.6,
        "grossIncome": 301.3,
        "interestIncomeExpense": -16.6,
        "netIncome": 36.1,
        "netIncomeAfterTaxes": 37.3,
        "period": "2020-08-30",
        "pretaxIncome": 32.5,
        "provisionforIncomeTaxes": -4.8,
        "revenue": 1527.4,
        "sgaExpense": 157.1,
        "totalOperatingExpense": 244.7,
        "totalOtherIncomeExpenseNet": -7.5
      },
      {
        "costOfGoodsSold": 1259.6,
        "depreciationAmortization": 94.4,
        "dilutedAverageSharesOutstanding": 124.5,
        "dilutedEPS": -3.85,
        "ebit": -202.1,
        "grossIncome": 10.5,
        "interestExpense": 4.4,
        "interestIncomeExpense": -19.9,
        "netIncome": -480,
        "netIncomeAfterTaxes": -479.7,
        "nonRecurringItems": -388.4,
        "period": "2020-05-31",
        "pretaxIncome": -610.3,
        "provisionforIncomeTaxes": -130.6,
        "revenue": 1270.1,
        "sgaExpense": 118.2,
        "totalOperatingExpense": 212.6,
        "totalOtherIncomeExpenseNet": 0.1
      },
      {
        "costOfGoodsSold": 1808.5,
        "depreciationAmortization": 87.7,
        "dilutedAverageSharesOutstanding": 122.8,
        "dilutedEPS": 1.9,
        "ebit": 276,
        "grossIncome": 538,
        "interestExpense": 4.2,
        "interestIncomeExpense": -10.8,
        "netIncome": 232.3,
        "netIncomeAfterTaxes": 233.3,
        "nonRecurringItems": -0.1,
        "period": "2020-02-23",
        "pretaxIncome": 265.1,
        "provisionforIncomeTaxes": 31.8,
        "revenue": 2346.5,
        "sgaExpense": 174.3,
        "totalOperatingExpense": 262
      },
      {
        "costOfGoodsSold": 1650.9,
        "depreciationAmortization": 87.6,
        "dilutedAverageSharesOutstanding": 123.7,
        "dilutedEPS": 0.21,
        "ebit": 159.2,
        "grossIncome": 405.5,
        "interestExpense": 4,
        "interestIncomeExpense": -12,
        "netIncome": 24.7,
        "netIncomeAfterTaxes": 25.4,
        "nonRecurringItems": -147.2,
        "period": "2019-11-24",
        "pretaxIncome": -6.2,
        "provisionforIncomeTaxes": -31.6,
        "revenue": 2056.4,
        "sgaExpense": 158.7,
        "totalOperatingExpense": 246.3,
        "totalOtherIncomeExpenseNet": -6.2
      },
      {
        "costOfGoodsSold": 1679.5,
        "depreciationAmortization": 86.2,
        "dilutedAverageSharesOutstanding": 124.6,
        "dilutedEPS": 1.38,
        "ebit": 200.7,
        "grossIncome": 454.4,
        "interestExpense": 3.3,
        "interestIncomeExpense": -10.3,
        "netIncome": 170.6,
        "netIncomeAfterTaxes": 171.8,
        "nonRecurringItems": 0,
        "period": "2019-08-25",
        "pretaxIncome": 190.4,
        "provisionforIncomeTaxes": 18.6,
        "revenue": 2133.9,
        "sgaExpense": 167.5,
        "totalOperatingExpense": 253.7
      },
      {
        "costOfGoodsSold": 1728.4,
        "depreciationAmortization": 87.9,
        "dilutedAverageSharesOutstanding": 124.8,
        "dilutedEPS": 1.67,
        "ebit": 241.5,
        "grossIncome": 500.7,
        "interestIncomeExpense": -5.4,
        "netIncome": 208,
        "netIncomeAfterTaxes": 208.7,
        "nonRecurringItems": -18.2,
        "period": "2019-05-26",
        "pretaxIncome": 217.9,
        "provisionforIncomeTaxes": 9.2,
        "revenue": 2229.1,
        "sgaExpense": 171.3,
        "totalOperatingExpense": 259.2
      },
      {
        "costOfGoodsSold": 1729.7,
        "depreciationAmortization": 85.3,
        "dilutedAverageSharesOutstanding": 125,
        "dilutedEPS": 1.8,
        "ebit": 265.8,
        "grossIncome": 516.8,
        "interestIncomeExpense": -11.1,
        "netIncome": 223.6,
        "netIncomeAfterTaxes": 225.1,
        "nonRecurringItems": -1.6,
        "period": "2019-02-24",
        "pretaxIncome": 253.1,
        "provisionforIncomeTaxes": 28,
        "revenue": 2246.5,
        "sgaExpense": 165.7,
        "totalOperatingExpense": 251
      },
      {
        "costOfGoodsSold": 1587,
        "depreciationAmortization": 82.8,
        "dilutedAverageSharesOutstanding": 125.8,
        "dilutedEPS": 0.92,
        "ebit": 151,
        "grossIncome": 386.4,
        "interestIncomeExpense": -13,
        "netIncome": 115.6,
        "netIncomeAfterTaxes": 115.9,
        "nonRecurringItems": -2.7,
        "period": "2018-11-25",
        "pretaxIncome": 135.3,
        "provisionforIncomeTaxes": 19.4,
        "revenue": 1973.4,
        "sgaExpense": 152.6,
        "totalOperatingExpense": 235.4
      },
      {
        "costOfGoodsSold": 1627.5,
        "depreciationAmortization": 80.7,
        "dilutedAverageSharesOutstanding": 125.8,
        "dilutedEPS": 1.34,
        "ebit": 171.8,
        "grossIncome": 433.9,
        "interestIncomeExpense": 4.3,
        "netIncome": 166.2,
        "netIncomeAfterTaxes": 168.9,
        "nonRecurringItems": -0.1,
        "period": "2018-08-26",
        "pretaxIncome": 176,
        "provisionforIncomeTaxes": 7.1,
        "revenue": 2061.4,
        "sgaExpense": 181.4,
        "totalOperatingExpense": 262.1
      },
      {
        "costOfGoodsSold": 1647.3,
        "depreciationAmortization": 79,
        "dilutedAverageSharesOutstanding": 125.7,
        "dilutedEPS": 1.38,
        "ebit": 246.2,
        "grossIncome": 486.8,
        "interestIncomeExpense": -20.8,
        "netIncome": 174.5,
        "netIncomeAfterTaxes": 173.4,
        "nonRecurringItems": -8.6,
        "period": "2018-05-27",
        "pretaxIncome": 216.8,
        "provisionforIncomeTaxes": 43.4,
        "revenue": 2134.1,
        "sgaExpense": 161.6,
        "totalOperatingExpense": 240.6
      },
      {
        "costOfGoodsSold": 1650.4,
        "depreciationAmortization": 79.2,
        "dilutedAverageSharesOutstanding": 125.7,
        "dilutedEPS": 1.73,
        "ebit": 224.3,
        "grossIncome": 478,
        "interestIncomeExpense": -108.6,
        "netIncome": 217.8,
        "netIncomeAfterTaxes": 141.2,
        "nonRecurringItems": 0.3,
        "period": "2018-02-25",
        "pretaxIncome": 116,
        "provisionforIncomeTaxes": -25.2,
        "revenue": 2128.4,
        "sgaExpense": 174.5,
        "totalOperatingExpense": 253.7
      },
      {
        "costOfGoodsSold": 1516.7,
        "depreciationAmortization": 78.8,
        "dilutedAverageSharesOutstanding": 125.5,
        "dilutedEPS": 0.67,
        "ebit": 129.6,
        "grossIncome": 364.8,
        "interestIncomeExpense": -16.2,
        "netIncome": 84.7,
        "netIncomeAfterTaxes": 88.6,
        "nonRecurringItems": 0,
        "period": "2017-11-26",
        "pretaxIncome": 113.4,
        "provisionforIncomeTaxes": 24.8,
        "revenue": 1881.5,
        "sgaExpense": 156.4,
        "totalOperatingExpense": 235.2
      },
      {
        "costOfGoodsSold": 1521.8,
        "depreciationAmortization": 76.1,
        "dilutedAverageSharesOutstanding": 127.3,
        "dilutedEPS": 0.95,
        "ebit": 174.8,
        "grossIncome": 414.3,
        "interestIncomeExpense": -16.1,
        "netIncome": 119,
        "netIncomeAfterTaxes": 121.3,
        "nonRecurringItems": 0.8,
        "period": "2017-08-27",
        "pretaxIncome": 159.5,
        "provisionforIncomeTaxes": 38.2,
        "revenue": 1936.1,
        "sgaExpense": 163.4,
        "totalOperatingExpense": 239.5
      },
      {
        "costOfGoodsSold": 1499.7,
        "depreciationAmortization": 70.4,
        "dilutedAverageSharesOutstanding": 126.6,
        "dilutedEPS": 0.99,
        "ebit": 161.6,
        "grossIncome": 434.9,
        "interestIncomeExpense": -2.9,
        "netIncome": 123.8,
        "netIncomeAfterTaxes": 125.4,
        "nonRecurringItems": 0,
        "period": "2017-05-28",
        "pretaxIncome": 158.7,
        "provisionforIncomeTaxes": 33.3,
        "revenue": 1934.6,
        "sgaExpense": 202.9,
        "totalOperatingExpense": 273.3
      },
      {
        "costOfGoodsSold": 1440.7,
        "depreciationAmortization": 67.9,
        "dilutedAverageSharesOutstanding": 125.9,
        "dilutedEPS": 1.32,
        "ebit": 227.4,
        "grossIncome": 438,
        "interestIncomeExpense": -7.9,
        "netIncome": 165.6,
        "netIncomeAfterTaxes": 166.3,
        "nonRecurringItems": 0.7,
        "period": "2017-02-26",
        "pretaxIncome": 220.2,
        "provisionforIncomeTaxes": 53.9,
        "revenue": 1878.7,
        "sgaExpense": 142.7,
        "totalOperatingExpense": 210.6
      },
      {
        "costOfGoodsSold": 1324.1,
        "depreciationAmortization": 67.8,
        "dilutedAverageSharesOutstanding": 124.9,
        "dilutedEPS": 0.64,
        "ebit": 109,
        "grossIncome": 318.4,
        "interestIncomeExpense": -1.9,
        "netIncome": 79.5,
        "netIncomeAfterTaxes": 79.7,
        "nonRecurringItems": -0.1,
        "period": "2016-11-27",
        "pretaxIncome": 107,
        "provisionforIncomeTaxes": 27.3,
        "revenue": 1642.5,
        "sgaExpense": 141.6,
        "totalOperatingExpense": 209.4
      },
      {
        "costOfGoodsSold": 1343.8,
        "depreciationAmortization": 66.8,
        "dilutedAverageSharesOutstanding": 126.7,
        "dilutedEPS": 0.88,
        "ebit": 150.4,
        "grossIncome": 370.6,
        "interestIncomeExpense": -6.8,
        "netIncome": 110.2,
        "netIncomeAfterTaxes": 111.1,
        "nonRecurringItems": 7.8,
        "period": "2016-08-28",
        "pretaxIncome": 151.4,
        "provisionforIncomeTaxes": 40.3,
        "revenue": 1714.4,
        "sgaExpense": 153.4,
        "totalOperatingExpense": 220.2
      },
      {
        "costOfGoodsSold": 1375.7,
        "depreciationAmortization": 66.8,
        "dilutedAverageSharesOutstanding": 128.4,
        "dilutedEPS": 1.09,
        "ebit": 197.2,
        "grossIncome": 414.5,
        "interestIncomeExpense": -14.4,
        "netIncome": 139.6,
        "netIncomeAfterTaxes": 140.4,
        "nonRecurringItems": -7.4,
        "period": "2016-05-29",
        "pretaxIncome": 175.4,
        "provisionforIncomeTaxes": 35,
        "revenue": 1790.2,
        "sgaExpense": 150.5,
        "totalOperatingExpense": 217.3
      },
      {
        "costOfGoodsSold": 1417.2,
        "depreciationAmortization": 67,
        "dilutedAverageSharesOutstanding": 129.4,
        "dilutedEPS": 0.81,
        "ebit": 213.9,
        "grossIncome": 430.3,
        "interestIncomeExpense": -78,
        "netIncome": 105.8,
        "netIncomeAfterTaxes": 108.2,
        "nonRecurringItems": 2.2,
        "period": "2016-02-28",
        "pretaxIncome": 138.1,
        "provisionforIncomeTaxes": 29.9,
        "revenue": 1847.5,
        "sgaExpense": 149.4,
        "totalOperatingExpense": 216.4
      },
      {
        "costOfGoodsSold": 1283.2,
        "depreciationAmortization": 75.3,
        "dilutedAverageSharesOutstanding": 129.9,
        "dilutedEPS": 0.33,
        "ebit": 91.8,
        "grossIncome": 325.6,
        "interestExpense": -0.1,
        "interestIncomeExpense": -59.6,
        "netIncome": 43.2,
        "netIncomeAfterTaxes": 30.1,
        "nonRecurringItems": -7.8,
        "period": "2015-11-29",
        "pretaxIncome": 24.4,
        "provisionforIncomeTaxes": -5.7,
        "revenue": 1608.8,
        "sgaExpense": 158.5,
        "totalOperatingExpense": 233.8
      },
      {
        "costOfGoodsSold": 1309,
        "depreciationAmortization": 81.1,
        "dilutedAverageSharesOutstanding": 129.3,
        "dilutedEPS": 0.67,
        "ebit": 138.1,
        "grossIncome": 378,
        "interestExpense": -0.2,
        "interestIncomeExpense": -27.5,
        "netIncome": 86.8,
        "netIncomeAfterTaxes": 81.4,
        "nonRecurringItems": 1.6,
        "period": "2015-08-30",
        "pretaxIncome": 112.2,
        "provisionforIncomeTaxes": 30.8,
        "revenue": 1687,
        "sgaExpense": 158.8,
        "totalOperatingExpense": 239.9
      }
    ],
    "symbol": "DRI"
  }
}