{
  "symbol": "TROW",
  "statement": "ic",
  "frequency": "quarterly",
  "timestamp": "2025-09-19T14:07:10.897586",
  "data": {
    "financials": [
      {
        "depreciationAmortization": 31.2,
        "dilutedAverageSharesOutstanding": 220.4,
        "dilutedEPS": 2.2359,
        "ebit": 492.4,
        "interestIncomeExpense": 241.4,
        "minorityInterest": -50.9,
        "netIncome": 492.8,
        "netIncomeAfterTaxes": 556.1,
        "nonRecurringItems": -11,
        "otherOperatingExpensesTotal": 74.8,
        "period": "2025-06-30",
        "pretaxIncome": 713.8,
        "provisionforIncomeTaxes": 157.7,
        "revenue": 1723.3,
        "sgaExpense": 1124.9,
        "totalOperatingExpense": 1230.9,
        "totalOtherIncomeExpenseNet": -9
      },
      {
        "depreciationAmortization": 28.7,
        "dilutedAverageSharesOutstanding": 222.6,
        "dilutedEPS": 2.1478,
        "ebit": 610.5,
        "interestIncomeExpense": 63.8,
        "minorityInterest": -14.6,
        "netIncome": 478.1,
        "netIncomeAfterTaxes": 505.1,
        "nonRecurringItems": -14.2,
        "otherOperatingExpensesTotal": 83.8,
        "period": "2025-03-31",
        "pretaxIncome": 667,
        "provisionforIncomeTaxes": 161.9,
        "revenue": 1763.9,
        "sgaExpense": 1040.9,
        "totalOperatingExpense": 1153.4,
        "totalOtherIncomeExpenseNet": 6.9
      },
      {
        "depreciationAmortization": 31.4,
        "dilutedAverageSharesOutstanding": 222.7,
        "dilutedEPS": 1.9232,
        "ebit": 582.6,
        "interestIncomeExpense": 7.8,
        "minorityInterest": 23.2,
        "netIncome": 428.3,
        "netIncomeAfterTaxes": 416.7,
        "nonRecurringItems": -13.7,
        "otherOperatingExpensesTotal": 74.5,
        "period": "2024-12-31",
        "pretaxIncome": 573,
        "provisionforIncomeTaxes": 156.3,
        "revenue": 1824.5,
        "sgaExpense": 1136,
        "totalOperatingExpense": 1241.9,
        "totalOtherIncomeExpenseNet": -3.7
      },
      {
        "depreciationAmortization": 51.5,
        "dilutedAverageSharesOutstanding": 222.8,
        "dilutedEPS": 2.6369,
        "ebit": 617.6,
        "interestIncomeExpense": 205.5,
        "minorityInterest": -37.4,
        "netIncome": 587.5,
        "netIncomeAfterTaxes": 640.4,
        "nonRecurringItems": -4.6,
        "otherOperatingExpensesTotal": 61.6,
        "period": "2024-09-30",
        "pretaxIncome": 826.1,
        "provisionforIncomeTaxes": 185.7,
        "revenue": 1785.6,
        "sgaExpense": 1054.9,
        "totalOperatingExpense": 1168,
        "totalOtherIncomeExpenseNet": 7.6
      },
      {
        "depreciationAmortization": 43.9,
        "dilutedAverageSharesOutstanding": 223.5,
        "dilutedEPS": 2.1052,
        "ebit": 577.8,
        "interestIncomeExpense": 86.5,
        "minorityInterest": -1.9,
        "netIncome": 470.5,
        "netIncomeAfterTaxes": 485.3,
        "nonRecurringItems": -13.1,
        "otherOperatingExpensesTotal": 73,
        "period": "2024-06-30",
        "pretaxIncome": 645,
        "provisionforIncomeTaxes": 159.7,
        "revenue": 1733.3,
        "sgaExpense": 1038.6,
        "totalOperatingExpense": 1155.5,
        "totalOtherIncomeExpenseNet": -6.2
      },
      {
        "depreciationAmortization": 29.9,
        "dilutedAverageSharesOutstanding": 224.2,
        "dilutedEPS": 2.4888,
        "ebit": 600.1,
        "interestIncomeExpense": 193.8,
        "minorityInterest": -19.6,
        "netIncome": 558,
        "netIncomeAfterTaxes": 593.4,
        "nonRecurringItems": -13.5,
        "otherOperatingExpensesTotal": 75,
        "period": "2024-03-31",
        "pretaxIncome": 775.5,
        "provisionforIncomeTaxes": 182.1,
        "revenue": 1750.2,
        "sgaExpense": 1045.2,
        "totalOperatingExpense": 1150.1,
        "totalOtherIncomeExpenseNet": -4.9
      },
      {
        "depreciationAmortization": 41.1,
        "dilutedAverageSharesOutstanding": 223.9,
        "dilutedEPS": 1.9022,
        "ebit": 400.7,
        "interestIncomeExpense": 261.4,
        "minorityInterest": -36,
        "netIncome": 425.9,
        "netIncomeAfterTaxes": 473.6,
        "nonRecurringItems": -14.2,
        "otherOperatingExpensesTotal": 58.5,
        "period": "2023-12-31",
        "pretaxIncome": 646.9,
        "provisionforIncomeTaxes": 173.3,
        "revenue": 1642,
        "sgaExpense": 1141.7,
        "totalOperatingExpense": 1241.3,
        "totalOtherIncomeExpenseNet": -1
      },
      {
        "depreciationAmortization": 38.5,
        "dilutedAverageSharesOutstanding": 224.8,
        "dilutedEPS": 1.97,
        "ebit": 595,
        "interestIncomeExpense": 5.6,
        "minorityInterest": 14,
        "netIncome": 442.6,
        "netIncomeAfterTaxes": 439.2,
        "nonRecurringItems": -13,
        "otherOperatingExpensesTotal": 73.1,
        "period": "2023-09-30",
        "pretaxIncome": 584.1,
        "provisionforIncomeTaxes": 144.9,
        "revenue": 1670.7,
        "sgaExpense": 964.1,
        "totalOperatingExpense": 1075.7,
        "totalOtherIncomeExpenseNet": -3.5
      },
      {
        "depreciationAmortization": 28.6,
        "dilutedAverageSharesOutstanding": 225.2,
        "dilutedEPS": 2.06,
        "ebit": 547.1,
        "interestIncomeExpense": 113.5,
        "minorityInterest": -4.8,
        "netIncome": 464.8,
        "netIncomeAfterTaxes": 481.2,
        "nonRecurringItems": -13.6,
        "otherOperatingExpensesTotal": 54.5,
        "period": "2023-06-30",
        "pretaxIncome": 639.7,
        "provisionforIncomeTaxes": 158.5,
        "revenue": 1610.2,
        "sgaExpense": 980,
        "totalOperatingExpense": 1063.1,
        "totalOtherIncomeExpenseNet": -7.3
      },
      {
        "depreciationAmortization": 26,
        "dilutedAverageSharesOutstanding": 225.2,
        "dilutedEPS": 1.83,
        "ebit": 498.4,
        "interestIncomeExpense": 139.3,
        "minorityInterest": -20.2,
        "netIncome": 411,
        "netIncomeAfterTaxes": 441.7,
        "nonRecurringItems": -14.2,
        "otherOperatingExpensesTotal": 22.5,
        "period": "2023-03-31",
        "pretaxIncome": 619.6,
        "provisionforIncomeTaxes": 177.9,
        "revenue": 1537.6,
        "sgaExpense": 990.7,
        "totalOperatingExpense": 1039.2,
        "totalOtherIncomeExpenseNet": -3.9
      },
      {
        "depreciationAmortization": 27.1,
        "dilutedAverageSharesOutstanding": 224.4,
        "dilutedEPS": 1.16,
        "ebit": 444,
        "interestIncomeExpense": 144.6,
        "minorityInterest": -23.6,
        "netIncome": 259.5,
        "netIncomeAfterTaxes": 289.6,
        "nonRecurringItems": -194.7,
        "otherOperatingExpensesTotal": 32.3,
        "period": "2022-12-31",
        "pretaxIncome": 388.8,
        "provisionforIncomeTaxes": 99.2,
        "revenue": 1524.2,
        "sgaExpense": 1020.8,
        "totalOperatingExpense": 1080.2,
        "totalOtherIncomeExpenseNet": -5.1
      },
      {
        "depreciationAmortization": 27.1,
        "dilutedAverageSharesOutstanding": 226.3,
        "dilutedEPS": 1.66,
        "ebit": 561.9,
        "interestIncomeExpense": -83.2,
        "minorityInterest": 26.6,
        "netIncome": 375.2,
        "netIncomeAfterTaxes": 357.8,
        "nonRecurringItems": 12.7,
        "otherOperatingExpensesTotal": 75.6,
        "period": "2022-09-30",
        "pretaxIncome": 491.8,
        "provisionforIncomeTaxes": 134,
        "revenue": 1588.2,
        "sgaExpense": 923.6,
        "totalOperatingExpense": 1026.3,
        "totalOtherIncomeExpenseNet": 0.4
      },
      {
        "depreciationAmortization": 27.2,
        "dilutedAverageSharesOutstanding": 227.9,
        "dilutedEPS": 1.46,
        "ebit": 630.7,
        "interestIncomeExpense": -279.7,
        "minorityInterest": 51.8,
        "netIncome": 332.2,
        "netIncomeAfterTaxes": 287.8,
        "nonRecurringItems": 43.1,
        "otherOperatingExpensesTotal": 76.3,
        "period": "2022-06-30",
        "pretaxIncome": 388.7,
        "provisionforIncomeTaxes": 100.9,
        "revenue": 1513,
        "sgaExpense": 778.8,
        "totalOperatingExpense": 882.3,
        "totalOtherIncomeExpenseNet": -5.4
      },
      {
        "depreciationAmortization": 27.1,
        "dilutedAverageSharesOutstanding": 229.8,
        "dilutedEPS": 2.41,
        "ebit": 846.2,
        "interestIncomeExpense": -192.9,
        "minorityInterest": 53.5,
        "netIncome": 554.9,
        "netIncomeAfterTaxes": 514.4,
        "nonRecurringItems": 32.8,
        "otherOperatingExpensesTotal": 80.4,
        "period": "2022-03-31",
        "pretaxIncome": 678.9,
        "provisionforIncomeTaxes": 164.5,
        "revenue": 1863,
        "sgaExpense": 909.3,
        "totalOperatingExpense": 1016.8,
        "totalOtherIncomeExpenseNet": -7.2
      },
      {
        "dilutedAverageSharesOutstanding": 227,
        "dilutedEPS": 3.18,
        "ebit": 862.5,
        "interestIncomeExpense": 50,
        "minorityInterest": 7,
        "netIncome": 721.7,
        "netIncomeAfterTaxes": 733.6,
        "nonRecurringItems": -0.2,
        "otherOperatingExpensesTotal": 81.7,
        "period": "2021-12-31",
        "pretaxIncome": 912.6,
        "provisionforIncomeTaxes": 179,
        "revenue": 1961.7,
        "sgaExpense": 1017.5,
        "totalOperatingExpense": 1099.2,
        "totalOtherIncomeExpenseNet": 0.3
      },
      {
        "dilutedAverageSharesOutstanding": 229.1,
        "dilutedEPS": 3.31,
        "ebit": 996.2,
        "interestIncomeExpense": -8.4,
        "minorityInterest": 19.8,
        "netIncome": 757.7,
        "netIncomeAfterTaxes": 757.4,
        "nonRecurringItems": 0,
        "otherOperatingExpensesTotal": 70.3,
        "period": "2021-09-30",
        "pretaxIncome": 984.7,
        "provisionforIncomeTaxes": 227.3,
        "revenue": 1954.1,
        "sgaExpense": 887.6,
        "totalOperatingExpense": 957.9,
        "totalOtherIncomeExpenseNet": -3.1
      },
      {
        "dilutedAverageSharesOutstanding": 229.2,
        "dilutedEPS": 3.46,
        "ebit": 958.1,
        "interestIncomeExpense": 143.2,
        "minorityInterest": -27,
        "netIncome": 793.5,
        "netIncomeAfterTaxes": 842.7,
        "nonRecurringItems": 0,
        "otherOperatingExpensesTotal": 43.3,
        "period": "2021-06-30",
        "pretaxIncome": 1102,
        "provisionforIncomeTaxes": 259.3,
        "revenue": 1929.3,
        "sgaExpense": 927.9,
        "totalOperatingExpense": 971.2,
        "totalOtherIncomeExpenseNet": 0.7
      },
      {
        "dilutedAverageSharesOutstanding": 230,
        "dilutedEPS": 3.17,
        "ebit": 893.2,
        "interestIncomeExpense": 103.2,
        "minorityInterest": -15.4,
        "netIncome": 729.5,
        "netIncomeAfterTaxes": 764.8,
        "nonRecurringItems": 2.6,
        "otherOperatingExpensesTotal": 41,
        "period": "2021-03-31",
        "pretaxIncome": 995.3,
        "provisionforIncomeTaxes": 230.5,
        "revenue": 1826.8,
        "sgaExpense": 892.6,
        "totalOperatingExpense": 933.6,
        "totalOtherIncomeExpenseNet": -3.7
      },
      {
        "dilutedAverageSharesOutstanding": 229.1,
        "dilutedEPS": 3.33,
        "ebit": 755.9,
        "interestIncomeExpense": 384,
        "minorityInterest": -146.2,
        "netIncome": 762.2,
        "netIncomeAfterTaxes": 929.6,
        "nonRecurringItems": 0.6,
        "otherOperatingExpensesTotal": 37.5,
        "period": "2020-12-31",
        "pretaxIncome": 1146,
        "provisionforIncomeTaxes": 216.4,
        "revenue": 1732.9,
        "sgaExpense": 939.5,
        "totalOperatingExpense": 977,
        "totalOtherIncomeExpenseNet": 5.5
      },
      {
        "dilutedAverageSharesOutstanding": 229.4,
        "dilutedEPS": 2.73,
        "ebit": 728.9,
        "interestIncomeExpense": 185.8,
        "minorityInterest": -55.4,
        "netIncome": 625.3,
        "netIncomeAfterTaxes": 698.6,
        "nonRecurringItems": 0,
        "otherOperatingExpensesTotal": 36.8,
        "period": "2020-09-30",
        "pretaxIncome": 920.5,
        "provisionforIncomeTaxes": 221.9,
        "revenue": 1595.8,
        "sgaExpense": 830.1,
        "totalOperatingExpense": 866.9,
        "totalOtherIncomeExpenseNet": 5.8
      },
      {
        "dilutedAverageSharesOutstanding": 229.5,
        "dilutedEPS": 2.55,
        "ebit": 553.7,
        "interestIncomeExpense": 413.1,
        "minorityInterest": -125.5,
        "netIncome": 586.2,
        "netIncomeAfterTaxes": 728.5,
        "nonRecurringItems": 0,
        "otherOperatingExpensesTotal": 39.6,
        "period": "2020-06-30",
        "pretaxIncome": 968.8,
        "provisionforIncomeTaxes": 240.3,
        "revenue": 1415.4,
        "sgaExpense": 822.1,
        "totalOperatingExpense": 861.7,
        "totalOtherIncomeExpenseNet": 2
      },
      {
        "dilutedAverageSharesOutstanding": 236.8,
        "dilutedEPS": 1.41,
        "ebit": 707.2,
        "interestIncomeExpense": -485,
        "minorityInterest": 176.5,
        "netIncome": 333.7,
        "netIncomeAfterTaxes": 166.6,
        "nonRecurringItems": 0.1,
        "otherOperatingExpensesTotal": 41.6,
        "period": "2020-03-31",
        "pretaxIncome": 206.9,
        "provisionforIncomeTaxes": 40.3,
        "revenue": 1462.6,
        "sgaExpense": 713.8,
        "totalOperatingExpense": 755.4,
        "totalOtherIncomeExpenseNet": -15.4
      },
      {
        "dilutedAverageSharesOutstanding": 237.4,
        "dilutedEPS": 2.24,
        "ebit": 580.3,
        "interestIncomeExpense": 163,
        "minorityInterest": -48.6,
        "netIncome": 530.7,
        "netIncomeAfterTaxes": 593.9,
        "nonRecurringItems": 0,
        "otherOperatingExpensesTotal": 37.6,
        "period": "2019-12-31",
        "pretaxIncome": 750.3,
        "provisionforIncomeTaxes": 156.4,
        "revenue": 1468.7,
        "sgaExpense": 850.8,
        "totalOperatingExpense": 888.4,
        "totalOtherIncomeExpenseNet": 7
      },
      {
        "dilutedAverageSharesOutstanding": 238.2,
        "dilutedEPS": 2.23,
        "ebit": 659.1,
        "interestIncomeExpense": 43.8,
        "minorityInterest": 0.8,
        "netIncome": 532,
        "netIncomeAfterTaxes": 545.1,
        "nonRecurringItems": -0.1,
        "otherOperatingExpensesTotal": 38,
        "period": "2019-09-30",
        "pretaxIncome": 702.1,
        "provisionforIncomeTaxes": 157,
        "revenue": 1426.7,
        "sgaExpense": 729.6,
        "totalOperatingExpense": 767.6,
        "totalOtherIncomeExpenseNet": -0.7
      },
      {
        "dilutedAverageSharesOutstanding": 239.2,
        "dilutedEPS": 2.15,
        "ebit": 615.1,
        "interestIncomeExpense": 124.5,
        "minorityInterest": -28.4,
        "netIncome": 513.7,
        "netIncomeAfterTaxes": 555.9,
        "nonRecurringItems": 0.1,
        "otherOperatingExpensesTotal": 33.4,
        "period": "2019-06-30",
        "pretaxIncome": 739.6,
        "provisionforIncomeTaxes": 183.7,
        "revenue": 1395.2,
        "sgaExpense": 746.7,
        "totalOperatingExpense": 780.1,
        "totalOtherIncomeExpenseNet": -0.1
      },
      {
        "dilutedAverageSharesOutstanding": 239.6,
        "dilutedEPS": 2.09,
        "ebit": 532.5,
        "interestIncomeExpense": 201.9,
        "minorityInterest": -41.4,
        "netIncome": 499.6,
        "netIncomeAfterTaxes": 554,
        "nonRecurringItems": 0.1,
        "otherOperatingExpensesTotal": 44.2,
        "period": "2019-03-31",
        "pretaxIncome": 735.3,
        "provisionforIncomeTaxes": 181.3,
        "revenue": 1327.3,
        "sgaExpense": 750.6,
        "totalOperatingExpense": 794.8,
        "totalOtherIncomeExpenseNet": 0.8
      },
      {
        "dilutedAverageSharesOutstanding": 243,
        "dilutedEPS": 1.41,
        "ebit": 527.1,
        "interestIncomeExpense": -150.2,
        "minorityInterest": 79.9,
        "netIncome": 343.1,
        "netIncomeAfterTaxes": 272,
        "nonRecurringItems": 15.2,
        "otherOperatingExpensesTotal": 40,
        "period": "2018-12-31",
        "pretaxIncome": 390.4,
        "provisionforIncomeTaxes": 118.4,
        "revenue": 1305,
        "sgaExpense": 737.9,
        "totalOperatingExpense": 777.9,
        "totalOtherIncomeExpenseNet": -1.7
      },
      {
        "dilutedAverageSharesOutstanding": 247.5,
        "dilutedEPS": 2.3,
        "ebit": 640.6,
        "interestIncomeExpense": 124.8,
        "minorityInterest": 1.4,
        "netIncome": 569.3,
        "netIncomeAfterTaxes": 581.6,
        "nonRecurringItems": 0,
        "otherOperatingExpensesTotal": 37.9,
        "period": "2018-09-30",
        "pretaxIncome": 765.5,
        "provisionforIncomeTaxes": 183.9,
        "revenue": 1394.6,
        "sgaExpense": 716.1,
        "totalOperatingExpense": 754,
        "totalOtherIncomeExpenseNet": 0.1
      },
      {
        "dilutedAverageSharesOutstanding": 247.4,
        "dilutedEPS": 1.77,
        "ebit": 594.7,
        "interestIncomeExpense": 36.5,
        "minorityInterest": -10.7,
        "netIncome": 438.4,
        "netIncomeAfterTaxes": 488.3,
        "nonRecurringItems": 0,
        "otherOperatingExpensesTotal": 37.1,
        "period": "2018-06-30",
        "pretaxIncome": 628.8,
        "provisionforIncomeTaxes": 140.5,
        "revenue": 1345,
        "sgaExpense": 713.2,
        "totalOperatingExpense": 750.3,
        "totalOtherIncomeExpenseNet": -2.4
      },
      {
        "dilutedAverageSharesOutstanding": 249.8,
        "dilutedEPS": 1.77,
        "ebit": 583.8,
        "interestIncomeExpense": 15.2,
        "minorityInterest": -1.8,
        "netIncome": 443.1,
        "netIncomeAfterTaxes": 455.5,
        "nonRecurringItems": 0,
        "otherOperatingExpensesTotal": 42.1,
        "period": "2018-03-31",
        "pretaxIncome": 599.9,
        "provisionforIncomeTaxes": 144.4,
        "revenue": 1328,
        "sgaExpense": 702.1,
        "totalOperatingExpense": 744.2,
        "totalOtherIncomeExpenseNet": 0.9
      },
      {
        "dilutedAverageSharesOutstanding": 247.5,
        "dilutedEPS": 1.37,
        "ebit": 531,
        "interestIncomeExpense": 101.3,
        "minorityInterest": -39.5,
        "netIncome": 339.2,
        "netIncomeAfterTaxes": 457.7,
        "nonRecurringItems": 0,
        "otherOperatingExpensesTotal": 35.1,
        "period": "2017-12-31",
        "pretaxIncome": 633,
        "provisionforIncomeTaxes": 175.3,
        "revenue": 1297.6,
        "sgaExpense": 731.5,
        "totalOperatingExpense": 766.6,
        "totalOtherIncomeExpenseNet": 0.7
      },
      {
        "dilutedAverageSharesOutstanding": 244.4,
        "dilutedEPS": 1.56,
        "ebit": 548.5,
        "interestIncomeExpense": 66.4,
        "minorityInterest": -13.3,
        "netIncome": 382.1,
        "netIncomeAfterTaxes": 404.2,
        "nonRecurringItems": 0,
        "otherOperatingExpensesTotal": 37.9,
        "period": "2017-09-30",
        "pretaxIncome": 615.8,
        "provisionforIncomeTaxes": 211.6,
        "revenue": 1238.7,
        "sgaExpense": 652.3,
        "totalOperatingExpense": 690.2,
        "totalOtherIncomeExpenseNet": 0.9
      },
      {
        "dilutedAverageSharesOutstanding": 243,
        "dilutedEPS": 1.5,
        "ebit": 507.6,
        "interestIncomeExpense": 110.8,
        "minorityInterest": -16.1,
        "netIncome": 365.4,
        "netIncomeAfterTaxes": 390,
        "nonRecurringItems": 0,
        "otherOperatingExpensesTotal": 34.4,
        "period": "2017-06-30",
        "pretaxIncome": 619.6,
        "provisionforIncomeTaxes": 229.6,
        "revenue": 1186,
        "sgaExpense": 644,
        "totalOperatingExpense": 678.4,
        "totalOtherIncomeExpenseNet": 1.2
      },
      {
        "dilutedAverageSharesOutstanding": 245.5,
        "dilutedEPS": 1.54,
        "ebit": 471.7,
        "interestIncomeExpense": 113.7,
        "minorityInterest": -14.5,
        "netIncome": 377.2,
        "netIncomeAfterTaxes": 400.4,
        "nonRecurringItems": 50,
        "otherOperatingExpensesTotal": 38.6,
        "period": "2017-03-31",
        "pretaxIncome": 636.7,
        "provisionforIncomeTaxes": 236.3,
        "revenue": 1132.6,
        "sgaExpense": 622.3,
        "totalOperatingExpense": 660.9,
        "totalOtherIncomeExpenseNet": 1.3
      },
      {
        "depreciationAmortization": 33.4,
        "dilutedAverageSharesOutstanding": 246.7,
        "dilutedEPS": 1.51,
        "ebit": 463.3,
        "interestIncomeExpense": 14,
        "minorityInterest": 13,
        "netIncome": 371.4,
        "netIncomeAfterTaxes": 366.8,
        "nonRecurringItems": 100,
        "otherOperatingExpensesTotal": 104.9,
        "period": "2016-12-31",
        "pretaxIncome": 575.5,
        "provisionforIncomeTaxes": 208.7,
        "revenue": 1091.2,
        "sgaExpense": 489.6,
        "totalOperatingExpense": 627.9,
        "totalOtherIncomeExpenseNet": -1.8
      },
      {
        "depreciationAmortization": 34,
        "dilutedAverageSharesOutstanding": 250.1,
        "dilutedEPS": 1.28,
        "ebit": 475.7,
        "interestIncomeExpense": 88.3,
        "minorityInterest": -34.9,
        "netIncome": 320.5,
        "netIncomeAfterTaxes": 362.7,
        "nonRecurringItems": 0,
        "otherOperatingExpensesTotal": 100.3,
        "period": "2016-09-30",
        "pretaxIncome": 564,
        "provisionforIncomeTaxes": 201.3,
        "revenue": 1092.9,
        "sgaExpense": 482.9,
        "totalOperatingExpense": 617.2,
        "totalOtherIncomeExpenseNet": 0
      },
      {
        "depreciationAmortization": 33.8,
        "dilutedAverageSharesOutstanding": 252.6,
        "dilutedEPS": 0.79,
        "ebit": 449.7,
        "interestIncomeExpense": 41.7,
        "minorityInterest": -7.9,
        "netIncome": 199.3,
        "netIncomeAfterTaxes": 211.2,
        "nonRecurringItems": -166.2,
        "otherOperatingExpensesTotal": 98.9,
        "period": "2016-06-30",
        "pretaxIncome": 325,
        "provisionforIncomeTaxes": 113.8,
        "revenue": 1044.7,
        "sgaExpense": 462.3,
        "totalOperatingExpense": 595,
        "totalOtherIncomeExpenseNet": -0.2
      },
      {
        "depreciationAmortization": 32.2,
        "dilutedAverageSharesOutstanding": 251.9,
        "dilutedEPS": 1.18,
        "ebit": 410.9,
        "interestIncomeExpense": 85.1,
        "minorityInterest": -9.2,
        "netIncome": 298.3,
        "netIncomeAfterTaxes": 313.3,
        "nonRecurringItems": 0,
        "otherOperatingExpensesTotal": 97.4,
        "period": "2016-03-31",
        "pretaxIncome": 496,
        "provisionforIncomeTaxes": 182.7,
        "revenue": 994.1,
        "sgaExpense": 453.6,
        "totalOperatingExpense": 583.2,
        "totalOtherIncomeExpenseNet": 0
      },
      {
        "depreciationAmortization": 31.9,
        "dilutedAverageSharesOutstanding": 254.9,
        "dilutedEPS": 1.17,
        "ebit": 455,
        "interestIncomeExpense": 43.4,
        "netIncome": 298.9,
        "netIncomeAfterTaxes": 303.2,
        "otherOperatingExpensesTotal": 103.5,
        "period": "2015-12-31",
        "pretaxIncome": 498.4,
        "provisionforIncomeTaxes": 195.2,
        "revenue": 1052.2,
        "sgaExpense": 461.8,
        "totalOperatingExpense": 597.2
      },
      {
        "depreciationAmortization": 33.1,
        "dilutedAverageSharesOutstanding": 258.6,
        "dilutedEPS": 1.06,
        "ebit": 458.3,
        "interestIncomeExpense": 0.3,
        "netIncome": 273,
        "netIncomeAfterTaxes": 277.1,
        "otherOperatingExpensesTotal": 86.6,
        "period": "2015-09-30",
        "pretaxIncome": 458.6,
        "provisionforIncomeTaxes": 181.5,
        "revenue": 1049,
        "sgaExpense": 471,
        "totalOperatingExpense": 590.7
      }
    ],
    "symbol": "TROW"
  }
}