{
  "symbol": "CPAY",
  "statement": "ic",
  "frequency": "annual",
  "timestamp": "2025-09-19T13:58:33.578276",
  "data": {
    "financials": [
      {
        "costOfGoodsSold": 869.085,
        "depreciationAmortization": 351.088,
        "dilutedAverageSharesOutstanding": 71.848,
        "dilutedEPS": 13.9704,
        "ebit": 1755.847,
        "grossIncome": 3105.504,
        "interestIncomeExpense": -242.082,
        "minorityInterest": 0.014,
        "netIncome": 1003.746,
        "netIncomeAfterTaxes": 1003.732,
        "nonRecurringItems": 26.27,
        "otherOperatingExpensesTotal": 0.789,
        "period": "2024-12-31",
        "pretaxIncome": 1385.113,
        "provisionforIncomeTaxes": 381.381,
        "revenue": 3974.589,
        "sgaExpense": 997.78,
        "totalOperatingExpense": 1349.657,
        "totalOtherIncomeExpenseNet": -154.922,
        "year": 2024
      },
      {
        "costOfGoodsSold": 819.908,
        "depreciationAmortization": 336.604,
        "dilutedAverageSharesOutstanding": 74.387,
        "dilutedEPS": 13.1998,
        "ebit": 1656.873,
        "grossIncome": 2937.811,
        "interestIncomeExpense": -372.691,
        "netIncome": 981.89,
        "netIncomeAfterTaxes": 981.89,
        "nonRecurringItems": 0,
        "otherOperatingExpensesTotal": 0.753,
        "period": "2023-12-31",
        "pretaxIncome": 1325.005,
        "provisionforIncomeTaxes": 343.115,
        "revenue": 3757.719,
        "sgaExpense": 943.581,
        "totalOperatingExpense": 1280.938,
        "totalOtherIncomeExpenseNet": 40.823,
        "year": 2023
      },
      {
        "depreciationAmortization": 322.3,
        "dilutedAverageSharesOutstanding": 76.9,
        "dilutedEPS": 12.42,
        "ebit": 1446.6,
        "interestIncomeExpense": 38,
        "netIncome": 954.3,
        "netIncomeAfterTaxes": 954.3,
        "nonRecurringItems": -1.9,
        "otherOperatingExpensesTotal": 0.3,
        "period": "2022-12-31",
        "pretaxIncome": 1275.7,
        "provisionforIncomeTaxes": 321.3,
        "revenue": 3427.1,
        "sgaExpense": 1657.9,
        "totalOperatingExpense": 1980.5,
        "totalOtherIncomeExpenseNet": -207,
        "year": 2022
      },
      {
        "depreciationAmortization": 284.2,
        "dilutedAverageSharesOutstanding": 84.1,
        "dilutedEPS": 9.99,
        "ebit": 1242.6,
        "interestIncomeExpense": -73,
        "netIncome": 839.5,
        "netIncomeAfterTaxes": 839.5,
        "nonRecurringItems": -16.2,
        "otherOperatingExpensesTotal": -0.8,
        "period": "2021-12-31",
        "pretaxIncome": 1108.8,
        "provisionforIncomeTaxes": 269.3,
        "revenue": 2833.7,
        "sgaExpense": 1307.8,
        "totalOperatingExpense": 1591.2,
        "totalOtherIncomeExpenseNet": -44.6,
        "year": 2021
      },
      {
        "depreciationAmortization": 254.8,
        "dilutedAverageSharesOutstanding": 86.7,
        "dilutedEPS": 8.12,
        "ebit": 972.3,
        "interestIncomeExpense": 122.9,
        "netIncome": 704.2,
        "netIncomeAfterTaxes": 704.2,
        "nonRecurringItems": 0,
        "otherOperatingExpensesTotal": -2,
        "period": "2020-12-31",
        "pretaxIncome": 882.5,
        "provisionforIncomeTaxes": 178.3,
        "revenue": 2388.9,
        "sgaExpense": 1163.8,
        "totalOperatingExpense": 1416.6,
        "totalOtherIncomeExpenseNet": -212.6,
        "year": 2020
      },
      {
        "costOfGoodsSold": 0,
        "depreciationAmortization": 274.2,
        "dilutedAverageSharesOutstanding": 90.1,
        "dilutedEPS": 9.94,
        "ebit": 1231.4,
        "grossIncome": 2648.8,
        "interestIncomeExpense": -64.7,
        "netIncome": 895.1,
        "netIncomeAfterTaxes": 895.1,
        "nonRecurringItems": 0,
        "otherOperatingExpensesTotal": 0.5,
        "period": "2019-12-31",
        "pretaxIncome": 1077.8,
        "provisionforIncomeTaxes": 182.7,
        "revenue": 2648.8,
        "sgaExpense": 1142.7,
        "totalOperatingExpense": 1417.4,
        "totalOtherIncomeExpenseNet": -88.9,
        "year": 2019
      },
      {
        "costOfGoodsSold": 0,
        "depreciationAmortization": 274.6,
        "dilutedAverageSharesOutstanding": 92.2,
        "dilutedEPS": 8.8,
        "ebit": 1090.7,
        "grossIncome": 2433.5,
        "interestIncomeExpense": -145.7,
        "netIncome": 811.5,
        "netIncomeAfterTaxes": 836,
        "nonRecurringItems": -2.1,
        "otherOperatingExpensesTotal": 8.7,
        "period": "2018-12-31",
        "pretaxIncome": 1095.1,
        "provisionforIncomeTaxes": 259.1,
        "revenue": 2433.5,
        "sgaExpense": 1059.5,
        "totalOperatingExpense": 1342.8,
        "totalOtherIncomeExpenseNet": 152.3,
        "year": 2018
      },
      {
        "costOfGoodsSold": 113.1,
        "depreciationAmortization": 264.6,
        "dilutedAverageSharesOutstanding": 93.6,
        "dilutedEPS": 7.9,
        "ebit": 883.8,
        "grossIncome": 2136.4,
        "interestIncomeExpense": -160.3,
        "netIncome": 740.2,
        "netIncomeAfterTaxes": 612.1,
        "nonRecurringItems": -3.3,
        "otherOperatingExpensesTotal": 0.1,
        "period": "2017-12-31",
        "pretaxIncome": 893.6,
        "provisionforIncomeTaxes": 281.5,
        "revenue": 2249.5,
        "sgaExpense": 988,
        "totalOperatingExpense": 1252.7,
        "totalOtherIncomeExpenseNet": 173.4,
        "year": 2017
      },
      {
        "costOfGoodsSold": 104.3,
        "depreciationAmortization": 203.3,
        "dilutedAverageSharesOutstanding": 95.2,
        "dilutedEPS": 4.75,
        "ebit": 754.2,
        "grossIncome": 1727.2,
        "interestIncomeExpense": -108.3,
        "netIncome": 452.4,
        "netIncomeAfterTaxes": 452.4,
        "nonRecurringItems": 0,
        "otherOperatingExpensesTotal": -0.7,
        "period": "2016-12-31",
        "pretaxIncome": 642.9,
        "provisionforIncomeTaxes": 190.5,
        "revenue": 1831.5,
        "sgaExpense": 770.5,
        "totalOperatingExpense": 973.1,
        "totalOtherIncomeExpenseNet": -3,
        "year": 2016
      },
      {
        "costOfGoodsSold": 108.3,
        "depreciationAmortization": 193.5,
        "dilutedAverageSharesOutstanding": 94.1,
        "dilutedEPS": 3.85,
        "ebit": 667.5,
        "grossIncome": 1594.6,
        "interestIncomeExpense": -129,
        "netIncome": 362.4,
        "netIncomeAfterTaxes": 362.4,
        "nonRecurringItems": 0,
        "otherOperatingExpensesTotal": -4.2,
        "period": "2015-12-31",
        "pretaxIncome": 536,
        "provisionforIncomeTaxes": 173.6,
        "revenue": 1702.9,
        "sgaExpense": 737.9,
        "totalOperatingExpense": 927,
        "totalOtherIncomeExpenseNet": -2.5,
        "year": 2015
      }
    ],
    "symbol": "CPAY"
  }
}