{
  "symbol": "TDG",
  "statement": "ic",
  "frequency": "quarterly",
  "timestamp": "2025-09-19T14:07:41.762499",
  "data": {
    "financials": [
      {
        "costOfGoodsSold": 896,
        "depreciationAmortization": 51,
        "dilutedAverageSharesOutstanding": 58.1,
        "dilutedEPS": 8.4682,
        "ebit": 1048,
        "grossIncome": 1341,
        "interestExpense": 5,
        "interestIncomeExpense": -397,
        "minorityInterest": -1,
        "netIncome": 492,
        "netIncomeAfterTaxes": 493,
        "nonRecurringItems": -16,
        "period": "2025-06-28",
        "pretaxIncome": 635,
        "provisionforIncomeTaxes": 142,
        "revenue": 2237,
        "sgaExpense": 242,
        "totalOperatingExpense": 293,
        "totalOtherIncomeExpenseNet": 0
      },
      {
        "costOfGoodsSold": 867,
        "depreciationAmortization": 47,
        "dilutedAverageSharesOutstanding": 58.1,
        "dilutedEPS": 8.2444,
        "ebit": 1001,
        "grossIncome": 1283,
        "interestExpense": 5,
        "interestIncomeExpense": -378,
        "minorityInterest": 0,
        "netIncome": 479,
        "netIncomeAfterTaxes": 479,
        "nonRecurringItems": -10,
        "period": "2025-03-29",
        "pretaxIncome": 622,
        "provisionforIncomeTaxes": 143,
        "revenue": 2150,
        "sgaExpense": 235,
        "totalOperatingExpense": 282,
        "totalOtherIncomeExpenseNet": 9
      },
      {
        "costOfGoodsSold": 758,
        "depreciationAmortization": 50,
        "dilutedAverageSharesOutstanding": 58.3,
        "dilutedEPS": 7.6158,
        "ebit": 991,
        "grossIncome": 1248,
        "interestExpense": 5,
        "interestIncomeExpense": -378,
        "minorityInterest": 0,
        "netIncome": 444,
        "netIncomeAfterTaxes": 493,
        "nonRecurringItems": -17,
        "period": "2024-12-28",
        "pretaxIncome": 619,
        "provisionforIncomeTaxes": 126,
        "revenue": 2006,
        "sgaExpense": 207,
        "totalOperatingExpense": 257,
        "totalOtherIncomeExpenseNet": 23
      },
      {
        "costOfGoodsSold": 900,
        "depreciationAmortization": 51,
        "dilutedAverageSharesOutstanding": 57.8,
        "dilutedEPS": 5.81,
        "ebit": 982,
        "grossIncome": 1286,
        "interestExpense": 5,
        "interestIncomeExpense": -343,
        "minorityInterest": 1,
        "netIncome": 336,
        "netIncomeAfterTaxes": 467,
        "nonRecurringItems": -38,
        "period": "2024-09-30",
        "pretaxIncome": 605,
        "provisionforIncomeTaxes": 138,
        "revenue": 2186,
        "sgaExpense": 253,
        "totalOperatingExpense": 304,
        "totalOtherIncomeExpenseNet": 4
      },
      {
        "costOfGoodsSold": 799,
        "depreciationAmortization": 38,
        "dilutedAverageSharesOutstanding": 57.9,
        "dilutedEPS": 7.96,
        "ebit": 982,
        "grossIncome": 1247,
        "interestExpense": 5,
        "interestIncomeExpense": -316,
        "minorityInterest": 0,
        "netIncome": 461,
        "netIncomeAfterTaxes": 461,
        "nonRecurringItems": -78,
        "period": "2024-06-29",
        "pretaxIncome": 602,
        "provisionforIncomeTaxes": 141,
        "revenue": 2046,
        "sgaExpense": 227,
        "totalOperatingExpense": 265,
        "totalOtherIncomeExpenseNet": 14
      },
      {
        "costOfGoodsSold": 753,
        "depreciationAmortization": 37,
        "dilutedAverageSharesOutstanding": 57.8,
        "dilutedEPS": 6.97,
        "ebit": 893,
        "grossIncome": 1166,
        "interestExpense": 4,
        "interestIncomeExpense": -326,
        "minorityInterest": -1,
        "netIncome": 403,
        "netIncomeAfterTaxes": 404,
        "nonRecurringItems": -54,
        "period": "2024-03-30",
        "pretaxIncome": 519,
        "provisionforIncomeTaxes": 115,
        "revenue": 1919,
        "sgaExpense": 236,
        "totalOperatingExpense": 273,
        "totalOtherIncomeExpenseNet": 6
      },
      {
        "costOfGoodsSold": 745,
        "depreciationAmortization": 35,
        "dilutedAverageSharesOutstanding": 57.7,
        "dilutedEPS": 4.87,
        "ebit": 789,
        "grossIncome": 1044,
        "interestExpense": 2,
        "interestIncomeExpense": -300,
        "minorityInterest": 0,
        "netIncome": 281,
        "netIncomeAfterTaxes": 382,
        "nonRecurringItems": -2,
        "period": "2023-12-30",
        "pretaxIncome": 488,
        "provisionforIncomeTaxes": 106,
        "revenue": 1789,
        "sgaExpense": 220,
        "totalOperatingExpense": 255,
        "totalOtherIncomeExpenseNet": 1
      },
      {
        "costOfGoodsSold": 754,
        "depreciationAmortization": 34,
        "dilutedAverageSharesOutstanding": 57.5,
        "dilutedEPS": 7.22,
        "ebit": 866,
        "grossIncome": 1098,
        "interestExpense": 3,
        "interestIncomeExpense": -292,
        "minorityInterest": 1,
        "netIncome": 415,
        "netIncomeAfterTaxes": 414,
        "nonRecurringItems": -25,
        "period": "2023-09-30",
        "pretaxIncome": 550,
        "provisionforIncomeTaxes": 136,
        "revenue": 1852,
        "sgaExpense": 198,
        "totalOperatingExpense": 232,
        "totalOtherIncomeExpenseNet": 1
      },
      {
        "costOfGoodsSold": 709,
        "depreciationAmortization": 37,
        "dilutedAverageSharesOutstanding": 57.2,
        "dilutedEPS": 6.14,
        "ebit": 793,
        "grossIncome": 1035,
        "interestExpense": 3,
        "interestIncomeExpense": -291,
        "minorityInterest": -1,
        "netIncome": 351,
        "netIncomeAfterTaxes": 352,
        "nonRecurringItems": -42,
        "period": "2023-07-01",
        "pretaxIncome": 469,
        "provisionforIncomeTaxes": 117,
        "revenue": 1744,
        "sgaExpense": 205,
        "totalOperatingExpense": 242,
        "totalOtherIncomeExpenseNet": 9
      },
      {
        "costOfGoodsSold": 660,
        "depreciationAmortization": 35,
        "dilutedAverageSharesOutstanding": 57.1,
        "dilutedEPS": 5.32,
        "ebit": 701,
        "grossIncome": 932,
        "interestExpense": 3,
        "interestIncomeExpense": -295,
        "minorityInterest": 0,
        "netIncome": 304,
        "netIncomeAfterTaxes": 304,
        "nonRecurringItems": -11,
        "period": "2023-04-01",
        "pretaxIncome": 397,
        "provisionforIncomeTaxes": 93,
        "revenue": 1592,
        "sgaExpense": 196,
        "totalOperatingExpense": 231,
        "totalOtherIncomeExpenseNet": 2
      },
      {
        "costOfGoodsSold": 599,
        "depreciationAmortization": 34,
        "dilutedAverageSharesOutstanding": 57.1,
        "dilutedEPS": 3.33,
        "ebit": 596,
        "grossIncome": 798,
        "interestExpense": 3,
        "interestIncomeExpense": -286,
        "minorityInterest": -1,
        "netIncome": 190,
        "netIncomeAfterTaxes": 229,
        "nonRecurringItems": -10,
        "period": "2022-12-31",
        "pretaxIncome": 301,
        "provisionforIncomeTaxes": 72,
        "revenue": 1397,
        "sgaExpense": 168,
        "totalOperatingExpense": 202,
        "totalOtherIncomeExpenseNet": 1
      },
      {
        "costOfGoodsSold": 620.3,
        "depreciationAmortization": 34,
        "dilutedAverageSharesOutstanding": 58.2,
        "dilutedEPS": 3.88,
        "ebit": 645.7,
        "grossIncome": 889.7,
        "interestIncomeExpense": -277,
        "minorityInterest": 1,
        "netIncome": 226,
        "netIncomeAfterTaxes": 265,
        "nonRecurringItems": -4.7,
        "period": "2022-09-30",
        "pretaxIncome": 361,
        "provisionforIncomeTaxes": 96,
        "revenue": 1510,
        "sgaExpense": 210,
        "totalOperatingExpense": 244,
        "totalOtherIncomeExpenseNet": -3
      },
      {
        "costOfGoodsSold": 579.1,
        "depreciationAmortization": 33,
        "dilutedAverageSharesOutstanding": 58,
        "dilutedEPS": 4.1,
        "ebit": 605.9,
        "grossIncome": 818.9,
        "interestExpense": 3,
        "interestIncomeExpense": -269,
        "minorityInterest": -1,
        "netIncome": 238,
        "netIncomeAfterTaxes": 239,
        "nonRecurringItems": -3.9,
        "period": "2022-07-02",
        "pretaxIncome": 312,
        "provisionforIncomeTaxes": 73,
        "revenue": 1398,
        "sgaExpense": 180,
        "totalOperatingExpense": 213,
        "totalOtherIncomeExpenseNet": -21
      },
      {
        "costOfGoodsSold": 590,
        "depreciationAmortization": 33,
        "dilutedAverageSharesOutstanding": 58.9,
        "dilutedEPS": 3.38,
        "ebit": 523,
        "grossIncome": 737,
        "interestExpense": 2,
        "interestIncomeExpense": -266,
        "minorityInterest": 0,
        "netIncome": 199,
        "netIncomeAfterTaxes": 199,
        "nonRecurringItems": -3,
        "period": "2022-04-02",
        "pretaxIncome": 260,
        "provisionforIncomeTaxes": 61,
        "revenue": 1327,
        "sgaExpense": 181,
        "totalOperatingExpense": 214,
        "totalOtherIncomeExpenseNet": 6
      },
      {
        "costOfGoodsSold": 533,
        "depreciationAmortization": 36,
        "dilutedAverageSharesOutstanding": 59.2,
        "dilutedEPS": 1.96,
        "ebit": 459,
        "grossIncome": 661,
        "interestExpense": 2,
        "interestIncomeExpense": -264,
        "minorityInterest": -1,
        "netIncome": 117,
        "netIncomeAfterTaxes": 163,
        "nonRecurringItems": -4,
        "period": "2022-01-01",
        "pretaxIncome": 193,
        "provisionforIncomeTaxes": 30,
        "revenue": 1194,
        "sgaExpense": 166,
        "totalOperatingExpense": 202,
        "totalOtherIncomeExpenseNet": 2
      },
      {
        "costOfGoodsSold": 547,
        "depreciationAmortization": 36,
        "dilutedAverageSharesOutstanding": 58.4,
        "dilutedEPS": 3.58,
        "ebit": 544,
        "grossIncome": 732,
        "interestExpense": 2,
        "interestIncomeExpense": -261,
        "minorityInterest": 1,
        "netIncome": 209,
        "netIncomeAfterTaxes": 208,
        "nonRecurringItems": -10,
        "period": "2021-09-30",
        "pretaxIncome": 287,
        "provisionforIncomeTaxes": 79,
        "revenue": 1279,
        "sgaExpense": 152,
        "totalOperatingExpense": 188,
        "totalOtherIncomeExpenseNet": 14
      },
      {
        "costOfGoodsSold": 561,
        "depreciationAmortization": 36,
        "dilutedAverageSharesOutstanding": 58.4,
        "dilutedEPS": 5.43,
        "ebit": 453,
        "grossIncome": 657,
        "interestExpense": 2,
        "interestIncomeExpense": -263,
        "minorityInterest": 0,
        "netIncome": 317,
        "netIncomeAfterTaxes": 317,
        "nonRecurringItems": 49,
        "period": "2021-07-03",
        "pretaxIncome": 244,
        "provisionforIncomeTaxes": -73,
        "revenue": 1218,
        "sgaExpense": 168,
        "totalOperatingExpense": 204,
        "totalOtherIncomeExpenseNet": 5
      },
      {
        "costOfGoodsSold": 579,
        "depreciationAmortization": 36,
        "dilutedAverageSharesOutstanding": 58.4,
        "dilutedEPS": 1.78,
        "ebit": 428,
        "grossIncome": 615,
        "interestExpense": 2,
        "interestIncomeExpense": -268,
        "minorityInterest": -1,
        "netIncome": 104,
        "netIncomeAfterTaxes": 105,
        "nonRecurringItems": -58,
        "period": "2021-04-03",
        "pretaxIncome": 130,
        "provisionforIncomeTaxes": 25,
        "revenue": 1194,
        "sgaExpense": 151,
        "totalOperatingExpense": 187,
        "totalOtherIncomeExpenseNet": 28
      },
      {
        "costOfGoodsSold": 554,
        "depreciationAmortization": 29,
        "dilutedAverageSharesOutstanding": 54.7,
        "dilutedEPS": -0.42,
        "ebit": 337,
        "grossIncome": 554,
        "interestExpense": 1,
        "interestIncomeExpense": -267,
        "minorityInterest": 0,
        "netIncome": -23,
        "netIncomeAfterTaxes": 50,
        "nonRecurringItems": -22,
        "period": "2021-01-02",
        "pretaxIncome": 53,
        "provisionforIncomeTaxes": 3,
        "revenue": 1108,
        "sgaExpense": 188,
        "totalOperatingExpense": 217,
        "totalOtherIncomeExpenseNet": 5
      },
      {
        "costOfGoodsSold": 613,
        "depreciationAmortization": 41,
        "dilutedAverageSharesOutstanding": 57.3,
        "dilutedEPS": 1.43,
        "ebit": 346,
        "grossIncome": 560,
        "interestExpense": 1,
        "interestIncomeExpense": -267,
        "minorityInterest": 0,
        "netIncome": 82,
        "netIncomeAfterTaxes": 101,
        "nonRecurringItems": -35,
        "period": "2020-09-30",
        "pretaxIncome": 76,
        "provisionforIncomeTaxes": -25,
        "revenue": 1173,
        "sgaExpense": 173,
        "totalOperatingExpense": 214,
        "totalOtherIncomeExpenseNet": 32
      },
      {
        "costOfGoodsSold": 512,
        "depreciationAmortization": 42,
        "dilutedAverageSharesOutstanding": 54.1,
        "dilutedEPS": -0.11,
        "ebit": 312,
        "grossIncome": 510,
        "interestExpense": 1,
        "interestIncomeExpense": -262,
        "minorityInterest": 0,
        "netIncome": -6,
        "netIncomeAfterTaxes": -5,
        "nonRecurringItems": -27,
        "period": "2020-06-27",
        "pretaxIncome": 34,
        "provisionforIncomeTaxes": 39,
        "revenue": 1022,
        "sgaExpense": 156,
        "totalOperatingExpense": 198,
        "totalOtherIncomeExpenseNet": 11
      },
      {
        "costOfGoodsSold": 623,
        "depreciationAmortization": 46,
        "dilutedAverageSharesOutstanding": 57.4,
        "dilutedEPS": 5.55,
        "ebit": 601,
        "grossIncome": 820,
        "interestExpense": 1,
        "interestIncomeExpense": -252,
        "minorityInterest": 0,
        "netIncome": 319,
        "netIncomeAfterTaxes": 323,
        "nonRecurringItems": -12,
        "period": "2020-03-28",
        "pretaxIncome": 337,
        "provisionforIncomeTaxes": 14,
        "revenue": 1443,
        "sgaExpense": 173,
        "totalOperatingExpense": 219,
        "totalOtherIncomeExpenseNet": 0
      },
      {
        "costOfGoodsSold": 663,
        "depreciationAmortization": 40,
        "dilutedAverageSharesOutstanding": 57.4,
        "dilutedEPS": 2.07,
        "ebit": 566,
        "grossIncome": 802,
        "interestExpense": 1,
        "interestIncomeExpense": -248,
        "minorityInterest": -1,
        "netIncome": 119,
        "netIncomeAfterTaxes": 234,
        "nonRecurringItems": -28,
        "period": "2019-12-28",
        "pretaxIncome": 293,
        "provisionforIncomeTaxes": 59,
        "revenue": 1465,
        "sgaExpense": 196,
        "totalOperatingExpense": 236,
        "totalOtherIncomeExpenseNet": 3
      },
      {
        "costOfGoodsSold": 582.684,
        "depreciationAmortization": 49.966,
        "dilutedAverageSharesOutstanding": 56.265,
        "dilutedEPS": 4.62,
        "ebit": 570.328,
        "grossIncome": 792.96,
        "interestIncomeExpense": -245.052,
        "minorityInterest": -1.157,
        "netIncome": 260.158,
        "netIncomeAfterTaxes": 297.595,
        "nonRecurringItems": 18.127,
        "period": "2019-09-30",
        "pretaxIncome": 340.398,
        "provisionforIncomeTaxes": 42.803,
        "revenue": 1375.644,
        "sgaExpense": 172.666,
        "totalOperatingExpense": 222.632,
        "totalOtherIncomeExpenseNet": -3.005
      },
      {
        "costOfGoodsSold": 711,
        "depreciationAmortization": 38,
        "dilutedAverageSharesOutstanding": 56.3,
        "dilutedEPS": 2.57,
        "ebit": 558,
        "grossIncome": 810,
        "interestIncomeExpense": -241,
        "minorityInterest": 0,
        "netIncome": 145,
        "netIncomeAfterTaxes": 128,
        "nonRecurringItems": -135,
        "period": "2019-06-29",
        "pretaxIncome": 183,
        "provisionforIncomeTaxes": 55,
        "revenue": 1521,
        "sgaExpense": 214,
        "totalOperatingExpense": 252,
        "totalOtherIncomeExpenseNet": 1
      },
      {
        "costOfGoodsSold": 519.218,
        "depreciationAmortization": 23.063,
        "dilutedAverageSharesOutstanding": 56.264,
        "dilutedEPS": 3.6,
        "ebit": 510.09,
        "grossIncome": 676.72,
        "interestIncomeExpense": -201.409,
        "netIncome": 202.408,
        "netIncomeAfterTaxes": 202.632,
        "nonRecurringItems": -41.698,
        "period": "2019-03-30",
        "pretaxIncome": 267.184,
        "provisionforIncomeTaxes": 64.552,
        "revenue": 1195.938,
        "sgaExpense": 143.567,
        "totalOperatingExpense": 166.63
      },
      {
        "costOfGoodsSold": 423.385,
        "depreciationAmortization": 20.034,
        "dilutedAverageSharesOutstanding": 56.266,
        "dilutedEPS": 3.05,
        "ebit": 433.6,
        "grossIncome": 569.917,
        "interestIncomeExpense": -172,
        "netIncome": 171.733,
        "netIncomeAfterTaxes": 196.042,
        "nonRecurringItems": -11.836,
        "period": "2018-12-29",
        "pretaxIncome": 249.764,
        "provisionforIncomeTaxes": 53.722,
        "revenue": 993.302,
        "sgaExpense": 116.283,
        "totalOperatingExpense": 136.317
      },
      {
        "costOfGoodsSold": 441.468,
        "depreciationAmortization": 18.661,
        "dilutedAverageSharesOutstanding": 55.594,
        "dilutedEPS": 4.11,
        "ebit": 467.502,
        "grossIncome": 607.966,
        "interestIncomeExpense": -173.232,
        "netIncome": 228.763,
        "netIncomeAfterTaxes": 230.994,
        "nonRecurringItems": -11.986,
        "period": "2018-09-30",
        "pretaxIncome": 281.865,
        "provisionforIncomeTaxes": 50.871,
        "revenue": 1049.434,
        "sgaExpense": 121.803,
        "totalOperatingExpense": 140.464,
        "totalOtherIncomeExpenseNet": -0.419
      },
      {
        "costOfGoodsSold": 404.442,
        "depreciationAmortization": 19.224,
        "dilutedAverageSharesOutstanding": 55.597,
        "dilutedEPS": 3.91,
        "ebit": 447.677,
        "grossIncome": 576.22,
        "interestIncomeExpense": -167.577,
        "netIncome": 217.246,
        "netIncomeAfterTaxes": 217.391,
        "nonRecurringItems": -14.559,
        "period": "2018-06-30",
        "pretaxIncome": 265.541,
        "provisionforIncomeTaxes": 48.15,
        "revenue": 980.662,
        "sgaExpense": 109.319,
        "totalOperatingExpense": 128.543
      },
      {
        "costOfGoodsSold": 396.396,
        "depreciationAmortization": 17.457,
        "dilutedAverageSharesOutstanding": 55.605,
        "dilutedEPS": 3.52,
        "ebit": 413.591,
        "grossIncome": 536.674,
        "interestIncomeExpense": -161.266,
        "netIncome": 196.278,
        "netIncomeAfterTaxes": 201.84,
        "nonRecurringItems": -5.138,
        "period": "2018-03-31",
        "pretaxIncome": 247.187,
        "provisionforIncomeTaxes": 45.347,
        "revenue": 933.07,
        "sgaExpense": 105.626,
        "totalOperatingExpense": 123.083
      },
      {
        "costOfGoodsSold": 370.41,
        "depreciationAmortization": 17.112,
        "dilutedAverageSharesOutstanding": 55.6,
        "dilutedEPS": 4.65,
        "ebit": 355.01,
        "grossIncome": 477.55,
        "interestIncomeExpense": -160.933,
        "netIncome": 258.627,
        "netIncomeAfterTaxes": 164.911,
        "nonRecurringItems": -3.113,
        "period": "2017-12-30",
        "pretaxIncome": 190.964,
        "provisionforIncomeTaxes": 26.053,
        "revenue": 847.96,
        "sgaExpense": 105.428,
        "totalOperatingExpense": 122.54
      },
      {
        "costOfGoodsSold": 381.256,
        "depreciationAmortization": 17.991,
        "dilutedAverageSharesOutstanding": 54.812,
        "dilutedEPS": 1.64,
        "ebit": 407.015,
        "grossIncome": 528.113,
        "interestIncomeExpense": -156.516,
        "netIncome": 90.172,
        "netIncomeAfterTaxes": 185.112,
        "nonRecurringItems": -2.071,
        "period": "2017-09-30",
        "pretaxIncome": 248.428,
        "provisionforIncomeTaxes": 63.316,
        "revenue": 909.369,
        "sgaExpense": 103.107,
        "totalOperatingExpense": 121.098
      },
      {
        "costOfGoodsSold": 383.196,
        "depreciationAmortization": 23.57,
        "dilutedAverageSharesOutstanding": 54.89,
        "dilutedEPS": 3.08,
        "ebit": 393.84,
        "grossIncome": 524.471,
        "interestIncomeExpense": -152.227,
        "netIncome": 169.053,
        "netIncomeAfterTaxes": 169.053,
        "nonRecurringItems": -6.545,
        "period": "2017-07-01",
        "pretaxIncome": 235.068,
        "provisionforIncomeTaxes": 66.015,
        "revenue": 907.667,
        "sgaExpense": 107.061,
        "totalOperatingExpense": 130.631
      },
      {
        "costOfGoodsSold": 377.944,
        "depreciationAmortization": 22.134,
        "dilutedAverageSharesOutstanding": 55.894,
        "dilutedEPS": 2.78,
        "ebit": 374.462,
        "grossIncome": 495.288,
        "interestIncomeExpense": -147.842,
        "netIncome": 155.505,
        "netIncomeAfterTaxes": 155.505,
        "nonRecurringItems": -11.607,
        "period": "2017-04-01",
        "pretaxIncome": 215.013,
        "provisionforIncomeTaxes": 59.508,
        "revenue": 873.232,
        "sgaExpense": 98.692,
        "totalOperatingExpense": 120.826
      },
      {
        "costOfGoodsSold": 352.663,
        "depreciationAmortization": 25.531,
        "dilutedAverageSharesOutstanding": 56.524,
        "dilutedEPS": 0.41,
        "ebit": 335.609,
        "grossIncome": 461.355,
        "interestIncomeExpense": -146.004,
        "netIncome": 22.9,
        "netIncomeAfterTaxes": 118.871,
        "nonRecurringItems": -50.684,
        "period": "2016-12-31",
        "pretaxIncome": 138.921,
        "provisionforIncomeTaxes": 20.05,
        "revenue": 814.018,
        "sgaExpense": 100.215,
        "totalOperatingExpense": 125.746
      },
      {
        "costOfGoodsSold": 376.104,
        "depreciationAmortization": 23.971,
        "dilutedAverageSharesOutstanding": 55.839,
        "dilutedEPS": 3.44,
        "ebit": 372.001,
        "grossIncome": 499.119,
        "interestIncomeExpense": -139.767,
        "netIncome": 192.288,
        "netIncomeAfterTaxes": 192.288,
        "nonRecurringItems": -23.14,
        "period": "2016-09-30",
        "pretaxIncome": 209.094,
        "provisionforIncomeTaxes": 16.806,
        "revenue": 875.223,
        "sgaExpense": 103.147,
        "totalOperatingExpense": 127.118
      },
      {
        "costOfGoodsSold": 350.877,
        "depreciationAmortization": 18.629,
        "dilutedAverageSharesOutstanding": 55.832,
        "dilutedEPS": 2.88,
        "ebit": 340.542,
        "grossIncome": 446.815,
        "interestIncomeExpense": -120.812,
        "netIncome": 160.622,
        "netIncomeAfterTaxes": 160.622,
        "nonRecurringItems": -25.554,
        "period": "2016-07-02",
        "pretaxIncome": 194.176,
        "provisionforIncomeTaxes": 33.554,
        "revenue": 797.692,
        "sgaExpense": 87.644,
        "totalOperatingExpense": 106.273
      },
      {
        "costOfGoodsSold": 361.34,
        "depreciationAmortization": 18.522,
        "dilutedAverageSharesOutstanding": 56.134,
        "dilutedEPS": 2.52,
        "ebit": 329.675,
        "grossIncome": 435.461,
        "interestIncomeExpense": -111.288,
        "netIncome": 141.683,
        "netIncomeAfterTaxes": 141.683,
        "nonRecurringItems": -17.6,
        "period": "2016-04-02",
        "pretaxIncome": 200.787,
        "provisionforIncomeTaxes": 59.104,
        "revenue": 796.801,
        "sgaExpense": 87.264,
        "totalOperatingExpense": 105.786
      },
      {
        "costOfGoodsSold": 323.228,
        "depreciationAmortization": 16.323,
        "dilutedAverageSharesOutstanding": 56.805,
        "dilutedEPS": 2.23,
        "ebit": 283.241,
        "grossIncome": 378.467,
        "interestIncomeExpense": -111.983,
        "netIncome": 126.441,
        "netIncomeAfterTaxes": 129.441,
        "nonRecurringItems": -7.2,
        "period": "2016-01-02",
        "pretaxIncome": 164.058,
        "provisionforIncomeTaxes": 34.617,
        "revenue": 701.695,
        "sgaExpense": 78.903,
        "totalOperatingExpense": 95.226
      },
      {
        "costOfGoodsSold": 374.992,
        "depreciationAmortization": 16.253,
        "dilutedAverageSharesOutstanding": 56.609,
        "dilutedEPS": 2.5,
        "ebit": 329.877,
        "grossIncome": 434.8,
        "interestIncomeExpense": -113.162,
        "netIncome": 141.673,
        "netIncomeAfterTaxes": 141.673,
        "nonRecurringItems": -17.034,
        "period": "2015-09-30",
        "pretaxIncome": 199.681,
        "provisionforIncomeTaxes": 58.008,
        "revenue": 809.792,
        "sgaExpense": 88.67,
        "totalOperatingExpense": 104.923
      }
    ],
    "symbol": "TDG"
  }
}