{
  "symbol": "LIN",
  "statement": "ic",
  "frequency": "quarterly",
  "timestamp": "2025-09-19T14:03:13.538193",
  "data": {
    "financials": [
      {
        "costOfGoodsSold": 4306,
        "depreciationAmortization": 942,
        "dilutedAverageSharesOutstanding": 473.573,
        "dilutedEPS": 3.73,
        "ebit": 2354,
        "equityEarningsAffiliates": 33,
        "grossIncome": 4189,
        "interestIncomeExpense": -67,
        "minorityInterest": -40,
        "netIncome": 1766,
        "netIncomeAfterTaxes": 1773,
        "nonRecurringItems": 0,
        "otherOperatingExpensesTotal": -15,
        "period": "2025-06-30",
        "pretaxIncome": 2346,
        "provisionforIncomeTaxes": 573,
        "researchDevelopment": 38,
        "revenue": 8495,
        "sgaExpense": 870,
        "totalOperatingExpense": 1835,
        "totalOtherIncomeExpenseNet": 59
      },
      {
        "costOfGoodsSold": 4157,
        "depreciationAmortization": 910,
        "dilutedAverageSharesOutstanding": 476.262,
        "dilutedEPS": 3.51,
        "ebit": 2239,
        "equityEarningsAffiliates": 38,
        "grossIncome": 3955,
        "interestIncomeExpense": -60,
        "minorityInterest": -34,
        "netIncome": 1673,
        "netIncomeAfterTaxes": 1669,
        "nonRecurringItems": -55,
        "otherOperatingExpensesTotal": -18,
        "period": "2025-03-31",
        "pretaxIncome": 2180,
        "provisionforIncomeTaxes": 511,
        "researchDevelopment": 38,
        "revenue": 8112,
        "sgaExpense": 786,
        "totalOperatingExpense": 1716,
        "totalOtherIncomeExpenseNet": 56
      },
      {
        "costOfGoodsSold": 4320,
        "depreciationAmortization": 913,
        "dilutedAverageSharesOutstanding": 478.81,
        "dilutedEPS": 3.6,
        "ebit": 2270,
        "equityEarningsAffiliates": 39,
        "grossIncome": 3962,
        "interestIncomeExpense": -53,
        "minorityInterest": -44,
        "netIncome": 1725,
        "netIncomeAfterTaxes": 1730,
        "nonRecurringItems": 0,
        "otherOperatingExpensesTotal": -74,
        "period": "2024-12-31",
        "pretaxIncome": 2263,
        "provisionforIncomeTaxes": 533,
        "researchDevelopment": 39,
        "revenue": 8282,
        "sgaExpense": 814,
        "totalOperatingExpense": 1692,
        "totalOtherIncomeExpenseNet": 46
      },
      {
        "costOfGoodsSold": 4356,
        "depreciationAmortization": 960,
        "dilutedAverageSharesOutstanding": 480.898,
        "dilutedEPS": 3.22,
        "ebit": 2231,
        "equityEarningsAffiliates": 38,
        "grossIncome": 4000,
        "interestIncomeExpense": -68,
        "minorityInterest": -53,
        "netIncome": 1550,
        "netIncomeAfterTaxes": 1565,
        "nonRecurringItems": -145,
        "otherOperatingExpensesTotal": -51,
        "period": "2024-09-30",
        "pretaxIncome": 2063,
        "provisionforIncomeTaxes": 498,
        "researchDevelopment": 37,
        "revenue": 8356,
        "sgaExpense": 823,
        "totalOperatingExpense": 1769,
        "totalOtherIncomeExpenseNet": 45
      },
      {
        "costOfGoodsSold": 4251,
        "depreciationAmortization": 958,
        "dilutedAverageSharesOutstanding": 483.177,
        "dilutedEPS": 3.44,
        "ebit": 2184,
        "equityEarningsAffiliates": 45,
        "grossIncome": 4016,
        "interestIncomeExpense": -70,
        "minorityInterest": -37,
        "netIncome": 1663,
        "netIncomeAfterTaxes": 1655,
        "nonRecurringItems": 0,
        "otherOperatingExpensesTotal": -2,
        "period": "2024-06-30",
        "pretaxIncome": 2163,
        "provisionforIncomeTaxes": 508,
        "researchDevelopment": 36,
        "revenue": 8267,
        "sgaExpense": 840,
        "totalOperatingExpense": 1832,
        "totalOtherIncomeExpenseNet": 49
      },
      {
        "costOfGoodsSold": 4216,
        "depreciationAmortization": 949,
        "dilutedAverageSharesOutstanding": 485.592,
        "dilutedEPS": 3.35,
        "ebit": 2095,
        "equityEarningsAffiliates": 48,
        "grossIncome": 3884,
        "interestIncomeExpense": -65,
        "minorityInterest": -38,
        "netIncome": 1627,
        "netIncomeAfterTaxes": 1617,
        "nonRecurringItems": 0,
        "otherOperatingExpensesTotal": -58,
        "period": "2024-03-31",
        "pretaxIncome": 2080,
        "provisionforIncomeTaxes": 463,
        "researchDevelopment": 38,
        "revenue": 8100,
        "sgaExpense": 860,
        "totalOperatingExpense": 1789,
        "totalOtherIncomeExpenseNet": 50
      },
      {
        "costOfGoodsSold": 4431,
        "depreciationAmortization": 949,
        "dilutedAverageSharesOutstanding": 488.459,
        "dilutedEPS": 3.16,
        "ebit": 2026,
        "equityEarningsAffiliates": 39,
        "grossIncome": 3871,
        "interestIncomeExpense": -71,
        "minorityInterest": -33,
        "netIncome": 1543,
        "netIncomeAfterTaxes": 1537,
        "nonRecurringItems": 2,
        "otherOperatingExpensesTotal": 25,
        "period": "2023-12-31",
        "pretaxIncome": 1996,
        "provisionforIncomeTaxes": 459,
        "researchDevelopment": 39,
        "revenue": 8302,
        "sgaExpense": 832,
        "totalOperatingExpense": 1845,
        "totalOtherIncomeExpenseNet": 39
      },
      {
        "costOfGoodsSold": 4314,
        "depreciationAmortization": 959,
        "dilutedAverageSharesOutstanding": 491.076,
        "dilutedEPS": 3.19,
        "ebit": 2054,
        "equityEarningsAffiliates": 41,
        "grossIncome": 3841,
        "interestIncomeExpense": -40,
        "minorityInterest": -36,
        "netIncome": 1565,
        "netIncomeAfterTaxes": 1560,
        "nonRecurringItems": -2,
        "otherOperatingExpensesTotal": -16,
        "period": "2023-09-30",
        "pretaxIncome": 2047,
        "provisionforIncomeTaxes": 487,
        "researchDevelopment": 36,
        "revenue": 8155,
        "sgaExpense": 808,
        "totalOperatingExpense": 1787,
        "totalOtherIncomeExpenseNet": 35
      },
      {
        "costOfGoodsSold": 4316,
        "depreciationAmortization": 960,
        "dilutedAverageSharesOutstanding": 493.694,
        "dilutedEPS": 3.19,
        "ebit": 2033,
        "equityEarningsAffiliates": 46,
        "grossIncome": 3888,
        "interestIncomeExpense": -52,
        "minorityInterest": -37,
        "netIncome": 1575,
        "netIncomeAfterTaxes": 1566,
        "nonRecurringItems": -22,
        "otherOperatingExpensesTotal": 27,
        "period": "2023-06-30",
        "pretaxIncome": 2004,
        "provisionforIncomeTaxes": 438,
        "researchDevelopment": 35,
        "revenue": 8204,
        "sgaExpense": 833,
        "totalOperatingExpense": 1855,
        "totalOtherIncomeExpenseNet": 45
      },
      {
        "costOfGoodsSold": 4431,
        "depreciationAmortization": 948,
        "dilutedAverageSharesOutstanding": 495.676,
        "dilutedEPS": 3.06,
        "ebit": 1951,
        "equityEarningsAffiliates": 41,
        "grossIncome": 3762,
        "interestIncomeExpense": -37,
        "minorityInterest": -36,
        "netIncome": 1516,
        "netIncomeAfterTaxes": 1511,
        "nonRecurringItems": -18,
        "otherOperatingExpensesTotal": 5,
        "period": "2023-03-31",
        "pretaxIncome": 1941,
        "provisionforIncomeTaxes": 430,
        "researchDevelopment": 36,
        "revenue": 8193,
        "sgaExpense": 822,
        "totalOperatingExpense": 1811,
        "totalOtherIncomeExpenseNet": 45
      },
      {
        "costOfGoodsSold": 4427,
        "depreciationAmortization": 956,
        "dilutedAverageSharesOutstanding": 498.116,
        "dilutedEPS": 2.67,
        "ebit": 1730,
        "equityEarningsAffiliates": 35,
        "grossIncome": 3472,
        "interestIncomeExpense": -49,
        "minorityInterest": -33,
        "netIncome": 1328,
        "netIncomeAfterTaxes": 1326,
        "nonRecurringItems": -25,
        "otherOperatingExpensesTotal": -14,
        "period": "2022-12-31",
        "pretaxIncome": 1714,
        "provisionforIncomeTaxes": 388,
        "researchDevelopment": 36,
        "revenue": 7899,
        "sgaExpense": 764,
        "totalOperatingExpense": 1742,
        "totalOtherIncomeExpenseNet": 58
      },
      {
        "costOfGoodsSold": 5285,
        "depreciationAmortization": 1045,
        "dilutedAverageSharesOutstanding": 501.151,
        "dilutedEPS": 2.54,
        "ebit": 1628,
        "equityEarningsAffiliates": 43,
        "grossIncome": 3512,
        "interestIncomeExpense": -18,
        "minorityInterest": -27,
        "netIncome": 1273,
        "netIncomeAfterTaxes": 1257,
        "nonRecurringItems": -15,
        "otherOperatingExpensesTotal": 34,
        "period": "2022-09-30",
        "pretaxIncome": 1648,
        "provisionforIncomeTaxes": 391,
        "researchDevelopment": 35,
        "revenue": 8797,
        "sgaExpense": 770,
        "totalOperatingExpense": 1884,
        "totalOtherIncomeExpenseNet": 53
      },
      {
        "costOfGoodsSold": 4940,
        "depreciationAmortization": 1091,
        "dilutedAverageSharesOutstanding": 505.269,
        "dilutedEPS": 0.74,
        "ebit": 1582,
        "equityEarningsAffiliates": 50,
        "grossIncome": 3517,
        "interestIncomeExpense": -5,
        "minorityInterest": -38,
        "netIncome": 372,
        "netIncomeAfterTaxes": 360,
        "nonRecurringItems": -993,
        "otherOperatingExpensesTotal": 36,
        "period": "2022-06-30",
        "pretaxIncome": 646,
        "provisionforIncomeTaxes": 286,
        "researchDevelopment": 37,
        "revenue": 8457,
        "sgaExpense": 771,
        "totalOperatingExpense": 1935,
        "totalOtherIncomeExpenseNet": 62
      },
      {
        "costOfGoodsSold": 4798,
        "depreciationAmortization": 1112,
        "dilutedAverageSharesOutstanding": 511.41,
        "dilutedEPS": 2.3,
        "ebit": 1476,
        "equityEarningsAffiliates": 44,
        "grossIncome": 3413,
        "interestIncomeExpense": -9,
        "minorityInterest": -36,
        "netIncome": 1174,
        "netIncomeAfterTaxes": 1166,
        "nonRecurringItems": 4,
        "otherOperatingExpensesTotal": -12,
        "period": "2022-03-31",
        "pretaxIncome": 1535,
        "provisionforIncomeTaxes": 369,
        "researchDevelopment": 35,
        "revenue": 8211,
        "sgaExpense": 802,
        "totalOperatingExpense": 1937,
        "totalOtherIncomeExpenseNet": 64
      },
      {
        "costOfGoodsSold": 4927,
        "depreciationAmortization": 1135,
        "dilutedAverageSharesOutstanding": 516.514,
        "dilutedEPS": 1.98,
        "ebit": 1388,
        "equityEarningsAffiliates": 38,
        "grossIncome": 3371,
        "interestIncomeExpense": -31,
        "minorityInterest": -30,
        "netIncome": 1026,
        "netIncomeAfterTaxes": 1016,
        "nonRecurringItems": -51,
        "otherOperatingExpensesTotal": 23,
        "period": "2021-12-31",
        "pretaxIncome": 1355,
        "provisionforIncomeTaxes": 339,
        "researchDevelopment": 38,
        "revenue": 8298,
        "sgaExpense": 787,
        "totalOperatingExpense": 1983,
        "totalOtherIncomeExpenseNet": 49
      },
      {
        "costOfGoodsSold": 4368,
        "depreciationAmortization": 1163,
        "dilutedAverageSharesOutstanding": 520.079,
        "dilutedEPS": 1.88,
        "ebit": 1318,
        "equityEarningsAffiliates": 1,
        "grossIncome": 3300,
        "interestIncomeExpense": -8,
        "minorityInterest": -31,
        "netIncome": 979,
        "netIncomeAfterTaxes": 1008,
        "nonRecurringItems": -26,
        "otherOperatingExpensesTotal": -10,
        "period": "2021-09-30",
        "pretaxIncome": 1329,
        "provisionforIncomeTaxes": 321,
        "researchDevelopment": 36,
        "revenue": 7668,
        "sgaExpense": 793,
        "totalOperatingExpense": 1982,
        "totalOtherIncomeExpenseNet": 45
      },
      {
        "costOfGoodsSold": 4194,
        "depreciationAmortization": 1171,
        "dilutedAverageSharesOutstanding": 523.723,
        "dilutedEPS": 1.6,
        "ebit": 1346,
        "equityEarningsAffiliates": 37,
        "grossIncome": 3390,
        "interestIncomeExpense": -18,
        "minorityInterest": -36,
        "netIncome": 841,
        "netIncomeAfterTaxes": 839,
        "nonRecurringItems": -204,
        "otherOperatingExpensesTotal": 17,
        "period": "2021-06-30",
        "pretaxIncome": 1173,
        "provisionforIncomeTaxes": 334,
        "researchDevelopment": 34,
        "revenue": 7584,
        "sgaExpense": 822,
        "totalOperatingExpense": 2044,
        "totalOtherIncomeExpenseNet": 49
      },
      {
        "costOfGoodsSold": 4054,
        "depreciationAmortization": 1166,
        "dilutedAverageSharesOutstanding": 526.927,
        "dilutedEPS": 1.86,
        "ebit": 1205,
        "equityEarningsAffiliates": 43,
        "grossIncome": 3189,
        "interestIncomeExpense": -20,
        "minorityInterest": -38,
        "netIncome": 980,
        "netIncomeAfterTaxes": 974,
        "nonRecurringItems": 8,
        "otherOperatingExpensesTotal": -4,
        "period": "2021-03-31",
        "pretaxIncome": 1242,
        "provisionforIncomeTaxes": 268,
        "researchDevelopment": 35,
        "revenue": 7243,
        "sgaExpense": 787,
        "totalOperatingExpense": 1984,
        "totalOtherIncomeExpenseNet": 49
      },
      {
        "costOfGoodsSold": 4086,
        "depreciationAmortization": 1192,
        "dilutedAverageSharesOutstanding": 529.456,
        "dilutedEPS": 1.45,
        "ebit": 1107,
        "equityEarningsAffiliates": 16,
        "grossIncome": 3186,
        "interestIncomeExpense": -35,
        "minorityInterest": -34,
        "netIncome": 770,
        "netIncomeAfterTaxes": 787,
        "nonRecurringItems": -78,
        "otherOperatingExpensesTotal": 47,
        "period": "2020-12-31",
        "pretaxIncome": 1040,
        "provisionforIncomeTaxes": 253,
        "researchDevelopment": 38,
        "revenue": 7272,
        "sgaExpense": 802,
        "totalOperatingExpense": 2079,
        "totalOtherIncomeExpenseNet": 46
      },
      {
        "costOfGoodsSold": 3835,
        "depreciationAmortization": 1168,
        "dilutedAverageSharesOutstanding": 530.415,
        "dilutedEPS": 1.32,
        "ebit": 1017,
        "equityEarningsAffiliates": 23,
        "grossIncome": 3020,
        "interestIncomeExpense": -38,
        "minorityInterest": -31,
        "netIncome": 700,
        "netIncomeAfterTaxes": 707,
        "nonRecurringItems": -48,
        "otherOperatingExpensesTotal": 29,
        "period": "2020-09-30",
        "pretaxIncome": 972,
        "provisionforIncomeTaxes": 265,
        "researchDevelopment": 36,
        "revenue": 6855,
        "sgaExpense": 770,
        "totalOperatingExpense": 2003,
        "totalOtherIncomeExpenseNet": 41
      },
      {
        "costOfGoodsSold": 3619,
        "depreciationAmortization": 1124,
        "dilutedAverageSharesOutstanding": 529.054,
        "dilutedEPS": 0.87,
        "ebit": 869,
        "equityEarningsAffiliates": 29,
        "grossIncome": 2758,
        "interestIncomeExpense": -47,
        "minorityInterest": -25,
        "netIncome": 458,
        "netIncomeAfterTaxes": 454,
        "nonRecurringItems": -249,
        "otherOperatingExpensesTotal": -29,
        "period": "2020-06-30",
        "pretaxIncome": 618,
        "provisionforIncomeTaxes": 164,
        "researchDevelopment": 34,
        "revenue": 6377,
        "sgaExpense": 760,
        "totalOperatingExpense": 1889,
        "totalOtherIncomeExpenseNet": 45
      },
      {
        "costOfGoodsSold": 3843,
        "depreciationAmortization": 1142,
        "dilutedAverageSharesOutstanding": 534.956,
        "dilutedEPS": 1.07,
        "ebit": 905,
        "equityEarningsAffiliates": 17,
        "grossIncome": 2896,
        "interestIncomeExpense": -65,
        "minorityInterest": -35,
        "netIncome": 573,
        "netIncomeAfterTaxes": 589,
        "nonRecurringItems": -131,
        "otherOperatingExpensesTotal": -56,
        "period": "2020-03-31",
        "pretaxIncome": 754,
        "provisionforIncomeTaxes": 165,
        "researchDevelopment": 44,
        "revenue": 6739,
        "sgaExpense": 861,
        "totalOperatingExpense": 1991,
        "totalOtherIncomeExpenseNet": 45
      },
      {
        "costOfGoodsSold": 4187,
        "depreciationAmortization": 1162,
        "dilutedAverageSharesOutstanding": 541.159,
        "dilutedEPS": 0.94,
        "ebit": 832,
        "equityEarningsAffiliates": 24,
        "grossIncome": 2893,
        "interestIncomeExpense": 27,
        "minorityInterest": -27,
        "netIncome": 511,
        "netIncomeAfterTaxes": 510,
        "nonRecurringItems": -212,
        "otherOperatingExpensesTotal": 6,
        "period": "2019-12-31",
        "pretaxIncome": 672,
        "provisionforIncomeTaxes": 162,
        "researchDevelopment": 49,
        "revenue": 7080,
        "sgaExpense": 844,
        "totalOperatingExpense": 2061,
        "totalOtherIncomeExpenseNet": 25
      },
      {
        "costOfGoodsSold": 4061,
        "depreciationAmortization": 1095,
        "dilutedAverageSharesOutstanding": 543.616,
        "dilutedEPS": 1.34,
        "ebit": 933,
        "equityEarningsAffiliates": 28,
        "grossIncome": 2939,
        "interestIncomeExpense": 31,
        "minorityInterest": -3,
        "netIncome": 735,
        "netIncomeAfterTaxes": 703,
        "nonRecurringItems": 39,
        "otherOperatingExpensesTotal": 17,
        "period": "2019-09-30",
        "pretaxIncome": 1001,
        "provisionforIncomeTaxes": 298,
        "researchDevelopment": 44,
        "revenue": 7000,
        "sgaExpense": 850,
        "totalOperatingExpense": 2006,
        "totalOtherIncomeExpenseNet": -2
      },
      {
        "costOfGoodsSold": 4280,
        "depreciationAmortization": 1195,
        "dilutedAverageSharesOutstanding": 546.488,
        "dilutedEPS": 0.94,
        "ebit": 806,
        "equityEarningsAffiliates": 28,
        "grossIncome": 2924,
        "interestIncomeExpense": -6,
        "minorityInterest": -29,
        "netIncome": 522,
        "netIncomeAfterTaxes": 514,
        "nonRecurringItems": -141,
        "otherOperatingExpensesTotal": -6,
        "period": "2019-06-30",
        "pretaxIncome": 683,
        "provisionforIncomeTaxes": 169,
        "researchDevelopment": 45,
        "revenue": 7204,
        "sgaExpense": 884,
        "totalOperatingExpense": 2118,
        "totalOtherIncomeExpenseNet": 24
      },
      {
        "costOfGoodsSold": 4116,
        "depreciationAmortization": 1223,
        "dilutedAverageSharesOutstanding": 549.147,
        "dilutedEPS": 0.94,
        "ebit": 700,
        "equityEarningsAffiliates": 34,
        "grossIncome": 2828,
        "interestIncomeExpense": -25,
        "minorityInterest": -30,
        "netIncome": 517,
        "netIncomeAfterTaxes": 431,
        "nonRecurringItems": -89,
        "otherOperatingExpensesTotal": -20,
        "period": "2019-03-31",
        "pretaxIncome": 571,
        "provisionforIncomeTaxes": 140,
        "researchDevelopment": 46,
        "revenue": 6944,
        "sgaExpense": 879,
        "totalOperatingExpense": 2128,
        "totalOtherIncomeExpenseNet": -15
      },
      {
        "costOfGoodsSold": 3955,
        "depreciationAmortization": 902,
        "dilutedAverageSharesOutstanding": 462.683,
        "dilutedEPS": 6.43,
        "ebit": 184,
        "equityEarningsAffiliates": 14,
        "grossIncome": 1846,
        "interestIncomeExpense": -79,
        "minorityInterest": 33,
        "netIncome": 2978,
        "netIncomeAfterTaxes": 3133,
        "nonRecurringItems": 3059,
        "period": "2018-12-31",
        "pretaxIncome": 3178,
        "provisionforIncomeTaxes": 45,
        "researchDevelopment": 42,
        "revenue": 5801,
        "sgaExpense": 718,
        "totalOperatingExpense": 1662,
        "totalOtherIncomeExpenseNet": 14
      },
      {
        "costOfGoodsSold": 1698,
        "depreciationAmortization": 306,
        "dilutedAverageSharesOutstanding": 291.513,
        "dilutedEPS": 1.58,
        "ebit": 697,
        "equityEarningsAffiliates": 13,
        "grossIncome": 1310,
        "interestIncomeExpense": -37,
        "minorityInterest": -19,
        "netIncome": 461,
        "netIncomeAfterTaxes": 467,
        "nonRecurringItems": -31,
        "otherOperatingExpensesTotal": -10,
        "period": "2018-09-30",
        "pretaxIncome": 623,
        "provisionforIncomeTaxes": 156,
        "researchDevelopment": 23,
        "revenue": 3008,
        "sgaExpense": 294,
        "totalOperatingExpense": 613,
        "totalOtherIncomeExpenseNet": -6
      },
      {
        "costOfGoodsSold": 1706,
        "depreciationAmortization": 311,
        "dilutedAverageSharesOutstanding": 290.908,
        "dilutedEPS": 1.65,
        "ebit": 712,
        "equityEarningsAffiliates": 14,
        "grossIncome": 1338,
        "interestIncomeExpense": -43,
        "minorityInterest": -19,
        "netIncome": 480,
        "netIncomeAfterTaxes": 485,
        "nonRecurringItems": -24,
        "otherOperatingExpensesTotal": -16,
        "period": "2018-06-30",
        "pretaxIncome": 643,
        "provisionforIncomeTaxes": 158,
        "researchDevelopment": 24,
        "revenue": 3044,
        "sgaExpense": 307,
        "totalOperatingExpense": 626,
        "totalOtherIncomeExpenseNet": -2
      },
      {
        "costOfGoodsSold": 1677,
        "depreciationAmortization": 311,
        "dilutedAverageSharesOutstanding": 290.809,
        "dilutedEPS": 1.59,
        "ebit": 670,
        "equityEarningsAffiliates": 15,
        "grossIncome": 1322,
        "interestIncomeExpense": -44,
        "minorityInterest": -10,
        "netIncome": 462,
        "netIncomeAfterTaxes": 457,
        "nonRecurringItems": -19,
        "otherOperatingExpensesTotal": 7,
        "period": "2018-03-31",
        "pretaxIncome": 605,
        "provisionforIncomeTaxes": 148,
        "researchDevelopment": 24,
        "revenue": 2999,
        "sgaExpense": 310,
        "totalOperatingExpense": 652,
        "totalOtherIncomeExpenseNet": -2
      },
      {
        "costOfGoodsSold": 1582,
        "depreciationAmortization": 307,
        "dilutedAverageSharesOutstanding": 290.884,
        "dilutedEPS": 0.11,
        "ebit": 657,
        "equityEarningsAffiliates": 12,
        "grossIncome": 1292,
        "interestIncomeExpense": -42,
        "minorityInterest": -16,
        "netIncome": 33,
        "netIncomeAfterTaxes": 431,
        "nonRecurringItems": -17,
        "otherOperatingExpensesTotal": -8,
        "period": "2017-12-31",
        "pretaxIncome": 595,
        "provisionforIncomeTaxes": 164,
        "researchDevelopment": 24,
        "revenue": 2874,
        "sgaExpense": 312,
        "totalOperatingExpense": 635,
        "totalOtherIncomeExpenseNet": -3
      },
      {
        "costOfGoodsSold": 1652,
        "depreciationAmortization": 298,
        "dilutedAverageSharesOutstanding": 289.216,
        "dilutedEPS": 1.45,
        "ebit": 647,
        "equityEarningsAffiliates": 12,
        "grossIncome": 1270,
        "interestIncomeExpense": -42,
        "minorityInterest": -16,
        "netIncome": 419,
        "netIncomeAfterTaxes": 423,
        "nonRecurringItems": -14,
        "otherOperatingExpensesTotal": 2,
        "period": "2017-09-30",
        "pretaxIncome": 585,
        "provisionforIncomeTaxes": 162,
        "researchDevelopment": 23,
        "revenue": 2922,
        "sgaExpense": 300,
        "totalOperatingExpense": 623,
        "totalOtherIncomeExpenseNet": -6
      },
      {
        "costOfGoodsSold": 1599,
        "depreciationAmortization": 292,
        "dilutedAverageSharesOutstanding": 288.535,
        "dilutedEPS": 1.41,
        "ebit": 620,
        "equityEarningsAffiliates": 11,
        "grossIncome": 1235,
        "interestIncomeExpense": -37,
        "minorityInterest": -14,
        "netIncome": 406,
        "netIncomeAfterTaxes": 409,
        "nonRecurringItems": -15,
        "otherOperatingExpensesTotal": -5,
        "period": "2017-06-30",
        "pretaxIncome": 566,
        "provisionforIncomeTaxes": 157,
        "researchDevelopment": 23,
        "revenue": 2834,
        "sgaExpense": 305,
        "totalOperatingExpense": 615,
        "totalOtherIncomeExpenseNet": -2
      },
      {
        "costOfGoodsSold": 1549,
        "depreciationAmortization": 287,
        "dilutedAverageSharesOutstanding": 287.384,
        "dilutedEPS": 1.35,
        "ebit": 572,
        "equityEarningsAffiliates": 12,
        "grossIncome": 1179,
        "interestIncomeExpense": -40,
        "minorityInterest": -15,
        "netIncome": 389,
        "netIncomeAfterTaxes": 392,
        "nonRecurringItems": -6,
        "otherOperatingExpensesTotal": 7,
        "period": "2017-03-31",
        "pretaxIncome": 541,
        "provisionforIncomeTaxes": 149,
        "researchDevelopment": 23,
        "revenue": 2728,
        "sgaExpense": 290,
        "totalOperatingExpense": 607,
        "totalOtherIncomeExpenseNet": 15
      },
      {
        "costOfGoodsSold": 1478,
        "depreciationAmortization": 285,
        "dilutedAverageSharesOutstanding": 287.847,
        "dilutedEPS": 1.41,
        "ebit": 599,
        "equityEarningsAffiliates": 10,
        "grossIncome": 1166,
        "interestIncomeExpense": -38,
        "minorityInterest": -13,
        "netIncome": 406,
        "netIncomeAfterTaxes": 409,
        "nonRecurringItems": 0,
        "otherOperatingExpensesTotal": -13,
        "period": "2016-12-31",
        "pretaxIncome": 561,
        "provisionforIncomeTaxes": 152,
        "researchDevelopment": 23,
        "revenue": 2644,
        "sgaExpense": 272,
        "totalOperatingExpense": 567
      },
      {
        "costOfGoodsSold": 1533,
        "depreciationAmortization": 284,
        "dilutedAverageSharesOutstanding": 288.195,
        "dilutedEPS": 1.18,
        "ebit": 597,
        "equityEarningsAffiliates": 10,
        "grossIncome": 1183,
        "interestIncomeExpense": -43,
        "minorityInterest": -5,
        "netIncome": 339,
        "netIncomeAfterTaxes": 334,
        "nonRecurringItems": -100,
        "otherOperatingExpensesTotal": -11,
        "period": "2016-09-30",
        "pretaxIncome": 454,
        "provisionforIncomeTaxes": 120,
        "researchDevelopment": 22,
        "revenue": 2716,
        "sgaExpense": 291,
        "totalOperatingExpense": 586
      },
      {
        "costOfGoodsSold": 1468,
        "depreciationAmortization": 281,
        "dilutedAverageSharesOutstanding": 287.426,
        "dilutedEPS": 1.39,
        "ebit": 588,
        "equityEarningsAffiliates": 11,
        "grossIncome": 1197,
        "interestIncomeExpense": -44,
        "minorityInterest": -10,
        "netIncome": 399,
        "netIncomeAfterTaxes": 398,
        "nonRecurringItems": 0,
        "otherOperatingExpensesTotal": -4,
        "period": "2016-06-30",
        "pretaxIncome": 544,
        "provisionforIncomeTaxes": 146,
        "researchDevelopment": 24,
        "revenue": 2665,
        "sgaExpense": 308,
        "totalOperatingExpense": 609
      },
      {
        "costOfGoodsSold": 1381,
        "depreciationAmortization": 272,
        "dilutedAverageSharesOutstanding": 286.665,
        "dilutedEPS": 1.24,
        "ebit": 554,
        "equityEarningsAffiliates": 10,
        "grossIncome": 1128,
        "interestIncomeExpense": -65,
        "minorityInterest": -10,
        "netIncome": 356,
        "netIncomeAfterTaxes": 356,
        "otherOperatingExpensesTotal": 5,
        "period": "2016-03-31",
        "pretaxIncome": 489,
        "provisionforIncomeTaxes": 133,
        "researchDevelopment": 23,
        "revenue": 2509,
        "sgaExpense": 274,
        "totalOperatingExpense": 574
      },
      {
        "costOfGoodsSold": 1426,
        "depreciationAmortization": 275,
        "dilutedAverageSharesOutstanding": 286.715,
        "dilutedEPS": 1.47,
        "ebit": 626,
        "equityEarningsAffiliates": 12,
        "grossIncome": 1169,
        "interestIncomeExpense": -44,
        "minorityInterest": -9,
        "netIncome": 422,
        "netIncomeAfterTaxes": 419,
        "nonRecurringItems": 0,
        "otherOperatingExpensesTotal": -30,
        "period": "2015-12-31",
        "pretaxIncome": 582,
        "provisionforIncomeTaxes": 163,
        "researchDevelopment": 23,
        "revenue": 2595,
        "sgaExpense": 275,
        "totalOperatingExpense": 543
      },
      {
        "costOfGoodsSold": 1488,
        "depreciationAmortization": 276,
        "dilutedAverageSharesOutstanding": 287.311,
        "dilutedEPS": 1.4,
        "ebit": 620,
        "equityEarningsAffiliates": 10,
        "grossIncome": 1198,
        "interestIncomeExpense": -35,
        "minorityInterest": -12,
        "netIncome": 401,
        "netIncomeAfterTaxes": 403,
        "nonRecurringItems": -26,
        "otherOperatingExpensesTotal": -2,
        "period": "2015-09-30",
        "pretaxIncome": 559,
        "provisionforIncomeTaxes": 156,
        "researchDevelopment": 23,
        "revenue": 2686,
        "sgaExpense": 281,
        "totalOperatingExpense": 578
      }
    ],
    "symbol": "LIN"
  }
}