{
  "symbol": "BA",
  "statement": "ic",
  "frequency": "quarterly",
  "timestamp": "2025-09-19T13:56:56.932670",
  "data": {
    "financials": [
      {
        "costOfGoodsSold": 20314,
        "dilutedAverageSharesOutstanding": 756.6,
        "dilutedEPS": -0.92,
        "ebit": -268,
        "grossIncome": 2435,
        "interestExpense": 710,
        "interestIncomeExpense": -685,
        "minorityInterest": 1,
        "netIncome": -697,
        "netIncomeAfterTaxes": -612,
        "nonRecurringItems": 67,
        "period": "2025-06-30",
        "pretaxIncome": -561,
        "provisionforIncomeTaxes": 51,
        "researchDevelopment": 910,
        "revenue": 22749,
        "sgaExpense": 1793,
        "totalOperatingExpense": 2703,
        "totalOtherIncomeExpenseNet": 325
      },
      {
        "costOfGoodsSold": 17079,
        "dilutedAverageSharesOutstanding": 753.4,
        "dilutedEPS": -0.16,
        "ebit": 461,
        "grossIncome": 2417,
        "interestExpense": 708,
        "interestIncomeExpense": -705,
        "minorityInterest": -6,
        "netIncome": -123,
        "netIncomeAfterTaxes": -31,
        "nonRecurringItems": -3,
        "period": "2025-03-31",
        "pretaxIncome": 76,
        "provisionforIncomeTaxes": 107,
        "researchDevelopment": 844,
        "revenue": 19496,
        "sgaExpense": 1112,
        "totalOperatingExpense": 1956,
        "totalOtherIncomeExpenseNet": 323
      },
      {
        "costOfGoodsSold": 16831,
        "dilutedAverageSharesOutstanding": 739.3,
        "dilutedEPS": -5.31,
        "ebit": -3823,
        "grossIncome": -1589,
        "interestExpense": 755,
        "interestIncomeExpense": -743,
        "minorityInterest": -4,
        "netIncome": -3923,
        "netIncomeAfterTaxes": -3861,
        "nonRecurringItems": 41,
        "period": "2024-12-31",
        "pretaxIncome": -4093,
        "provisionforIncomeTaxes": -232,
        "researchDevelopment": 836,
        "revenue": 15242,
        "sgaExpense": 1398,
        "totalOperatingExpense": 2234,
        "totalOtherIncomeExpenseNet": 432
      },
      {
        "costOfGoodsSold": 21347,
        "dilutedAverageSharesOutstanding": 618.8,
        "dilutedEPS": -9.97,
        "ebit": -5746,
        "grossIncome": -3507,
        "interestExpense": 728,
        "interestIncomeExpense": -743,
        "minorityInterest": 4,
        "netIncome": -6170,
        "netIncomeAfterTaxes": -6174,
        "period": "2024-09-30",
        "pretaxIncome": -6224,
        "provisionforIncomeTaxes": -50,
        "researchDevelopment": 1154,
        "revenue": 17840,
        "sgaExpense": 1085,
        "totalOperatingExpense": 2239,
        "totalOtherIncomeExpenseNet": 265
      },
      {
        "costOfGoodsSold": 15637,
        "dilutedAverageSharesOutstanding": 616.6,
        "dilutedEPS": -2.33,
        "ebit": -1102,
        "grossIncome": 1229,
        "interestExpense": 673,
        "interestIncomeExpense": -666,
        "netIncome": -1439,
        "netIncomeAfterTaxes": -1439,
        "nonRecurringItems": 5,
        "period": "2024-06-30",
        "pretaxIncome": -1515,
        "provisionforIncomeTaxes": -76,
        "researchDevelopment": 954,
        "revenue": 16866,
        "sgaExpense": 1377,
        "totalOperatingExpense": 2331,
        "totalOtherIncomeExpenseNet": 248
      },
      {
        "costOfGoodsSold": 14693,
        "dilutedAverageSharesOutstanding": 613.2,
        "dilutedEPS": -0.56,
        "ebit": -153,
        "grossIncome": 1876,
        "interestExpense": 569,
        "interestIncomeExpense": -502,
        "minorityInterest": 12,
        "netIncome": -343,
        "netIncomeAfterTaxes": -355,
        "period": "2024-03-31",
        "pretaxIncome": -378,
        "provisionforIncomeTaxes": -23,
        "researchDevelopment": 868,
        "revenue": 16569,
        "sgaExpense": 1161,
        "totalOperatingExpense": 2029,
        "totalOtherIncomeExpenseNet": 277
      },
      {
        "costOfGoodsSold": 19321,
        "dilutedAverageSharesOutstanding": 608.2,
        "dilutedEPS": -0.04,
        "ebit": 281,
        "grossIncome": 2697,
        "interestExpense": 600,
        "interestIncomeExpense": -599,
        "minorityInterest": 7,
        "netIncome": -23,
        "netIncomeAfterTaxes": -30,
        "nonRecurringItems": 1,
        "period": "2023-12-31",
        "pretaxIncome": -9,
        "provisionforIncomeTaxes": 21,
        "researchDevelopment": 881,
        "revenue": 22018,
        "sgaExpense": 1535,
        "totalOperatingExpense": 2416,
        "totalOtherIncomeExpenseNet": 308
      },
      {
        "costOfGoodsSold": 16939,
        "dilutedAverageSharesOutstanding": 607.2,
        "dilutedEPS": -2.69,
        "ebit": -836,
        "grossIncome": 1165,
        "interestExpense": 589,
        "interestIncomeExpense": -561,
        "minorityInterest": 2,
        "netIncome": -1636,
        "netIncomeAfterTaxes": -1638,
        "nonRecurringItems": 0,
        "period": "2023-09-30",
        "pretaxIncome": -1100,
        "provisionforIncomeTaxes": 538,
        "researchDevelopment": 958,
        "revenue": 18104,
        "sgaExpense": 1043,
        "totalOperatingExpense": 2001,
        "totalOtherIncomeExpenseNet": 297
      },
      {
        "costOfGoodsSold": 17812,
        "dilutedAverageSharesOutstanding": 605.5,
        "dilutedEPS": -0.25,
        "ebit": -144,
        "grossIncome": 1939,
        "interestExpense": 621,
        "interestIncomeExpense": -577,
        "minorityInterest": 0,
        "netIncome": -149,
        "netIncomeAfterTaxes": -149,
        "nonRecurringItems": 1,
        "period": "2023-06-30",
        "pretaxIncome": -400,
        "provisionforIncomeTaxes": -251,
        "researchDevelopment": 797,
        "revenue": 19751,
        "sgaExpense": 1286,
        "totalOperatingExpense": 2083,
        "totalOtherIncomeExpenseNet": 320
      },
      {
        "costOfGoodsSold": 15998,
        "dilutedAverageSharesOutstanding": 602.5,
        "dilutedEPS": -0.69,
        "ebit": -122,
        "grossIncome": 1923,
        "interestExpense": 649,
        "interestIncomeExpense": -676,
        "minorityInterest": 11,
        "netIncome": -414,
        "netIncomeAfterTaxes": -425,
        "period": "2023-03-31",
        "pretaxIncome": -496,
        "provisionforIncomeTaxes": -71,
        "researchDevelopment": 741,
        "revenue": 17921,
        "sgaExpense": 1304,
        "totalOperatingExpense": 2045,
        "totalOtherIncomeExpenseNet": 302
      },
      {
        "costOfGoodsSold": 18116,
        "dilutedAverageSharesOutstanding": 590.7,
        "dilutedEPS": -1.07,
        "ebit": -360,
        "grossIncome": 1864,
        "interestExpense": 640,
        "interestIncomeExpense": -629,
        "minorityInterest": 29,
        "netIncome": -634,
        "netIncomeAfterTaxes": -663,
        "nonRecurringItems": 4,
        "period": "2022-12-31",
        "pretaxIncome": -649,
        "provisionforIncomeTaxes": 14,
        "researchDevelopment": 794,
        "revenue": 19980,
        "sgaExpense": 1430,
        "totalOperatingExpense": 2224,
        "totalOtherIncomeExpenseNet": 336
      },
      {
        "costOfGoodsSold": 16771,
        "dilutedAverageSharesOutstanding": 594,
        "dilutedEPS": -5.51,
        "ebit": -2768,
        "grossIncome": -815,
        "interestExpense": 628,
        "interestIncomeExpense": -652,
        "minorityInterest": 33,
        "netIncome": -3275,
        "netIncomeAfterTaxes": -3308,
        "nonRecurringItems": 0,
        "period": "2022-09-30",
        "pretaxIncome": -3132,
        "provisionforIncomeTaxes": 176,
        "researchDevelopment": 727,
        "revenue": 15956,
        "sgaExpense": 1226,
        "totalOperatingExpense": 1953,
        "totalOtherIncomeExpenseNet": 288
      },
      {
        "costOfGoodsSold": 14553,
        "dilutedAverageSharesOutstanding": 596.4,
        "dilutedEPS": 0.32,
        "ebit": 762,
        "grossIncome": 2128,
        "interestExpense": 656,
        "interestIncomeExpense": -639,
        "minorityInterest": 33,
        "netIncome": 193,
        "netIncomeAfterTaxes": 160,
        "nonRecurringItems": 1,
        "period": "2022-06-30",
        "pretaxIncome": 377,
        "provisionforIncomeTaxes": 217,
        "researchDevelopment": 698,
        "revenue": 16681,
        "sgaExpense": 668,
        "totalOperatingExpense": 1366,
        "totalOtherIncomeExpenseNet": 253
      },
      {
        "costOfGoodsSold": 13638,
        "dilutedAverageSharesOutstanding": 591.7,
        "dilutedEPS": -2.06,
        "ebit": -1143,
        "grossIncome": 353,
        "interestExpense": 637,
        "interestIncomeExpense": -657,
        "minorityInterest": 23,
        "netIncome": -1219,
        "netIncomeAfterTaxes": -1242,
        "nonRecurringItems": 1,
        "period": "2022-03-31",
        "pretaxIncome": -1618,
        "provisionforIncomeTaxes": -376,
        "researchDevelopment": 633,
        "revenue": 13991,
        "sgaExpense": 863,
        "totalOperatingExpense": 1496,
        "totalOtherIncomeExpenseNet": 181
      },
      {
        "costOfGoodsSold": 17275,
        "dilutedAverageSharesOutstanding": 588.5,
        "dilutedEPS": -7.04,
        "ebit": -4148,
        "grossIncome": -2482,
        "interestExpense": 693,
        "interestIncomeExpense": -678,
        "minorityInterest": 21,
        "netIncome": -4143,
        "netIncomeAfterTaxes": -4164,
        "nonRecurringItems": -6,
        "period": "2021-12-31",
        "pretaxIncome": -4700,
        "provisionforIncomeTaxes": -536,
        "researchDevelopment": 678,
        "revenue": 14793,
        "sgaExpense": 988,
        "totalOperatingExpense": 1666,
        "totalOtherIncomeExpenseNet": 132
      },
      {
        "costOfGoodsSold": 13566,
        "dilutedAverageSharesOutstanding": 589,
        "dilutedEPS": -0.19,
        "ebit": 40,
        "grossIncome": 1712,
        "interestExpense": 669,
        "interestIncomeExpense": -549,
        "minorityInterest": 23,
        "netIncome": -109,
        "netIncomeAfterTaxes": -132,
        "nonRecurringItems": 169,
        "period": "2021-09-30",
        "pretaxIncome": -310,
        "provisionforIncomeTaxes": -178,
        "researchDevelopment": 575,
        "revenue": 15278,
        "sgaExpense": 1097,
        "totalOperatingExpense": 1672,
        "totalOtherIncomeExpenseNet": 30
      },
      {
        "costOfGoodsSold": 14588,
        "dilutedAverageSharesOutstanding": 589.8,
        "dilutedEPS": 1,
        "ebit": 873,
        "grossIncome": 2410,
        "interestExpense": 673,
        "interestIncomeExpense": -635,
        "minorityInterest": 20,
        "netIncome": 587,
        "netIncomeAfterTaxes": 567,
        "nonRecurringItems": 112,
        "period": "2021-06-30",
        "pretaxIncome": 549,
        "provisionforIncomeTaxes": -18,
        "researchDevelopment": 497,
        "revenue": 16998,
        "sgaExpense": 1040,
        "totalOperatingExpense": 1537,
        "totalOtherIncomeExpenseNet": 199
      },
      {
        "costOfGoodsSold": 13808,
        "dilutedAverageSharesOutstanding": 585.4,
        "dilutedEPS": -0.92,
        "ebit": -122,
        "grossIncome": 1409,
        "interestExpense": 679,
        "interestIncomeExpense": -642,
        "minorityInterest": 24,
        "netIncome": -537,
        "netIncomeAfterTaxes": -561,
        "nonRecurringItems": 2,
        "period": "2021-03-31",
        "pretaxIncome": -572,
        "provisionforIncomeTaxes": -11,
        "researchDevelopment": 499,
        "revenue": 15217,
        "sgaExpense": 1032,
        "totalOperatingExpense": 1531,
        "totalOtherIncomeExpenseNet": 190
      },
      {
        "costOfGoodsSold": 20992,
        "dilutedAverageSharesOutstanding": 575.5,
        "dilutedEPS": -14.63,
        "ebit": -7623,
        "grossIncome": -5190,
        "interestExpense": 698,
        "interestIncomeExpense": -628,
        "minorityInterest": 19,
        "netIncome": -8420,
        "netIncomeAfterTaxes": -9614,
        "nonRecurringItems": -496,
        "period": "2020-12-31",
        "pretaxIncome": -8625,
        "provisionforIncomeTaxes": 989,
        "researchDevelopment": 605,
        "revenue": 15802,
        "sgaExpense": 1828,
        "totalOperatingExpense": 2433,
        "totalOtherIncomeExpenseNet": 122
      },
      {
        "costOfGoodsSold": 13105,
        "dilutedAverageSharesOutstanding": 566.6,
        "dilutedEPS": -0.79,
        "ebit": -495,
        "grossIncome": 1034,
        "interestExpense": 643,
        "interestIncomeExpense": -657,
        "minorityInterest": 17,
        "netIncome": -449,
        "netIncomeAfterTaxes": -466,
        "nonRecurringItems": 108,
        "period": "2020-09-30",
        "pretaxIncome": -925,
        "provisionforIncomeTaxes": -459,
        "researchDevelopment": 574,
        "revenue": 14139,
        "sgaExpense": 955,
        "totalOperatingExpense": 1529,
        "totalOtherIncomeExpenseNet": 119
      },
      {
        "costOfGoodsSold": 12978,
        "dilutedAverageSharesOutstanding": 566.4,
        "dilutedEPS": -4.19,
        "ebit": -2957,
        "grossIncome": -1171,
        "interestExpense": 553,
        "interestIncomeExpense": -598,
        "minorityInterest": 19,
        "netIncome": -2376,
        "netIncomeAfterTaxes": -2395,
        "nonRecurringItems": 38,
        "period": "2020-06-30",
        "pretaxIncome": -3423,
        "provisionforIncomeTaxes": -1028,
        "researchDevelopment": 625,
        "revenue": 11807,
        "sgaExpense": 1161,
        "totalOperatingExpense": 1786,
        "totalOtherIncomeExpenseNet": 94
      },
      {
        "costOfGoodsSold": 16768,
        "dilutedAverageSharesOutstanding": 565.9,
        "dilutedEPS": -1.11,
        "ebit": -1405,
        "grossIncome": 140,
        "interestExpense": 262,
        "interestIncomeExpense": -259,
        "minorityInterest": 13,
        "netIncome": -628,
        "netIncomeAfterTaxes": -641,
        "nonRecurringItems": 54,
        "period": "2020-03-31",
        "pretaxIncome": -1503,
        "provisionforIncomeTaxes": -862,
        "researchDevelopment": 672,
        "revenue": 16908,
        "sgaExpense": 873,
        "totalOperatingExpense": 1545,
        "totalOtherIncomeExpenseNet": 107
      },
      {
        "costOfGoodsSold": 18708,
        "dilutedAverageSharesOutstanding": 567.2,
        "dilutedEPS": -1.78,
        "ebit": 51,
        "grossIncome": 1852,
        "interestExpense": 242,
        "interestIncomeExpense": -243,
        "netIncome": -1010,
        "netIncomeAfterTaxes": -1010,
        "nonRecurringItems": -2254,
        "period": "2019-12-31",
        "pretaxIncome": -2342,
        "provisionforIncomeTaxes": -1332,
        "researchDevelopment": 749,
        "revenue": 20560,
        "sgaExpense": 1052,
        "totalOperatingExpense": 1801,
        "totalOtherIncomeExpenseNet": 104
      },
      {
        "costOfGoodsSold": 16930,
        "dilutedAverageSharesOutstanding": 568.6,
        "dilutedEPS": 2.05,
        "ebit": 1271,
        "grossIncome": 3050,
        "interestExpense": 203,
        "interestIncomeExpense": -212,
        "netIncome": 1166,
        "netIncomeAfterTaxes": 1167,
        "nonRecurringItems": -4,
        "period": "2019-09-30",
        "pretaxIncome": 1177,
        "provisionforIncomeTaxes": 10,
        "researchDevelopment": 778,
        "revenue": 19980,
        "sgaExpense": 1001,
        "totalOperatingExpense": 1779,
        "totalOtherIncomeExpenseNet": 122
      },
      {
        "costOfGoodsSold": 17810,
        "dilutedAverageSharesOutstanding": 564.7,
        "dilutedEPS": -5.21,
        "ebit": 2053,
        "grossIncome": 3551,
        "interestExpense": 154,
        "interestIncomeExpense": -169,
        "netIncome": -2942,
        "netIncomeAfterTaxes": -2942,
        "nonRecurringItems": -5418,
        "period": "2019-06-30",
        "pretaxIncome": -3427,
        "provisionforIncomeTaxes": -485,
        "researchDevelopment": 826,
        "revenue": 21361,
        "sgaExpense": 672,
        "totalOperatingExpense": 1498,
        "totalOtherIncomeExpenseNet": 107
      },
      {
        "costOfGoodsSold": 18645,
        "dilutedAverageSharesOutstanding": 572.4,
        "dilutedEPS": 3.75,
        "ebit": 2222,
        "grossIncome": 4272,
        "interestExpense": 123,
        "interestIncomeExpense": -101,
        "netIncome": 2147,
        "netIncomeAfterTaxes": 2149,
        "nonRecurringItems": 108,
        "period": "2019-03-31",
        "pretaxIncome": 2333,
        "provisionforIncomeTaxes": 184,
        "researchDevelopment": 866,
        "revenue": 22917,
        "sgaExpense": 1184,
        "totalOperatingExpense": 2050,
        "totalOtherIncomeExpenseNet": 104
      },
      {
        "costOfGoodsSold": 22090,
        "dilutedAverageSharesOutstanding": 577.4,
        "dilutedEPS": 5.93,
        "ebit": 4177,
        "grossIncome": 6251,
        "interestExpense": 158,
        "interestIncomeExpense": -163,
        "netIncome": 3422,
        "netIncomeAfterTaxes": 3424,
        "nonRecurringItems": -1,
        "period": "2018-12-31",
        "pretaxIncome": 4046,
        "provisionforIncomeTaxes": 622,
        "researchDevelopment": 852,
        "revenue": 28341,
        "sgaExpense": 1222,
        "totalOperatingExpense": 2074,
        "totalOtherIncomeExpenseNet": 33
      },
      {
        "costOfGoodsSold": 21040,
        "dilutedAverageSharesOutstanding": 580.2,
        "dilutedEPS": 4.07,
        "ebit": 2126,
        "grossIncome": 4106,
        "interestExpense": 106,
        "interestIncomeExpense": -75,
        "netIncome": 2361,
        "netIncomeAfterTaxes": 2363,
        "nonRecurringItems": 69,
        "period": "2018-09-30",
        "pretaxIncome": 2133,
        "provisionforIncomeTaxes": -230,
        "researchDevelopment": 826,
        "revenue": 25146,
        "sgaExpense": 1154,
        "totalOperatingExpense": 1980,
        "totalOtherIncomeExpenseNet": 13
      },
      {
        "costOfGoodsSold": 19536,
        "dilutedAverageSharesOutstanding": 588.7,
        "dilutedEPS": 3.73,
        "ebit": 2701,
        "grossIncome": 4722,
        "interestExpense": 109,
        "interestIncomeExpense": -108,
        "netIncome": 2196,
        "netIncomeAfterTaxes": 2196,
        "nonRecurringItems": 3,
        "period": "2018-06-30",
        "pretaxIncome": 2586,
        "provisionforIncomeTaxes": 390,
        "researchDevelopment": 827,
        "revenue": 24258,
        "sgaExpense": 1194,
        "totalOperatingExpense": 2021,
        "totalOtherIncomeExpenseNet": -10
      },
      {
        "costOfGoodsSold": 18824,
        "dilutedAverageSharesOutstanding": 596.5,
        "dilutedEPS": 4.15,
        "ebit": 2797,
        "grossIncome": 4558,
        "interestExpense": 102,
        "interestIncomeExpense": -19,
        "netIncome": 2474,
        "netIncomeAfterTaxes": 2477,
        "nonRecurringItems": 4,
        "period": "2018-03-31",
        "pretaxIncome": 2839,
        "provisionforIncomeTaxes": 362,
        "researchDevelopment": 764,
        "revenue": 23382,
        "sgaExpense": 997,
        "totalOperatingExpense": 1761,
        "totalOtherIncomeExpenseNet": 57
      },
      {
        "costOfGoodsSold": 19881,
        "dilutedAverageSharesOutstanding": 604,
        "dilutedEPS": 5.49,
        "ebit": 2922,
        "grossIncome": 4889,
        "interestExpense": 93,
        "interestIncomeExpense": -51,
        "netIncome": 3318,
        "netIncomeAfterTaxes": 2049,
        "nonRecurringItems": 21,
        "period": "2017-12-31",
        "pretaxIncome": 2917,
        "provisionforIncomeTaxes": 868,
        "researchDevelopment": 762,
        "revenue": 24770,
        "sgaExpense": 1205,
        "totalOperatingExpense": 1967,
        "totalOtherIncomeExpenseNet": 25
      },
      {
        "costOfGoodsSold": 19956,
        "dilutedAverageSharesOutstanding": 605.6,
        "dilutedEPS": 2.99,
        "ebit": 2581,
        "grossIncome": 4267,
        "interestExpense": 87,
        "interestIncomeExpense": -36,
        "netIncome": 1808,
        "netIncomeAfterTaxes": 1810,
        "nonRecurringItems": 0,
        "period": "2017-09-30",
        "pretaxIncome": 2583,
        "provisionforIncomeTaxes": 773,
        "researchDevelopment": 768,
        "revenue": 24223,
        "sgaExpense": 918,
        "totalOperatingExpense": 1686,
        "totalOtherIncomeExpenseNet": 38
      },
      {
        "costOfGoodsSold": 18702,
        "dilutedAverageSharesOutstanding": 609.6,
        "dilutedEPS": 2.87,
        "ebit": 2493,
        "grossIncome": 4349,
        "interestExpense": 93,
        "interestIncomeExpense": -53,
        "netIncome": 1749,
        "netIncomeAfterTaxes": 1749,
        "nonRecurringItems": -2,
        "period": "2017-06-30",
        "pretaxIncome": 2462,
        "provisionforIncomeTaxes": 713,
        "researchDevelopment": 813,
        "revenue": 23051,
        "sgaExpense": 1043,
        "totalOperatingExpense": 1856,
        "totalOtherIncomeExpenseNet": 24
      },
      {
        "costOfGoodsSold": 18073,
        "dilutedAverageSharesOutstanding": 620.4,
        "dilutedEPS": 2.54,
        "ebit": 2123,
        "grossIncome": 3888,
        "interestExpense": 87,
        "interestIncomeExpense": 0,
        "netIncome": 1577,
        "netIncomeAfterTaxes": 1579,
        "nonRecurringItems": 2,
        "period": "2017-03-31",
        "pretaxIncome": 2145,
        "provisionforIncomeTaxes": 566,
        "researchDevelopment": 836,
        "revenue": 21961,
        "sgaExpense": 929,
        "totalOperatingExpense": 1765,
        "totalOtherIncomeExpenseNet": 20
      },
      {
        "costOfGoodsSold": 17700,
        "dilutedAverageSharesOutstanding": 630.5,
        "dilutedEPS": 2.81,
        "ebit": 2790,
        "grossIncome": 4511,
        "interestExpense": 79,
        "interestIncomeExpense": 4,
        "netIncome": 1770,
        "netIncomeAfterTaxes": 1770,
        "nonRecurringItems": 3,
        "period": "2016-12-31",
        "pretaxIncome": 2318,
        "provisionforIncomeTaxes": 548,
        "researchDevelopment": 725,
        "revenue": 22211,
        "sgaExpense": 996,
        "totalOperatingExpense": 1721,
        "totalOtherIncomeExpenseNet": -479
      },
      {
        "costOfGoodsSold": 19904,
        "dilutedAverageSharesOutstanding": 631.8,
        "dilutedEPS": 3.6,
        "ebit": 2214,
        "grossIncome": 3994,
        "interestExpense": 81,
        "interestIncomeExpense": -12,
        "netIncome": 2276,
        "netIncomeAfterTaxes": 2279,
        "nonRecurringItems": -1,
        "period": "2016-09-30",
        "pretaxIncome": 2203,
        "provisionforIncomeTaxes": -76,
        "researchDevelopment": 857,
        "revenue": 23898,
        "sgaExpense": 923,
        "totalOperatingExpense": 1780,
        "totalOtherIncomeExpenseNet": 2
      },
      {
        "costOfGoodsSold": 22325,
        "dilutedAverageSharesOutstanding": 635.3,
        "dilutedEPS": -0.37,
        "ebit": -503,
        "grossIncome": 2430,
        "interestExpense": 73,
        "interestIncomeExpense": 24,
        "netIncome": -234,
        "netIncomeAfterTaxes": -234,
        "nonRecurringItems": -13,
        "period": "2016-06-30",
        "pretaxIncome": -479,
        "provisionforIncomeTaxes": -245,
        "researchDevelopment": 2127,
        "revenue": 24755,
        "sgaExpense": 806,
        "totalOperatingExpense": 2933,
        "totalOtherIncomeExpenseNet": 13
      },
      {
        "costOfGoodsSold": 19097,
        "dilutedAverageSharesOutstanding": 664.8,
        "dilutedEPS": 1.83,
        "ebit": 1730,
        "grossIncome": 3535,
        "interestExpense": 73,
        "interestIncomeExpense": -19,
        "netIncome": 1217,
        "netIncomeAfterTaxes": 1219,
        "nonRecurringItems": 4,
        "period": "2016-03-31",
        "pretaxIncome": 1741,
        "provisionforIncomeTaxes": 522,
        "researchDevelopment": 917,
        "revenue": 22632,
        "sgaExpense": 888,
        "totalOperatingExpense": 1805,
        "totalOtherIncomeExpenseNet": 26
      },
      {
        "costOfGoodsSold": 20642,
        "dilutedAverageSharesOutstanding": 680.6,
        "dilutedEPS": 1.51,
        "ebit": 1095,
        "grossIncome": 2931,
        "interestExpense": 72,
        "interestIncomeExpense": -5,
        "netIncome": 1027,
        "netIncomeAfterTaxes": 1026,
        "nonRecurringItems": -1,
        "period": "2015-12-31",
        "pretaxIncome": 1099,
        "provisionforIncomeTaxes": 73,
        "researchDevelopment": 905,
        "revenue": 23573,
        "sgaExpense": 931,
        "totalOperatingExpense": 1836,
        "totalOtherIncomeExpenseNet": 10
      },
      {
        "costOfGoodsSold": 21600,
        "dilutedAverageSharesOutstanding": 687.8,
        "dilutedEPS": 2.47,
        "ebit": 2503,
        "grossIncome": 4249,
        "interestExpense": 67,
        "interestIncomeExpense": 11,
        "netIncome": 1701,
        "netIncomeAfterTaxes": 1704,
        "nonRecurringItems": -1,
        "period": "2015-09-30",
        "pretaxIncome": 2487,
        "provisionforIncomeTaxes": 783,
        "researchDevelopment": 857,
        "revenue": 25849,
        "sgaExpense": 889,
        "totalOperatingExpense": 1746,
        "totalOtherIncomeExpenseNet": -26
      }
    ],
    "symbol": "BA"
  }
}