{
  "symbol": "CTAS",
  "statement": "ic",
  "frequency": "annual",
  "timestamp": "2025-09-19T13:57:58.243352",
  "data": {
    "financials": [
      {
        "costOfGoodsSold": 5166.017,
        "dilutedAverageSharesOutstanding": 410.286,
        "dilutedEPS": 4.42,
        "ebit": 2359.726,
        "grossIncome": 5174.164,
        "interestExpense": 101.108,
        "interestIncomeExpense": -95.524,
        "netIncome": 1812.281,
        "netIncomeAfterTaxes": 1812.281,
        "period": "2025-05-31",
        "pretaxIncome": 2264.202,
        "provisionforIncomeTaxes": 451.921,
        "revenue": 10340.181,
        "sgaExpense": 2814.438,
        "totalOperatingExpense": 2814.438,
        "year": 2025
      },
      {
        "costOfGoodsSold": 4910.199,
        "depreciationAmortization": 26.6,
        "dilutedAverageSharesOutstanding": 413.468,
        "dilutedEPS": 3.79,
        "ebit": 2068.633,
        "grossIncome": 4686.416,
        "interestExpense": 100.74,
        "interestIncomeExpense": -94.998,
        "netIncome": 1565.664,
        "netIncomeAfterTaxes": 1571.592,
        "otherOperatingExpensesTotal": 101.4,
        "period": "2024-05-31",
        "pretaxIncome": 1973.635,
        "provisionforIncomeTaxes": 402.043,
        "revenue": 9596.615,
        "sgaExpense": 2489.783,
        "totalOperatingExpense": 2617.783,
        "year": 2024
      },
      {
        "costOfGoodsSold": 4642.401,
        "depreciationAmortization": 24.5,
        "dilutedAverageSharesOutstanding": 413.508,
        "dilutedEPS": 3.25,
        "ebit": 1802.664,
        "grossIncome": 4173.368,
        "interestExpense": 111.232,
        "interestIncomeExpense": -109.516,
        "netIncome": 1342.547,
        "netIncomeAfterTaxes": 1348.01,
        "otherOperatingExpensesTotal": 94.8,
        "period": "2023-05-31",
        "pretaxIncome": 1693.148,
        "provisionforIncomeTaxes": 345.138,
        "revenue": 8815.769,
        "sgaExpense": 2251.404,
        "totalOperatingExpense": 2370.704,
        "year": 2023
      },
      {
        "costOfGoodsSold": 4222.213,
        "depreciationAmortization": 23.5,
        "dilutedAverageSharesOutstanding": 422.092,
        "dilutedEPS": 2.91,
        "ebit": 1587.37,
        "grossIncome": 3632.246,
        "interestExpense": 88.844,
        "interestIncomeExpense": -88.602,
        "netIncome": 1229.625,
        "netIncomeAfterTaxes": 1235.757,
        "otherOperatingExpensesTotal": 87.4,
        "period": "2022-05-31",
        "pretaxIncome": 1498.768,
        "provisionforIncomeTaxes": 263.011,
        "revenue": 7854.459,
        "sgaExpense": 1933.976,
        "totalOperatingExpense": 2044.876,
        "year": 2022
      },
      {
        "costOfGoodsSold": 3801.689,
        "depreciationAmortization": 22.3,
        "dilutedAverageSharesOutstanding": 430.828,
        "dilutedEPS": 2.56,
        "ebit": 1390.592,
        "grossIncome": 3314.651,
        "interestExpense": 98.21,
        "interestIncomeExpense": -97.743,
        "netIncome": 1103.345,
        "netIncomeAfterTaxes": 1110.968,
        "nonRecurringItems": -5.1,
        "otherOperatingExpensesTotal": 83.1,
        "period": "2021-05-31",
        "pretaxIncome": 1287.749,
        "provisionforIncomeTaxes": 176.781,
        "revenue": 7116.34,
        "sgaExpense": 1818.659,
        "totalOperatingExpense": 1924.059,
        "year": 2021
      },
      {
        "costOfGoodsSold": 3851.372,
        "depreciationAmortization": 21.5,
        "dilutedAverageSharesOutstanding": 428.048,
        "dilutedEPS": 2.03,
        "ebit": 1196.396,
        "grossIncome": 3233.748,
        "interestExpense": 105.393,
        "interestIncomeExpense": -104.405,
        "netIncome": 867.879,
        "netIncomeAfterTaxes": 876.36,
        "nonRecurringItems": -33.7,
        "otherOperatingExpensesTotal": 77.8,
        "period": "2020-05-31",
        "pretaxIncome": 1058.291,
        "provisionforIncomeTaxes": 181.931,
        "revenue": 7085.12,
        "sgaExpense": 1938.052,
        "totalOperatingExpense": 2037.352,
        "year": 2020
      },
      {
        "costOfGoodsSold": 3763.715,
        "dilutedAverageSharesOutstanding": 437.98,
        "dilutedEPS": 2,
        "ebit": 1147.944,
        "grossIncome": 3128.588,
        "interestExpense": 101.736,
        "interestIncomeExpense": -31.135,
        "netIncome": 875.413,
        "netIncomeAfterTaxes": 883.904,
        "nonRecurringItems": -14.41,
        "period": "2019-05-31",
        "pretaxIncome": 1102.399,
        "provisionforIncomeTaxes": 218.495,
        "revenue": 6892.303,
        "sgaExpense": 1980.644,
        "totalOperatingExpense": 1980.644,
        "year": 2019
      },
      {
        "costOfGoodsSold": 3568.109,
        "dilutedAverageSharesOutstanding": 439.24,
        "dilutedEPS": 1.89,
        "ebit": 991.731,
        "grossIncome": 2908.523,
        "interestExpense": 110.175,
        "interestIncomeExpense": -108.833,
        "netIncome": 830.792,
        "netIncomeAfterTaxes": 622.484,
        "nonRecurringItems": -41.897,
        "period": "2018-05-31",
        "pretaxIncome": 841.001,
        "provisionforIncomeTaxes": 218.517,
        "revenue": 6476.632,
        "sgaExpense": 1916.792,
        "totalOperatingExpense": 1916.792,
        "year": 2018
      },
      {
        "costOfGoodsSold": 2943.086,
        "dilutedAverageSharesOutstanding": 431.132,
        "dilutedEPS": 1.09,
        "ebit": 852.915,
        "grossIncome": 2380.295,
        "interestExpense": 86.524,
        "interestIncomeExpense": -86.287,
        "netIncome": 472.54,
        "netIncomeAfterTaxes": 457.286,
        "nonRecurringItems": -79.224,
        "period": "2017-05-31",
        "pretaxIncome": 687.404,
        "provisionforIncomeTaxes": 230.118,
        "revenue": 5323.381,
        "sgaExpense": 1527.38,
        "totalOperatingExpense": 1527.38,
        "year": 2017
      },
      {
        "costOfGoodsSold": 2694.432,
        "dilutedAverageSharesOutstanding": 439.824,
        "dilutedEPS": 1.56,
        "ebit": 768.941,
        "grossIncome": 2101.34,
        "interestExpense": 64.522,
        "interestIncomeExpense": -63.626,
        "netIncome": 686.389,
        "netIncomeAfterTaxes": 448.605,
        "nonRecurringItems": 0,
        "period": "2016-05-31",
        "pretaxIncome": 705.315,
        "provisionforIncomeTaxes": 256.71,
        "revenue": 4795.772,
        "sgaExpense": 1332.399,
        "totalOperatingExpense": 1332.399,
        "year": 2016
      }
    ],
    "symbol": "CTAS"
  }
}