{
  "symbol": "TTWO",
  "statement": "ic",
  "frequency": "annual",
  "timestamp": "2025-09-19T14:07:12.288476",
  "data": {
    "financials": [
      {
        "costOfGoodsSold": 2356.9,
        "depreciationAmortization": 222.9,
        "dilutedAverageSharesOutstanding": 175.1,
        "dilutedEPS": -25.58,
        "ebit": -485.6,
        "grossIncome": 3276.7,
        "interestExpense": 167.3,
        "interestIncomeExpense": -98.2,
        "netIncome": -4478.9,
        "netIncomeAfterTaxes": -4478.9,
        "nonRecurringItems": -3905.5,
        "period": "2025-03-31",
        "pretaxIncome": -4491.3,
        "provisionforIncomeTaxes": -12.4,
        "researchDevelopment": 976.5,
        "revenue": 5633.6,
        "sgaExpense": 2562.9,
        "totalOperatingExpense": 3762.3,
        "totalOtherIncomeExpenseNet": -2,
        "year": 2025
      },
      {
        "costOfGoodsSold": 2420.5,
        "depreciationAmortization": 250.9,
        "dilutedAverageSharesOutstanding": 170.1,
        "dilutedEPS": -22.01,
        "ebit": -456.6,
        "grossIncome": 2929.1,
        "interestExpense": 140.6,
        "interestIncomeExpense": -123.2,
        "netIncome": -3744.2,
        "netIncomeAfterTaxes": -3744.2,
        "nonRecurringItems": -3126.3,
        "period": "2024-03-31",
        "pretaxIncome": -3702.8,
        "provisionforIncomeTaxes": 41.4,
        "researchDevelopment": 919.5,
        "revenue": 5349.6,
        "sgaExpense": 2215.3,
        "totalOperatingExpense": 3385.7,
        "totalOtherIncomeExpenseNet": 3.3,
        "year": 2024
      },
      {
        "costOfGoodsSold": 2985.5,
        "depreciationAmortization": 424,
        "dilutedAverageSharesOutstanding": 159.9,
        "dilutedEPS": -7.03,
        "ebit": -921.4,
        "grossIncome": 2364.4,
        "interestExpense": 129.6,
        "interestIncomeExpense": -158.6,
        "netIncome": -1124.7,
        "netIncomeAfterTaxes": -1124.7,
        "nonRecurringItems": -243.8,
        "period": "2023-03-31",
        "pretaxIncome": -1338.1,
        "provisionforIncomeTaxes": -213.4,
        "researchDevelopment": 853.7,
        "revenue": 5349.9,
        "sgaExpense": 2008.1,
        "totalOperatingExpense": 3285.8,
        "totalOtherIncomeExpenseNet": -14.3,
        "year": 2023
      },
      {
        "costOfGoodsSold": 1464.79,
        "depreciationAmortization": 71.844,
        "dilutedAverageSharesOutstanding": 116.775,
        "dilutedEPS": 3.58,
        "ebit": 545.055,
        "grossIncome": 2040.01,
        "interestExpense": 18.628,
        "interestIncomeExpense": -2.28,
        "netIncome": 418.022,
        "netIncomeAfterTaxes": 418.022,
        "nonRecurringItems": -71.46,
        "period": "2022-03-31",
        "pretaxIncome": 465.398,
        "provisionforIncomeTaxes": 47.376,
        "researchDevelopment": 401.077,
        "revenue": 3504.8,
        "sgaExpense": 1022.034,
        "totalOperatingExpense": 1494.955,
        "totalOtherIncomeExpenseNet": -5.917,
        "year": 2022
      },
      {
        "costOfGoodsSold": 1535.085,
        "depreciationAmortization": 65.877,
        "dilutedAverageSharesOutstanding": 115.744,
        "dilutedEPS": 5.09,
        "ebit": 629.112,
        "grossIncome": 1837.687,
        "interestExpense": 6.207,
        "interestIncomeExpense": 52.857,
        "netIncome": 588.886,
        "netIncomeAfterTaxes": 588.886,
        "nonRecurringItems": 0.272,
        "otherOperatingExpensesTotal": -0.001,
        "period": "2021-03-31",
        "pretaxIncome": 677.816,
        "provisionforIncomeTaxes": 88.93,
        "researchDevelopment": 310.648,
        "revenue": 3372.772,
        "sgaExpense": 832.051,
        "totalOperatingExpense": 1208.575,
        "totalOtherIncomeExpenseNet": -4.425,
        "year": 2021
      },
      {
        "costOfGoodsSold": 1542.45,
        "depreciationAmortization": 54.293,
        "dilutedAverageSharesOutstanding": 114.136,
        "dilutedEPS": 3.54,
        "ebit": 425.35,
        "grossIncome": 1546.52,
        "interestExpense": 2.637,
        "interestIncomeExpense": 35.782,
        "netIncome": 404.459,
        "netIncomeAfterTaxes": 404.459,
        "nonRecurringItems": -0.083,
        "period": "2020-03-31",
        "pretaxIncome": 458.439,
        "provisionforIncomeTaxes": 53.98,
        "researchDevelopment": 290.218,
        "revenue": 3088.97,
        "sgaExpense": 776.659,
        "totalOperatingExpense": 1121.17,
        "totalOtherIncomeExpenseNet": -2.61,
        "year": 2020
      },
      {
        "costOfGoodsSold": 1523.644,
        "depreciationAmortization": 46.668,
        "dilutedAverageSharesOutstanding": 115.198,
        "dilutedEPS": 2.89,
        "ebit": 201.714,
        "grossIncome": 1144.75,
        "interestExpense": 8.032,
        "interestIncomeExpense": 29.482,
        "netIncome": 333.837,
        "netIncomeAfterTaxes": 329.284,
        "nonRecurringItems": 4.958,
        "period": "2019-03-31",
        "pretaxIncome": 232.785,
        "provisionforIncomeTaxes": -96.499,
        "researchDevelopment": 223.734,
        "revenue": 2668.394,
        "sgaExpense": 672.634,
        "totalOperatingExpense": 943.036,
        "totalOtherIncomeExpenseNet": -3.369,
        "year": 2019
      },
      {
        "costOfGoodsSold": 898.311,
        "depreciationAmortization": 47.313,
        "dilutedAverageSharesOutstanding": 112.763,
        "dilutedEPS": 1.53,
        "ebit": 161.576,
        "grossIncome": 894.581,
        "interestExpense": 22.269,
        "interestIncomeExpense": -4.043,
        "netIncome": 173.374,
        "netIncomeAfterTaxes": 185.409,
        "nonRecurringItems": -25.999,
        "period": "2018-03-31",
        "pretaxIncome": 136.625,
        "provisionforIncomeTaxes": -48.784,
        "researchDevelopment": 189.879,
        "revenue": 1792.892,
        "sgaExpense": 495.813,
        "totalOperatingExpense": 733.005,
        "totalOtherIncomeExpenseNet": 5.091,
        "year": 2018
      },
      {
        "costOfGoodsSold": 1022.959,
        "depreciationAmortization": 33.193,
        "dilutedAverageSharesOutstanding": 92.332,
        "dilutedEPS": 0.72,
        "ebit": 91.305,
        "grossIncome": 756.789,
        "interestIncomeExpense": -15.36,
        "netIncome": 66.028,
        "netIncomeAfterTaxes": 67.303,
        "nonRecurringItems": 0,
        "period": "2017-03-31",
        "pretaxIncome": 76.965,
        "provisionforIncomeTaxes": 9.662,
        "researchDevelopment": 136.926,
        "revenue": 1779.748,
        "sgaExpense": 495.365,
        "totalOperatingExpense": 665.484,
        "totalOtherIncomeExpenseNet": 1.02,
        "year": 2017
      },
      {
        "costOfGoodsSold": 813.873,
        "depreciationAmortization": 28.8,
        "dilutedAverageSharesOutstanding": 83.417,
        "dilutedEPS": -0.1,
        "ebit": 60.457,
        "grossIncome": 599.825,
        "interestIncomeExpense": -27.963,
        "netIncome": -8.302,
        "netIncomeAfterTaxes": -8.302,
        "nonRecurringItems": -71.285,
        "period": "2016-03-31",
        "pretaxIncome": -38.35,
        "provisionforIncomeTaxes": -30.048,
        "researchDevelopment": 119.807,
        "revenue": 1413.698,
        "sgaExpense": 390.761,
        "totalOperatingExpense": 539.368,
        "totalOtherIncomeExpenseNet": 0.441,
        "year": 2016
      }
    ],
    "symbol": "TTWO"
  }
}