{
  "symbol": "DGX",
  "statement": "ic",
  "frequency": "quarterly",
  "timestamp": "2025-09-19T14:06:00.208446",
  "data": {
    "financials": [
      {
        "costOfGoodsSold": 1818,
        "depreciationAmortization": 39,
        "dilutedAverageSharesOutstanding": 113,
        "dilutedEPS": 2.4956,
        "ebit": 463,
        "equityEarningsAffiliates": 9,
        "grossIncome": 943,
        "interestExpense": 69,
        "interestIncomeExpense": -56,
        "minorityInterest": -14,
        "netIncome": 282,
        "netIncomeAfterTaxes": 287,
        "nonRecurringItems": -25,
        "otherOperatingExpensesTotal": -44,
        "period": "2025-06-30",
        "pretaxIncome": 384,
        "provisionforIncomeTaxes": 97,
        "revenue": 2761,
        "sgaExpense": 485,
        "totalOperatingExpense": 480,
        "totalOtherIncomeExpenseNet": 2
      },
      {
        "costOfGoodsSold": 1783,
        "depreciationAmortization": 39,
        "dilutedAverageSharesOutstanding": 113,
        "dilutedEPS": 1.9381,
        "ebit": 358,
        "equityEarningsAffiliates": 18,
        "grossIncome": 869,
        "interestExpense": 72,
        "interestIncomeExpense": -69,
        "minorityInterest": -15,
        "netIncome": 219,
        "netIncomeAfterTaxes": 217,
        "nonRecurringItems": -12,
        "otherOperatingExpensesTotal": 2,
        "period": "2025-03-31",
        "pretaxIncome": 276,
        "provisionforIncomeTaxes": 59,
        "revenue": 2652,
        "sgaExpense": 470,
        "totalOperatingExpense": 511,
        "totalOtherIncomeExpenseNet": -1
      },
      {
        "costOfGoodsSold": 1753,
        "depreciationAmortization": 37,
        "dilutedAverageSharesOutstanding": 116,
        "dilutedEPS": 1.8966,
        "ebit": 378,
        "equityEarningsAffiliates": 5,
        "grossIncome": 868,
        "interestExpense": 72,
        "interestIncomeExpense": -74,
        "minorityInterest": -14,
        "netIncome": 220,
        "netIncomeAfterTaxes": 231,
        "nonRecurringItems": -17,
        "otherOperatingExpensesTotal": -4,
        "period": "2024-12-31",
        "pretaxIncome": 299,
        "provisionforIncomeTaxes": 68,
        "revenue": 2621,
        "sgaExpense": 457,
        "totalOperatingExpense": 490,
        "totalOtherIncomeExpenseNet": 12
      },
      {
        "costOfGoodsSold": 1672,
        "depreciationAmortization": 32,
        "dilutedAverageSharesOutstanding": 113,
        "dilutedEPS": 1.9912,
        "ebit": 348,
        "equityEarningsAffiliates": 6,
        "grossIncome": 816,
        "interestExpense": 58,
        "interestIncomeExpense": -34,
        "minorityInterest": -11,
        "netIncome": 225,
        "netIncomeAfterTaxes": 231,
        "nonRecurringItems": -18,
        "otherOperatingExpensesTotal": 4,
        "period": "2024-09-30",
        "pretaxIncome": 296,
        "provisionforIncomeTaxes": 65,
        "revenue": 2488,
        "sgaExpense": 432,
        "totalOperatingExpense": 468
      },
      {
        "costOfGoodsSold": 1592,
        "depreciationAmortization": 29,
        "dilutedAverageSharesOutstanding": 112,
        "dilutedEPS": 2.0357,
        "ebit": 365,
        "equityEarningsAffiliates": 0,
        "grossIncome": 805,
        "interestExpense": 47,
        "interestIncomeExpense": -41,
        "minorityInterest": -11,
        "netIncome": 228,
        "netIncomeAfterTaxes": 240,
        "nonRecurringItems": -10,
        "otherOperatingExpensesTotal": 5,
        "period": "2024-06-30",
        "pretaxIncome": 314,
        "provisionforIncomeTaxes": 74,
        "revenue": 2397,
        "sgaExpense": 406,
        "totalOperatingExpense": 440,
        "totalOtherIncomeExpenseNet": 0
      },
      {
        "costOfGoodsSold": 1582,
        "depreciationAmortization": 29,
        "dilutedAverageSharesOutstanding": 112,
        "dilutedEPS": 1.7232,
        "ebit": 317,
        "equityEarningsAffiliates": 8,
        "grossIncome": 784,
        "interestExpense": 49,
        "interestIncomeExpense": -34,
        "minorityInterest": -14,
        "netIncome": 193,
        "netIncomeAfterTaxes": 200,
        "nonRecurringItems": -17,
        "otherOperatingExpensesTotal": 2,
        "period": "2024-03-31",
        "pretaxIncome": 266,
        "provisionforIncomeTaxes": 66,
        "revenue": 2366,
        "sgaExpense": 436,
        "totalOperatingExpense": 467,
        "totalOtherIncomeExpenseNet": 0
      },
      {
        "costOfGoodsSold": 1551,
        "depreciationAmortization": 27,
        "dilutedAverageSharesOutstanding": 113,
        "dilutedEPS": 1.6991,
        "ebit": 289,
        "equityEarningsAffiliates": 8,
        "grossIncome": 737,
        "interestExpense": 46,
        "interestIncomeExpense": -40,
        "minorityInterest": -13,
        "netIncome": 192,
        "netIncomeAfterTaxes": 197,
        "nonRecurringItems": -22,
        "otherOperatingExpensesTotal": 6,
        "period": "2023-12-31",
        "pretaxIncome": 237,
        "provisionforIncomeTaxes": 40,
        "revenue": 2288,
        "sgaExpense": 415,
        "totalOperatingExpense": 448,
        "totalOtherIncomeExpenseNet": 10
      },
      {
        "costOfGoodsSold": 1539,
        "depreciationAmortization": 27,
        "dilutedAverageSharesOutstanding": 114,
        "dilutedEPS": 1.9561,
        "ebit": 348,
        "equityEarningsAffiliates": 6,
        "grossIncome": 756,
        "interestExpense": 41,
        "interestIncomeExpense": -40,
        "minorityInterest": -12,
        "netIncome": 223,
        "netIncomeAfterTaxes": 231,
        "nonRecurringItems": -6,
        "otherOperatingExpensesTotal": 5,
        "period": "2023-09-30",
        "pretaxIncome": 299,
        "provisionforIncomeTaxes": 68,
        "revenue": 2295,
        "sgaExpense": 376,
        "totalOperatingExpense": 408,
        "totalOtherIncomeExpenseNet": -3
      },
      {
        "costOfGoodsSold": 1546,
        "depreciationAmortization": 28,
        "dilutedAverageSharesOutstanding": 114,
        "dilutedEPS": 2.0526,
        "ebit": 355,
        "equityEarningsAffiliates": 7,
        "grossIncome": 792,
        "interestExpense": 39,
        "interestIncomeExpense": -37,
        "minorityInterest": -14,
        "netIncome": 234,
        "netIncomeAfterTaxes": 242,
        "nonRecurringItems": -7,
        "otherOperatingExpensesTotal": 0,
        "period": "2023-06-30",
        "pretaxIncome": 317,
        "provisionforIncomeTaxes": 75,
        "revenue": 2338,
        "sgaExpense": 409,
        "totalOperatingExpense": 437,
        "totalOtherIncomeExpenseNet": 6
      },
      {
        "costOfGoodsSold": 1550,
        "depreciationAmortization": 26,
        "dilutedAverageSharesOutstanding": 113,
        "dilutedEPS": 1.7788,
        "ebit": 324,
        "equityEarningsAffiliates": 5,
        "grossIncome": 781,
        "interestExpense": 37,
        "interestIncomeExpense": -35,
        "minorityInterest": -15,
        "netIncome": 201,
        "netIncomeAfterTaxes": 212,
        "nonRecurringItems": -19,
        "otherOperatingExpensesTotal": 1,
        "period": "2023-03-31",
        "pretaxIncome": 277,
        "provisionforIncomeTaxes": 65,
        "revenue": 2331,
        "sgaExpense": 430,
        "totalOperatingExpense": 457,
        "totalOtherIncomeExpenseNet": 7
      },
      {
        "costOfGoodsSold": 1556,
        "depreciationAmortization": 39,
        "dilutedAverageSharesOutstanding": 115,
        "dilutedEPS": 0.8783,
        "ebit": 186,
        "equityEarningsAffiliates": 3,
        "grossIncome": 777,
        "interestExpense": 36,
        "interestIncomeExpense": -32,
        "minorityInterest": -15,
        "netIncome": 101,
        "netIncomeAfterTaxes": 113,
        "nonRecurringItems": -51,
        "otherOperatingExpensesTotal": 21,
        "period": "2022-12-31",
        "pretaxIncome": 109,
        "provisionforIncomeTaxes": -4,
        "revenue": 2333,
        "sgaExpense": 531,
        "totalOperatingExpense": 591,
        "totalOtherIncomeExpenseNet": 6
      },
      {
        "costOfGoodsSold": 1612,
        "depreciationAmortization": 27,
        "dilutedAverageSharesOutstanding": 118,
        "dilutedEPS": 2.1525,
        "ebit": 405,
        "equityEarningsAffiliates": 6,
        "grossIncome": 874,
        "interestExpense": 37,
        "interestIncomeExpense": -33,
        "minorityInterest": -20,
        "netIncome": 254,
        "netIncomeAfterTaxes": 270,
        "nonRecurringItems": -13,
        "otherOperatingExpensesTotal": -15,
        "period": "2022-09-30",
        "pretaxIncome": 351,
        "provisionforIncomeTaxes": 81,
        "revenue": 2486,
        "sgaExpense": 457,
        "totalOperatingExpense": 469,
        "totalOtherIncomeExpenseNet": -8
      },
      {
        "costOfGoodsSold": 1607,
        "depreciationAmortization": 27,
        "dilutedAverageSharesOutstanding": 119,
        "dilutedEPS": 1.958,
        "ebit": 400,
        "equityEarningsAffiliates": 4,
        "grossIncome": 846,
        "interestExpense": 38,
        "interestIncomeExpense": -36,
        "minorityInterest": -16,
        "netIncome": 233,
        "netIncomeAfterTaxes": 246,
        "nonRecurringItems": -12,
        "otherOperatingExpensesTotal": 5,
        "period": "2022-06-30",
        "pretaxIncome": 323,
        "provisionforIncomeTaxes": 77,
        "revenue": 2453,
        "sgaExpense": 414,
        "totalOperatingExpense": 446,
        "totalOtherIncomeExpenseNet": -29
      },
      {
        "costOfGoodsSold": 1643,
        "depreciationAmortization": 27,
        "dilutedAverageSharesOutstanding": 121,
        "dilutedEPS": 2.9256,
        "ebit": 525,
        "equityEarningsAffiliates": 31,
        "grossIncome": 968,
        "interestExpense": 37,
        "interestIncomeExpense": -37,
        "minorityInterest": -18,
        "netIncome": 354,
        "netIncomeAfterTaxes": 342,
        "nonRecurringItems": -12,
        "period": "2022-03-31",
        "pretaxIncome": 452,
        "provisionforIncomeTaxes": 110,
        "revenue": 2611,
        "sgaExpense": 416,
        "totalOperatingExpense": 443,
        "totalOtherIncomeExpenseNet": -24
      },
      {
        "costOfGoodsSold": 1679,
        "depreciationAmortization": 26,
        "dilutedAverageSharesOutstanding": 125,
        "dilutedEPS": 3.112,
        "ebit": 597,
        "equityEarningsAffiliates": 25,
        "grossIncome": 1065,
        "interestExpense": 38,
        "interestIncomeExpense": -37,
        "minorityInterest": -23,
        "netIncome": 389,
        "netIncomeAfterTaxes": 388,
        "nonRecurringItems": -61,
        "otherOperatingExpensesTotal": 0,
        "period": "2021-12-31",
        "pretaxIncome": 502,
        "provisionforIncomeTaxes": 114,
        "revenue": 2744,
        "sgaExpense": 442,
        "totalOperatingExpense": 468,
        "totalOtherIncomeExpenseNet": 3
      },
      {
        "costOfGoodsSold": 1663,
        "depreciationAmortization": 25,
        "dilutedAverageSharesOutstanding": 125,
        "dilutedEPS": 4.024,
        "ebit": 665,
        "equityEarningsAffiliates": 26,
        "grossIncome": 1111,
        "interestExpense": 38,
        "interestIncomeExpense": -38,
        "minorityInterest": -22,
        "netIncome": 503,
        "netIncomeAfterTaxes": 501,
        "nonRecurringItems": -13,
        "otherOperatingExpensesTotal": 0,
        "period": "2021-09-30",
        "pretaxIncome": 654,
        "provisionforIncomeTaxes": 153,
        "revenue": 2774,
        "sgaExpense": 421,
        "totalOperatingExpense": 446,
        "totalOtherIncomeExpenseNet": 40
      },
      {
        "costOfGoodsSold": 1553,
        "depreciationAmortization": 25,
        "dilutedAverageSharesOutstanding": 127,
        "dilutedEPS": 4.9449,
        "ebit": 554,
        "equityEarningsAffiliates": 10,
        "grossIncome": 997,
        "interestExpense": 38,
        "interestIncomeExpense": -38,
        "minorityInterest": -19,
        "netIncome": 628,
        "netIncomeAfterTaxes": 640,
        "nonRecurringItems": -21,
        "otherOperatingExpensesTotal": -2,
        "period": "2021-06-30",
        "pretaxIncome": 817,
        "provisionforIncomeTaxes": 177,
        "revenue": 2550,
        "sgaExpense": 420,
        "totalOperatingExpense": 443,
        "totalOtherIncomeExpenseNet": 322
      },
      {
        "costOfGoodsSold": 1615,
        "depreciationAmortization": 27,
        "dilutedAverageSharesOutstanding": 135,
        "dilutedEPS": 3.47,
        "ebit": 681,
        "equityEarningsAffiliates": 17,
        "grossIncome": 1105,
        "interestExpense": 38,
        "interestIncomeExpense": -38,
        "minorityInterest": -21,
        "netIncome": 468,
        "netIncomeAfterTaxes": 473,
        "nonRecurringItems": -21,
        "period": "2021-03-31",
        "pretaxIncome": 626,
        "provisionforIncomeTaxes": 153,
        "revenue": 2720,
        "sgaExpense": 397,
        "totalOperatingExpense": 424,
        "totalOtherIncomeExpenseNet": 4
      },
      {
        "costOfGoodsSold": 1822,
        "depreciationAmortization": 26,
        "dilutedAverageSharesOutstanding": 136,
        "dilutedEPS": 4.24,
        "ebit": 718,
        "equityEarningsAffiliates": 42,
        "grossIncome": 1180,
        "interestExpense": 40,
        "interestIncomeExpense": -39,
        "minorityInterest": -30,
        "netIncome": 576,
        "netIncomeAfterTaxes": 567,
        "nonRecurringItems": 77,
        "period": "2020-12-31",
        "pretaxIncome": 758,
        "provisionforIncomeTaxes": 191,
        "revenue": 3002,
        "sgaExpense": 436,
        "totalOperatingExpense": 462,
        "totalOtherIncomeExpenseNet": 2
      },
      {
        "costOfGoodsSold": 1566,
        "depreciationAmortization": 27,
        "dilutedAverageSharesOutstanding": 137,
        "dilutedEPS": 4.13,
        "ebit": 804,
        "equityEarningsAffiliates": 15,
        "grossIncome": 1220,
        "interestExpense": 42,
        "interestIncomeExpense": -42,
        "minorityInterest": -23,
        "netIncome": 566,
        "netIncomeAfterTaxes": 576,
        "nonRecurringItems": -86,
        "period": "2020-09-30",
        "pretaxIncome": 753,
        "provisionforIncomeTaxes": 177,
        "revenue": 2786,
        "sgaExpense": 389,
        "totalOperatingExpense": 416,
        "totalOtherIncomeExpenseNet": 77
      },
      {
        "costOfGoodsSold": 1184,
        "depreciationAmortization": 25,
        "dilutedAverageSharesOutstanding": 136,
        "dilutedEPS": 1.35,
        "ebit": 269,
        "equityEarningsAffiliates": 4,
        "grossIncome": 643,
        "interestExpense": 42,
        "interestIncomeExpense": -41,
        "minorityInterest": -8,
        "netIncome": 184,
        "netIncomeAfterTaxes": 189,
        "nonRecurringItems": 14,
        "period": "2020-06-30",
        "pretaxIncome": 255,
        "provisionforIncomeTaxes": 66,
        "revenue": 1827,
        "sgaExpense": 349,
        "totalOperatingExpense": 374,
        "totalOtherIncomeExpenseNet": 13
      },
      {
        "costOfGoodsSold": 1262,
        "depreciationAmortization": 25,
        "dilutedAverageSharesOutstanding": 135,
        "dilutedEPS": 0.73,
        "ebit": 200,
        "equityEarningsAffiliates": 14,
        "grossIncome": 560,
        "interestExpense": 42,
        "interestIncomeExpense": -41,
        "minorityInterest": -7,
        "netIncome": 99,
        "netIncomeAfterTaxes": 92,
        "nonRecurringItems": -25,
        "period": "2020-03-31",
        "pretaxIncome": 118,
        "provisionforIncomeTaxes": 26,
        "revenue": 1822,
        "sgaExpense": 335,
        "totalOperatingExpense": 360,
        "totalOtherIncomeExpenseNet": -16
      },
      {
        "costOfGoodsSold": 1258,
        "depreciationAmortization": 24,
        "dilutedAverageSharesOutstanding": 136,
        "dilutedEPS": 1.85,
        "ebit": 396,
        "equityEarningsAffiliates": 9,
        "grossIncome": 668,
        "interestExpense": 44,
        "interestIncomeExpense": -42,
        "minorityInterest": -12,
        "netIncome": 252,
        "netIncomeAfterTaxes": 256,
        "nonRecurringItems": -33,
        "otherOperatingExpensesTotal": -87,
        "period": "2019-12-31",
        "pretaxIncome": 328,
        "provisionforIncomeTaxes": 72,
        "revenue": 1926,
        "sgaExpense": 335,
        "totalOperatingExpense": 272,
        "totalOtherIncomeExpenseNet": 7
      },
      {
        "costOfGoodsSold": 1257,
        "depreciationAmortization": 23,
        "dilutedAverageSharesOutstanding": 137,
        "dilutedEPS": 1.56,
        "ebit": 333,
        "equityEarningsAffiliates": 18,
        "grossIncome": 699,
        "interestExpense": 45,
        "interestIncomeExpense": -44,
        "minorityInterest": -11,
        "netIncome": 214,
        "netIncomeAfterTaxes": 208,
        "nonRecurringItems": -20,
        "otherOperatingExpensesTotal": -6,
        "period": "2019-09-30",
        "pretaxIncome": 270,
        "provisionforIncomeTaxes": 62,
        "revenue": 1956,
        "sgaExpense": 349,
        "totalOperatingExpense": 366,
        "totalOtherIncomeExpenseNet": 1
      },
      {
        "costOfGoodsSold": 1254,
        "depreciationAmortization": 25,
        "dilutedAverageSharesOutstanding": 136,
        "dilutedEPS": 1.66,
        "ebit": 333,
        "equityEarningsAffiliates": 17,
        "grossIncome": 699,
        "interestExpense": 46,
        "interestIncomeExpense": -45,
        "minorityInterest": -13,
        "netIncome": 226,
        "netIncomeAfterTaxes": 202,
        "nonRecurringItems": -26,
        "otherOperatingExpensesTotal": -6,
        "period": "2019-06-30",
        "pretaxIncome": 265,
        "provisionforIncomeTaxes": 63,
        "revenue": 1953,
        "sgaExpense": 347,
        "totalOperatingExpense": 366,
        "totalOtherIncomeExpenseNet": 3
      },
      {
        "costOfGoodsSold": 1233,
        "depreciationAmortization": 24,
        "dilutedAverageSharesOutstanding": 136,
        "dilutedEPS": 1.2,
        "ebit": 261,
        "equityEarningsAffiliates": 13,
        "grossIncome": 658,
        "interestExpense": 45,
        "interestIncomeExpense": -44,
        "minorityInterest": -12,
        "netIncome": 163,
        "netIncomeAfterTaxes": 163,
        "nonRecurringItems": -13,
        "otherOperatingExpensesTotal": 1,
        "period": "2019-03-31",
        "pretaxIncome": 213,
        "provisionforIncomeTaxes": 50,
        "revenue": 1891,
        "sgaExpense": 372,
        "totalOperatingExpense": 397,
        "totalOtherIncomeExpenseNet": 9
      },
      {
        "costOfGoodsSold": 1215,
        "depreciationAmortization": 24,
        "dilutedAverageSharesOutstanding": 139,
        "dilutedEPS": 0.91,
        "ebit": 271,
        "equityEarningsAffiliates": 12,
        "grossIncome": 624,
        "interestExpense": 43,
        "interestIncomeExpense": -43,
        "minorityInterest": -12,
        "netIncome": 126,
        "netIncomeAfterTaxes": 128,
        "nonRecurringItems": -51,
        "period": "2018-12-31",
        "pretaxIncome": 167,
        "provisionforIncomeTaxes": 39,
        "revenue": 1839,
        "sgaExpense": 329,
        "totalOperatingExpense": 353,
        "totalOtherIncomeExpenseNet": -10
      },
      {
        "costOfGoodsSold": 1212,
        "depreciationAmortization": 22,
        "dilutedAverageSharesOutstanding": 139,
        "dilutedEPS": 1.53,
        "ebit": 323,
        "equityEarningsAffiliates": 9,
        "grossIncome": 677,
        "interestExpense": 42,
        "interestIncomeExpense": -41,
        "minorityInterest": -14,
        "netIncome": 212,
        "netIncomeAfterTaxes": 218,
        "nonRecurringItems": -19,
        "otherOperatingExpensesTotal": -13,
        "period": "2018-09-30",
        "pretaxIncome": 266,
        "provisionforIncomeTaxes": 48,
        "revenue": 1889,
        "sgaExpense": 345,
        "totalOperatingExpense": 354,
        "totalOtherIncomeExpenseNet": 3
      },
      {
        "costOfGoodsSold": 1229,
        "depreciationAmortization": 22,
        "dilutedAverageSharesOutstanding": 139,
        "dilutedEPS": 1.57,
        "ebit": 330,
        "equityEarningsAffiliates": 11,
        "grossIncome": 690,
        "interestExpense": 43,
        "interestIncomeExpense": -42,
        "minorityInterest": -14,
        "netIncome": 219,
        "netIncomeAfterTaxes": 207,
        "nonRecurringItems": -25,
        "otherOperatingExpensesTotal": -2,
        "period": "2018-06-30",
        "pretaxIncome": 264,
        "provisionforIncomeTaxes": 57,
        "revenue": 1919,
        "sgaExpense": 340,
        "totalOperatingExpense": 360,
        "totalOtherIncomeExpenseNet": 1
      },
      {
        "costOfGoodsSold": 1214,
        "depreciationAmortization": 22,
        "dilutedAverageSharesOutstanding": 139,
        "dilutedEPS": 1.27,
        "ebit": 303,
        "equityEarningsAffiliates": 12,
        "grossIncome": 670,
        "interestExpense": 41,
        "interestIncomeExpense": -41,
        "minorityInterest": -12,
        "netIncome": 176,
        "netIncomeAfterTaxes": 177,
        "nonRecurringItems": -31,
        "period": "2018-03-31",
        "pretaxIncome": 229,
        "provisionforIncomeTaxes": 52,
        "revenue": 1884,
        "sgaExpense": 345,
        "totalOperatingExpense": 367,
        "totalOtherIncomeExpenseNet": -2
      },
      {
        "costOfGoodsSold": 1180,
        "depreciationAmortization": 20,
        "dilutedAverageSharesOutstanding": 140,
        "dilutedEPS": 1.8,
        "ebit": 311,
        "equityEarningsAffiliates": 10,
        "grossIncome": 685,
        "interestExpense": 39,
        "interestIncomeExpense": -39,
        "minorityInterest": -13,
        "netIncome": 253,
        "netIncomeAfterTaxes": 151,
        "nonRecurringItems": -42,
        "otherOperatingExpensesTotal": 0,
        "period": "2017-12-31",
        "pretaxIncome": 234,
        "provisionforIncomeTaxes": 83,
        "revenue": 1865,
        "sgaExpense": 354,
        "totalOperatingExpense": 374,
        "totalOtherIncomeExpenseNet": 4
      },
      {
        "costOfGoodsSold": 1178,
        "depreciationAmortization": 19,
        "dilutedAverageSharesOutstanding": 140,
        "dilutedEPS": 1.14,
        "ebit": 321,
        "equityEarningsAffiliates": 9,
        "grossIncome": 678,
        "interestExpense": 39,
        "interestIncomeExpense": -38,
        "minorityInterest": -14,
        "netIncome": 160,
        "netIncomeAfterTaxes": 166,
        "nonRecurringItems": -23,
        "otherOperatingExpensesTotal": 1,
        "period": "2017-09-30",
        "pretaxIncome": 258,
        "provisionforIncomeTaxes": 92,
        "revenue": 1856,
        "sgaExpense": 337,
        "totalOperatingExpense": 357,
        "totalOtherIncomeExpenseNet": -2
      },
      {
        "costOfGoodsSold": 1161,
        "depreciationAmortization": 18,
        "dilutedAverageSharesOutstanding": 140,
        "dilutedEPS": 1.38,
        "ebit": 341,
        "equityEarningsAffiliates": 9,
        "grossIncome": 703,
        "interestExpense": 38,
        "interestIncomeExpense": -38,
        "minorityInterest": -14,
        "netIncome": 193,
        "netIncomeAfterTaxes": 198,
        "nonRecurringItems": -22,
        "otherOperatingExpensesTotal": -1,
        "period": "2017-06-30",
        "pretaxIncome": 292,
        "provisionforIncomeTaxes": 94,
        "revenue": 1864,
        "sgaExpense": 345,
        "totalOperatingExpense": 362,
        "totalOtherIncomeExpenseNet": 11
      },
      {
        "costOfGoodsSold": 1155,
        "depreciationAmortization": 17,
        "dilutedAverageSharesOutstanding": 141,
        "dilutedEPS": 1.16,
        "ebit": 297,
        "equityEarningsAffiliates": 7,
        "grossIncome": 662,
        "interestExpense": 37,
        "interestIncomeExpense": -36,
        "minorityInterest": -11,
        "netIncome": 163,
        "netIncomeAfterTaxes": 168,
        "nonRecurringItems": -18,
        "otherOperatingExpensesTotal": 1,
        "period": "2017-03-31",
        "pretaxIncome": 246,
        "provisionforIncomeTaxes": 78,
        "revenue": 1817,
        "sgaExpense": 347,
        "totalOperatingExpense": 365,
        "totalOtherIncomeExpenseNet": 3
      },
      {
        "costOfGoodsSold": 1124,
        "depreciationAmortization": 18,
        "dilutedAverageSharesOutstanding": 139,
        "dilutedEPS": 1.12,
        "ebit": 344,
        "equityEarningsAffiliates": 9,
        "grossIncome": 436,
        "interestExpense": 36,
        "interestIncomeExpense": -36,
        "minorityInterest": -12,
        "netIncome": 155,
        "netIncomeAfterTaxes": 158,
        "nonRecurringItems": -68,
        "otherOperatingExpensesTotal": 7,
        "period": "2016-12-31",
        "pretaxIncome": 242,
        "provisionforIncomeTaxes": 84,
        "revenue": 1560,
        "sgaExpense": 67,
        "totalOperatingExpense": 92,
        "totalOtherIncomeExpenseNet": 2
      },
      {
        "costOfGoodsSold": 1156,
        "depreciationAmortization": 18,
        "dilutedAverageSharesOutstanding": 142,
        "dilutedEPS": 1.34,
        "ebit": 325,
        "equityEarningsAffiliates": 11,
        "grossIncome": 729,
        "interestExpense": 37,
        "interestIncomeExpense": -37,
        "minorityInterest": -13,
        "netIncome": 190,
        "netIncomeAfterTaxes": 194,
        "nonRecurringItems": -3,
        "otherOperatingExpensesTotal": -21,
        "period": "2016-09-30",
        "pretaxIncome": 289,
        "provisionforIncomeTaxes": 95,
        "revenue": 1885,
        "sgaExpense": 407,
        "totalOperatingExpense": 404,
        "totalOtherIncomeExpenseNet": 4
      },
      {
        "costOfGoodsSold": 1153,
        "depreciationAmortization": 17,
        "dilutedAverageSharesOutstanding": 142,
        "dilutedEPS": 1.37,
        "ebit": 307,
        "equityEarningsAffiliates": 9,
        "grossIncome": 753,
        "interestExpense": 35,
        "interestIncomeExpense": -34,
        "minorityInterest": -14,
        "netIncome": 194,
        "netIncomeAfterTaxes": 200,
        "nonRecurringItems": 115,
        "otherOperatingExpensesTotal": 0,
        "period": "2016-06-30",
        "pretaxIncome": 383,
        "provisionforIncomeTaxes": 183,
        "revenue": 1906,
        "sgaExpense": 429,
        "totalOperatingExpense": 446,
        "totalOtherIncomeExpenseNet": -5
      },
      {
        "costOfGoodsSold": 1143,
        "depreciationAmortization": 19,
        "dilutedAverageSharesOutstanding": 144,
        "dilutedEPS": 0.71,
        "ebit": 260,
        "equityEarningsAffiliates": 10,
        "grossIncome": 720,
        "interestIncomeExpense": -36,
        "minorityInterest": -12,
        "netIncome": 102,
        "netIncomeAfterTaxes": 104,
        "nonRecurringItems": -3,
        "otherOperatingExpensesTotal": 1,
        "period": "2016-03-31",
        "pretaxIncome": 172,
        "provisionforIncomeTaxes": 68,
        "revenue": 1863,
        "sgaExpense": 440,
        "totalOperatingExpense": 460,
        "totalOtherIncomeExpenseNet": -49
      },
      {
        "costOfGoodsSold": 1147,
        "depreciationAmortization": 20,
        "dilutedAverageSharesOutstanding": 145,
        "dilutedEPS": 1.3,
        "ebit": 242,
        "grossIncome": 702,
        "interestExpense": 36,
        "interestIncomeExpense": -28,
        "minorityInterest": -12,
        "netIncome": 188,
        "netIncomeAfterTaxes": 200,
        "nonRecurringItems": -3,
        "otherOperatingExpensesTotal": 11,
        "period": "2015-12-31",
        "pretaxIncome": 214,
        "provisionforIncomeTaxes": 14,
        "revenue": 1849,
        "sgaExpense": 429,
        "totalOperatingExpense": 460,
        "totalOtherIncomeExpenseNet": 3
      },
      {
        "costOfGoodsSold": 1150,
        "depreciationAmortization": 20,
        "dilutedAverageSharesOutstanding": 145,
        "dilutedEPS": 2.34,
        "ebit": 312,
        "grossIncome": 730,
        "interestExpense": 35,
        "interestIncomeExpense": -34,
        "minorityInterest": -12,
        "netIncome": 340,
        "netIncomeAfterTaxes": 354,
        "nonRecurringItems": 319,
        "otherOperatingExpensesTotal": -1,
        "period": "2015-09-30",
        "pretaxIncome": 593,
        "provisionforIncomeTaxes": 239,
        "revenue": 1880,
        "sgaExpense": 399,
        "totalOperatingExpense": 418,
        "totalOtherIncomeExpenseNet": -4
      }
    ],
    "symbol": "DGX"
  }
}