{
  "symbol": "BX",
  "statement": "ic",
  "frequency": "quarterly",
  "timestamp": "2025-09-19T13:56:51.812200",
  "data": {
    "financials": [
      {
        "dilutedAverageSharesOutstanding": 782.4012,
        "dilutedEPS": 0.9768,
        "ebit": 1915.119,
        "interestExpense": 135.822,
        "interestIncomeExpense": 0.508,
        "minorityInterest": -861.889,
        "netIncome": 764.244,
        "netIncomeAfterTaxes": 1626.133,
        "nonRecurringItems": 0,
        "period": "2025-06-30",
        "pretaxIncome": 1915.627,
        "provisionforIncomeTaxes": 289.494,
        "revenue": 3711.9,
        "sgaExpense": 1796.781,
        "totalOperatingExpense": 1796.781
      },
      {
        "dilutedAverageSharesOutstanding": 772.4346,
        "dilutedEPS": 0.796,
        "ebit": 1513.141,
        "interestExpense": 118.115,
        "interestIncomeExpense": -60.54,
        "minorityInterest": -593.922,
        "netIncome": 614.852,
        "netIncomeAfterTaxes": 1208.774,
        "nonRecurringItems": 0,
        "period": "2025-03-31",
        "pretaxIncome": 1452.601,
        "provisionforIncomeTaxes": 243.827,
        "revenue": 3289.458,
        "sgaExpense": 1776.317,
        "totalOperatingExpense": 1776.317
      },
      {
        "dilutedAverageSharesOutstanding": 768.7861,
        "dilutedEPS": 0.9156,
        "ebit": 1697.98,
        "interestExpense": 115.532,
        "interestIncomeExpense": -95.457,
        "minorityInterest": -624.953,
        "netIncome": 703.873,
        "netIncomeAfterTaxes": 1328.826,
        "nonRecurringItems": -41.246,
        "period": "2024-12-31",
        "pretaxIncome": 1561.277,
        "provisionforIncomeTaxes": 232.451,
        "revenue": 3082.565,
        "sgaExpense": 1384.585,
        "totalOperatingExpense": 1384.585
      },
      {
        "dilutedAverageSharesOutstanding": 768.2804,
        "dilutedEPS": 1.0163,
        "ebit": 1878.435,
        "interestExpense": 111.337,
        "interestIncomeExpense": -68.495,
        "minorityInterest": -783.802,
        "netIncome": 780.835,
        "netIncomeAfterTaxes": 1564.637,
        "nonRecurringItems": 0,
        "period": "2024-09-30",
        "pretaxIncome": 1809.94,
        "provisionforIncomeTaxes": 245.303,
        "revenue": 3663.194,
        "sgaExpense": 1784.759,
        "totalOperatingExpense": 1784.759
      },
      {
        "dilutedAverageSharesOutstanding": 769.2347,
        "dilutedEPS": 0.5777,
        "ebit": 1272.291,
        "interestExpense": 108.616,
        "interestIncomeExpense": -63.682,
        "minorityInterest": -503.949,
        "netIncome": 444.414,
        "netIncomeAfterTaxes": 948.363,
        "nonRecurringItems": 0,
        "period": "2024-06-30",
        "pretaxIncome": 1208.609,
        "provisionforIncomeTaxes": 260.246,
        "revenue": 2796.381,
        "sgaExpense": 1524.09,
        "totalOperatingExpense": 1524.09
      },
      {
        "dilutedAverageSharesOutstanding": 760.2576,
        "dilutedEPS": 1.1146,
        "ebit": 2005.624,
        "interestExpense": 108.203,
        "interestIncomeExpense": -125.97,
        "minorityInterest": -748.597,
        "netIncome": 847.386,
        "netIncomeAfterTaxes": 1595.983,
        "nonRecurringItems": 0,
        "period": "2024-03-31",
        "pretaxIncome": 1879.654,
        "provisionforIncomeTaxes": 283.671,
        "revenue": 3687.828,
        "sgaExpense": 1682.204,
        "totalOperatingExpense": 1682.204
      },
      {
        "dilutedAverageSharesOutstanding": 758.3108,
        "dilutedEPS": 0.2002,
        "ebit": 452.182,
        "interestExpense": 108.732,
        "interestIncomeExpense": -268.019,
        "minorityInterest": 42.677,
        "netIncome": 151.8,
        "netIncomeAfterTaxes": 109.123,
        "nonRecurringItems": -29.083,
        "period": "2023-12-31",
        "pretaxIncome": 155.08,
        "provisionforIncomeTaxes": 45.957,
        "revenue": 1285.02,
        "sgaExpense": 832.838,
        "totalOperatingExpense": 832.838
      },
      {
        "dilutedAverageSharesOutstanding": 758,
        "dilutedEPS": 0.73,
        "ebit": 1277,
        "interestExpense": 110.599,
        "interestIncomeExpense": -159.7,
        "minorityInterest": -368.7,
        "netIncome": 552,
        "netIncomeAfterTaxes": 920.7,
        "nonRecurringItems": 0,
        "period": "2023-09-30",
        "pretaxIncome": 1117.3,
        "provisionforIncomeTaxes": 196.6,
        "revenue": 2541.3,
        "sgaExpense": 1264.3,
        "totalOperatingExpense": 1264.3
      },
      {
        "dilutedAverageSharesOutstanding": 758.5,
        "dilutedEPS": 0.79,
        "ebit": 1447.5,
        "interestExpense": 108.096,
        "interestIncomeExpense": -27.6,
        "minorityInterest": -602.4,
        "netIncome": 601.3,
        "netIncomeAfterTaxes": 1203.7,
        "nonRecurringItems": 7.1,
        "period": "2023-06-30",
        "pretaxIncome": 1427,
        "provisionforIncomeTaxes": 223.3,
        "revenue": 2814.7,
        "sgaExpense": 1367.2,
        "totalOperatingExpense": 1367.2
      },
      {
        "dilutedAverageSharesOutstanding": 746.6,
        "dilutedEPS": 0.11,
        "ebit": 296.9,
        "interestExpense": 104.441,
        "interestIncomeExpense": -33.3,
        "minorityInterest": -124.9,
        "netIncome": 85.8,
        "netIncomeAfterTaxes": 210.7,
        "nonRecurringItems": -5.2,
        "period": "2023-03-31",
        "pretaxIncome": 258.4,
        "provisionforIncomeTaxes": 47.7,
        "revenue": 1381.8,
        "sgaExpense": 1084.9,
        "totalOperatingExpense": 1085
      },
      {
        "dilutedAverageSharesOutstanding": 743,
        "dilutedEPS": 0.75,
        "ebit": 733.9,
        "interestExpense": 100.329,
        "interestIncomeExpense": -153.2,
        "minorityInterest": -185.5,
        "netIncome": 557.9,
        "netIncomeAfterTaxes": 743.3,
        "nonRecurringItems": 21.5,
        "period": "2022-12-31",
        "pretaxIncome": 602.2,
        "provisionforIncomeTaxes": -141.1,
        "revenue": 1704.1,
        "sgaExpense": 970.2,
        "totalOperatingExpense": 970.2
      },
      {
        "dilutedAverageSharesOutstanding": 742.5,
        "dilutedEPS": 0,
        "ebit": 177.3,
        "interestExpense": 80.507,
        "interestIncomeExpense": -79.3,
        "minorityInterest": -1.4,
        "netIncome": 2.3,
        "netIncomeAfterTaxes": 3.7,
        "nonRecurringItems": 0,
        "period": "2022-09-30",
        "pretaxIncome": 97.9,
        "provisionforIncomeTaxes": 94.2,
        "revenue": 1058.1,
        "sgaExpense": 880.9,
        "totalOperatingExpense": 880.9
      },
      {
        "dilutedAverageSharesOutstanding": 707.4,
        "dilutedEPS": -0.04,
        "ebit": -45.3,
        "interestExpense": 69.642,
        "interestIncomeExpense": -173.9,
        "minorityInterest": 226.4,
        "netIncome": -29.4,
        "netIncomeAfterTaxes": -255.7,
        "nonRecurringItems": 0,
        "period": "2022-06-30",
        "pretaxIncome": -219.2,
        "provisionforIncomeTaxes": 36.5,
        "revenue": 629.2,
        "sgaExpense": 674.5,
        "totalOperatingExpense": 674.5
      },
      {
        "dilutedAverageSharesOutstanding": 735,
        "dilutedEPS": 1.66,
        "ebit": 2995.9,
        "interestExpense": 66.747,
        "interestIncomeExpense": -15.8,
        "minorityInterest": -1280.7,
        "netIncome": 1216.9,
        "netIncomeAfterTaxes": 2497.6,
        "nonRecurringItems": 0.8,
        "period": "2022-03-31",
        "pretaxIncome": 2980.9,
        "provisionforIncomeTaxes": 483.3,
        "revenue": 5126.3,
        "sgaExpense": 2130.3,
        "totalOperatingExpense": 2130.4
      },
      {
        "dilutedAverageSharesOutstanding": 726.7,
        "dilutedEPS": 1.92,
        "ebit": 3320.8,
        "interestExpense": 56.55,
        "interestIncomeExpense": 25.2,
        "minorityInterest": -1541.9,
        "netIncome": 1398.5,
        "netIncomeAfterTaxes": 2940.4,
        "nonRecurringItems": 32,
        "period": "2021-12-31",
        "pretaxIncome": 3378.1,
        "provisionforIncomeTaxes": 437.7,
        "revenue": 5762.7,
        "sgaExpense": 2441.9,
        "totalOperatingExpense": 2441.8
      },
      {
        "dilutedAverageSharesOutstanding": 722.4,
        "dilutedEPS": 1.94,
        "ebit": 3622.3,
        "interestExpense": 52.413,
        "interestIncomeExpense": 79.9,
        "minorityInterest": -1804.1,
        "netIncome": 1401.9,
        "netIncomeAfterTaxes": 3206,
        "nonRecurringItems": -37.3,
        "period": "2021-09-30",
        "pretaxIncome": 3664.9,
        "provisionforIncomeTaxes": 458.9,
        "revenue": 6224.3,
        "sgaExpense": 2601.9,
        "totalOperatingExpense": 2602
      },
      {
        "dilutedAverageSharesOutstanding": 721.3,
        "dilutedEPS": 1.82,
        "ebit": 3063.3,
        "interestExpense": 44.322,
        "interestIncomeExpense": 82.8,
        "minorityInterest": -1548.3,
        "netIncome": 1309.2,
        "netIncomeAfterTaxes": 2857.5,
        "nonRecurringItems": -0.4,
        "period": "2021-06-30",
        "pretaxIncome": 3145.7,
        "provisionforIncomeTaxes": 288.3,
        "revenue": 5291.4,
        "sgaExpense": 2228,
        "totalOperatingExpense": 2228
      },
      {
        "dilutedAverageSharesOutstanding": 709.9,
        "dilutedEPS": 2.46,
        "ebit": 3292.4,
        "interestExpense": 44.983,
        "interestIncomeExpense": 75.4,
        "minorityInterest": -1623.3,
        "netIncome": 1747.9,
        "netIncomeAfterTaxes": 3371.1,
        "nonRecurringItems": 2.9,
        "period": "2021-03-31",
        "pretaxIncome": 3370.7,
        "provisionforIncomeTaxes": -0.4,
        "revenue": 5298.9,
        "sgaExpense": 2006.5,
        "totalOperatingExpense": 2006.4
      },
      {
        "dilutedAverageSharesOutstanding": 703,
        "dilutedEPS": 1.07,
        "ebit": 2062.5,
        "interestExpense": 45.702,
        "interestIncomeExpense": 45.2,
        "minorityInterest": -1065.3,
        "netIncome": 748.9,
        "netIncomeAfterTaxes": 1814.2,
        "nonRecurringItems": -27.2,
        "period": "2020-12-31",
        "pretaxIncome": 2080.5,
        "provisionforIncomeTaxes": 266.3,
        "revenue": 3628.9,
        "sgaExpense": 1566.4,
        "totalOperatingExpense": 1566.4
      },
      {
        "dilutedAverageSharesOutstanding": 700.5,
        "dilutedEPS": 1.13,
        "ebit": 1739.6,
        "interestExpense": 39.54,
        "interestIncomeExpense": 69.3,
        "minorityInterest": -905.4,
        "netIncome": 794.7,
        "netIncomeAfterTaxes": 1700.2,
        "nonRecurringItems": -7.7,
        "period": "2020-09-30",
        "pretaxIncome": 1801.1,
        "provisionforIncomeTaxes": 101,
        "revenue": 3032.9,
        "sgaExpense": 1293.3,
        "totalOperatingExpense": 1293.3
      },
      {
        "dilutedAverageSharesOutstanding": 1204.4,
        "dilutedEPS": 0.47,
        "ebit": 1382.7,
        "interestExpense": 39.276,
        "interestIncomeExpense": 119,
        "minorityInterest": -786.1,
        "netIncome": 568.3,
        "netIncomeAfterTaxes": 1354.3,
        "nonRecurringItems": 0.1,
        "period": "2020-06-30",
        "pretaxIncome": 1501.8,
        "provisionforIncomeTaxes": 147.4,
        "revenue": 2516.1,
        "sgaExpense": 1133.4,
        "totalOperatingExpense": 1133.4
      },
      {
        "dilutedAverageSharesOutstanding": 676.3,
        "dilutedEPS": -1.58,
        "ebit": -2396.3,
        "interestExpense": 41.644,
        "interestIncomeExpense": -369,
        "minorityInterest": 1540.7,
        "netIncome": -1066.5,
        "netIncomeAfterTaxes": -2607.2,
        "nonRecurringItems": -0.6,
        "period": "2020-03-31",
        "pretaxIncome": -2765.9,
        "provisionforIncomeTaxes": -158.7,
        "revenue": -3076,
        "sgaExpense": -679.7,
        "totalOperatingExpense": -679.7
      },
      {
        "dilutedAverageSharesOutstanding": 679.7,
        "dilutedEPS": 0.71,
        "ebit": 1038.1,
        "interestExpense": 60.688,
        "interestIncomeExpense": -17.8,
        "minorityInterest": -495.2,
        "netIncome": 483.1,
        "netIncomeAfterTaxes": 978.4,
        "nonRecurringItems": -13,
        "period": "2019-12-31",
        "pretaxIncome": 1007.3,
        "provisionforIncomeTaxes": 28.9,
        "revenue": 2091.5,
        "sgaExpense": 1053.3,
        "totalOperatingExpense": 1053.4
      },
      {
        "dilutedAverageSharesOutstanding": 676.2,
        "dilutedEPS": 1.15,
        "ebit": 841.3,
        "interestExpense": 53.362,
        "interestIncomeExpense": -4.9,
        "minorityInterest": -388.3,
        "netIncome": 779.4,
        "netIncomeAfterTaxes": 1167.7,
        "nonRecurringItems": 174.6,
        "period": "2019-09-30",
        "pretaxIncome": 1010.9,
        "provisionforIncomeTaxes": -156.8,
        "revenue": 1735.1,
        "sgaExpense": 893.9,
        "totalOperatingExpense": 893.8
      },
      {
        "dilutedAverageSharesOutstanding": 674,
        "dilutedEPS": 0.45,
        "ebit": 668.2,
        "interestExpense": 43.596,
        "interestIncomeExpense": 17.5,
        "minorityInterest": -341.2,
        "netIncome": 305.8,
        "netIncomeAfterTaxes": 647,
        "period": "2019-06-30",
        "pretaxIncome": 685.7,
        "provisionforIncomeTaxes": 38.7,
        "revenue": 1486.8,
        "sgaExpense": 818.6,
        "totalOperatingExpense": 818.6
      },
      {
        "dilutedAverageSharesOutstanding": 1200.5,
        "dilutedEPS": 0.4,
        "ebit": 1025.7,
        "interestExpense": 42.002,
        "interestIncomeExpense": 88.3,
        "minorityInterest": -591.6,
        "netIncome": 481.3,
        "netIncomeAfterTaxes": 1072.9,
        "period": "2019-03-31",
        "pretaxIncome": 1114,
        "provisionforIncomeTaxes": 41.2,
        "revenue": 2024.9,
        "sgaExpense": 999.2,
        "totalOperatingExpense": 999.2
      },
      {
        "dilutedAverageSharesOutstanding": 676.6,
        "dilutedEPS": -0.02,
        "ebit": 54.5,
        "interestExpense": 44.644,
        "interestIncomeExpense": -103.8,
        "minorityInterest": 67.9,
        "netIncome": -10.9,
        "netIncomeAfterTaxes": -78.7,
        "nonRecurringItems": 0,
        "period": "2018-12-31",
        "pretaxIncome": -49.4,
        "provisionforIncomeTaxes": 29.4,
        "revenue": 505,
        "sgaExpense": 450.5,
        "totalOperatingExpense": 450.5
      },
      {
        "dilutedAverageSharesOutstanding": 1205.9,
        "dilutedEPS": 0.36,
        "ebit": 950.3,
        "interestExpense": 41.355,
        "interestIncomeExpense": 25.4,
        "minorityInterest": -506.2,
        "netIncome": 442.7,
        "netIncomeAfterTaxes": 949,
        "period": "2018-09-30",
        "pretaxIncome": 975.8,
        "provisionforIncomeTaxes": 26.8,
        "revenue": 1926.6,
        "sgaExpense": 976.3,
        "totalOperatingExpense": 976.2
      },
      {
        "dilutedAverageSharesOutstanding": 682,
        "dilutedEPS": 1.09,
        "ebit": 1655.5,
        "interestExpense": 39.32,
        "interestIncomeExpense": 34.2,
        "minorityInterest": -808.9,
        "netIncome": 742,
        "netIncomeAfterTaxes": 1551,
        "period": "2018-06-30",
        "pretaxIncome": 1689.7,
        "provisionforIncomeTaxes": 138.7,
        "revenue": 2632.6,
        "sgaExpense": 977.1,
        "totalOperatingExpense": 977.1
      },
      {
        "dilutedAverageSharesOutstanding": 1210.6,
        "dilutedEPS": 0.3,
        "ebit": 824.9,
        "interestExpense": 38.671,
        "interestIncomeExpense": 71.9,
        "minorityInterest": -474.4,
        "netIncome": 367.9,
        "netIncomeAfterTaxes": 842.3,
        "period": "2018-03-31",
        "pretaxIncome": 896.8,
        "provisionforIncomeTaxes": 54.5,
        "revenue": 1769.1,
        "sgaExpense": 944.3,
        "totalOperatingExpense": 944.2
      },
      {
        "dilutedAverageSharesOutstanding": 669.5,
        "dilutedEPS": 0.45,
        "ebit": 988.9,
        "interestExpense": 74.606,
        "interestIncomeExpense": 7.4,
        "minorityInterest": -499.4,
        "netIncome": 304.1,
        "netIncomeAfterTaxes": 1143.8,
        "nonRecurringItems": 403.9,
        "period": "2017-12-31",
        "pretaxIncome": 1400.1,
        "provisionforIncomeTaxes": 256.3,
        "revenue": 1959.2,
        "sgaExpense": 970.3,
        "totalOperatingExpense": 970.3
      },
      {
        "dilutedAverageSharesOutstanding": 1200.5,
        "dilutedEPS": 0.31,
        "ebit": 872.3,
        "interestExpense": 41.545,
        "interestIncomeExpense": 21.9,
        "minorityInterest": -456.9,
        "netIncome": 377.9,
        "netIncomeAfterTaxes": 834.8,
        "period": "2017-09-30",
        "pretaxIncome": 894.3,
        "provisionforIncomeTaxes": 59.5,
        "revenue": 1735.4,
        "sgaExpense": 863,
        "totalOperatingExpense": 863
      },
      {
        "dilutedAverageSharesOutstanding": 1200,
        "dilutedEPS": 0.28,
        "ebit": 695.6,
        "interestExpense": 41.089,
        "interestIncomeExpense": 69,
        "minorityInterest": -397.6,
        "netIncome": 337.4,
        "netIncomeAfterTaxes": 735,
        "period": "2017-06-30",
        "pretaxIncome": 764.6,
        "provisionforIncomeTaxes": 29.6,
        "revenue": 1535.7,
        "sgaExpense": 840.1,
        "totalOperatingExpense": 840.1
      },
      {
        "dilutedAverageSharesOutstanding": 1199.5,
        "dilutedEPS": 0.37,
        "ebit": 1033.1,
        "interestExpense": 40.246,
        "interestIncomeExpense": 25.9,
        "minorityInterest": -549.7,
        "netIncome": 451.9,
        "netIncomeAfterTaxes": 1001.6,
        "period": "2017-03-31",
        "pretaxIncome": 1059.1,
        "provisionforIncomeTaxes": 57.4,
        "revenue": 1914.7,
        "sgaExpense": 881.5,
        "totalOperatingExpense": 881.6
      },
      {
        "costOfGoodsSold": 313.8,
        "dilutedAverageSharesOutstanding": 1195.9,
        "dilutedEPS": 0.3,
        "ebit": 786,
        "grossIncome": 1255.6,
        "interestExpense": 41.142,
        "interestIncomeExpense": 32.4,
        "minorityInterest": -402.4,
        "netIncome": 368,
        "netIncomeAfterTaxes": 770.3,
        "nonRecurringItems": 0,
        "period": "2016-12-31",
        "pretaxIncome": 818.4,
        "provisionforIncomeTaxes": 48.1,
        "revenue": 1569.4,
        "sgaExpense": 469.5,
        "totalOperatingExpense": 469.6
      },
      {
        "costOfGoodsSold": 267.4,
        "dilutedAverageSharesOutstanding": 1195.8,
        "dilutedEPS": 0.26,
        "ebit": 695.2,
        "grossIncome": 1164.3,
        "interestExpense": 37.278,
        "interestIncomeExpense": 24.1,
        "minorityInterest": -378.7,
        "netIncome": 312.9,
        "netIncomeAfterTaxes": 691.6,
        "period": "2016-09-30",
        "pretaxIncome": 719.3,
        "provisionforIncomeTaxes": 27.7,
        "revenue": 1431.7,
        "sgaExpense": 469.1,
        "totalOperatingExpense": 469.1
      },
      {
        "costOfGoodsSold": 180.7,
        "dilutedAverageSharesOutstanding": 1194.5,
        "dilutedEPS": 0.16,
        "ebit": 516.7,
        "grossIncome": 1011.7,
        "interestExpense": 36.878,
        "interestIncomeExpense": -6.2,
        "minorityInterest": -264.5,
        "netIncome": 198.6,
        "netIncomeAfterTaxes": 463.1,
        "period": "2016-06-30",
        "pretaxIncome": 510.5,
        "provisionforIncomeTaxes": 47.4,
        "revenue": 1192.4,
        "sgaExpense": 495,
        "totalOperatingExpense": 495
      },
      {
        "costOfGoodsSold": 106.1,
        "dilutedAverageSharesOutstanding": 1194.3,
        "dilutedEPS": 0.13,
        "ebit": 352,
        "grossIncome": 826.3,
        "interestExpense": 37.356,
        "interestIncomeExpense": -18.3,
        "minorityInterest": -164.9,
        "netIncome": 159.8,
        "netIncomeAfterTaxes": 324.6,
        "period": "2016-03-31",
        "pretaxIncome": 333.8,
        "provisionforIncomeTaxes": 9.1,
        "revenue": 932.4,
        "sgaExpense": 474.3,
        "totalOperatingExpense": 474.2
      },
      {
        "costOfGoodsSold": 202.5,
        "dilutedAverageSharesOutstanding": 2846,
        "dilutedEPS": 0.07,
        "ebit": 379.4,
        "grossIncome": 694.9,
        "interestExpense": 38.878,
        "interestIncomeExpense": -21.2,
        "minorityInterest": -193.8,
        "netIncome": 200.9,
        "netIncomeAfterTaxes": 394.7,
        "nonRecurringItems": 82.7,
        "otherOperatingExpensesTotal": -126.8,
        "period": "2015-12-31",
        "pretaxIncome": 440.9,
        "provisionforIncomeTaxes": 46.2,
        "revenue": 897.4,
        "sgaExpense": 442.2,
        "totalOperatingExpense": 315.5
      },
      {
        "costOfGoodsSold": 112.9,
        "dilutedAverageSharesOutstanding": 638.8,
        "dilutedEPS": -0.4,
        "ebit": -428.5,
        "grossIncome": -101.3,
        "interestExpense": 36.86,
        "interestIncomeExpense": -53.8,
        "minorityInterest": 229.2,
        "netIncome": -254.7,
        "netIncomeAfterTaxes": -483.9,
        "otherOperatingExpensesTotal": -243.3,
        "period": "2015-09-30",
        "pretaxIncome": -482.3,
        "provisionforIncomeTaxes": 1.6,
        "revenue": 11.6,
        "sgaExpense": 570.6,
        "totalOperatingExpense": 327.2
      }
    ],
    "symbol": "BX"
  }
}