{
  "symbol": "FI",
  "statement": "ic",
  "frequency": "quarterly",
  "timestamp": "2025-09-19T14:00:34.854312",
  "data": {
    "financials": [
      {
        "costOfGoodsSold": 2106,
        "dilutedAverageSharesOutstanding": 552.7,
        "dilutedEPS": 1.86,
        "ebit": 1699,
        "equityEarningsAffiliates": -16,
        "grossIncome": 3410,
        "interestExpense": 376,
        "interestIncomeExpense": -365,
        "minorityInterest": -4,
        "netIncome": 1026,
        "netIncomeAfterTaxes": 1046,
        "nonRecurringItems": -3,
        "period": "2025-06-30",
        "pretaxIncome": 1292,
        "provisionforIncomeTaxes": 246,
        "revenue": 5516,
        "sgaExpense": 1711,
        "totalOperatingExpense": 1711,
        "totalOtherIncomeExpenseNet": -39
      },
      {
        "costOfGoodsSold": 2073,
        "dilutedAverageSharesOutstanding": 564.7,
        "dilutedEPS": 1.51,
        "ebit": 1375,
        "equityEarningsAffiliates": -8,
        "grossIncome": 3057,
        "interestExpense": 339,
        "interestIncomeExpense": -349,
        "minorityInterest": 3,
        "netIncome": 851,
        "netIncomeAfterTaxes": 856,
        "nonRecurringItems": 20,
        "period": "2025-03-31",
        "pretaxIncome": 1046,
        "provisionforIncomeTaxes": 190,
        "revenue": 5130,
        "sgaExpense": 1682,
        "totalOperatingExpense": 1682
      },
      {
        "costOfGoodsSold": 2019,
        "dilutedAverageSharesOutstanding": 571.3,
        "dilutedEPS": 1.64,
        "ebit": 1668,
        "equityEarningsAffiliates": -43,
        "grossIncome": 3232,
        "interestExpense": 334,
        "interestIncomeExpense": -317,
        "minorityInterest": -10,
        "netIncome": 938,
        "netIncomeAfterTaxes": 991,
        "nonRecurringItems": -147,
        "period": "2024-12-31",
        "pretaxIncome": 1184,
        "provisionforIncomeTaxes": 193,
        "revenue": 5251,
        "sgaExpense": 1564,
        "totalOperatingExpense": 1564,
        "totalOtherIncomeExpenseNet": -20
      },
      {
        "costOfGoodsSold": 2007,
        "dilutedAverageSharesOutstanding": 576.9,
        "dilutedEPS": 0.98,
        "ebit": 1602,
        "equityEarningsAffiliates": -626,
        "grossIncome": 3208,
        "interestExpense": 339,
        "interestIncomeExpense": -348,
        "minorityInterest": -7,
        "netIncome": 564,
        "netIncomeAfterTaxes": 1197,
        "nonRecurringItems": 0,
        "period": "2024-09-30",
        "pretaxIncome": 1271,
        "provisionforIncomeTaxes": 74,
        "revenue": 5215,
        "sgaExpense": 1606,
        "totalOperatingExpense": 1606,
        "totalOtherIncomeExpenseNet": 17
      },
      {
        "costOfGoodsSold": 1982,
        "dilutedAverageSharesOutstanding": 585.4,
        "dilutedEPS": 1.53,
        "ebit": 1428,
        "equityEarningsAffiliates": -8,
        "grossIncome": 3125,
        "interestExpense": 294,
        "interestIncomeExpense": -303,
        "minorityInterest": -15,
        "netIncome": 894,
        "netIncomeAfterTaxes": 917,
        "nonRecurringItems": 0,
        "period": "2024-06-30",
        "pretaxIncome": 1138,
        "provisionforIncomeTaxes": 221,
        "revenue": 5107,
        "sgaExpense": 1697,
        "totalOperatingExpense": 1697,
        "totalOtherIncomeExpenseNet": 13
      },
      {
        "costOfGoodsSold": 2005,
        "dilutedAverageSharesOutstanding": 594.8,
        "dilutedEPS": 1.24,
        "ebit": 1193,
        "equityEarningsAffiliates": -8,
        "grossIncome": 2878,
        "interestExpense": 271,
        "interestIncomeExpense": -296,
        "minorityInterest": -17,
        "netIncome": 735,
        "netIncomeAfterTaxes": 760,
        "nonRecurringItems": -12,
        "period": "2024-03-31",
        "pretaxIncome": 913,
        "provisionforIncomeTaxes": 153,
        "revenue": 4883,
        "sgaExpense": 1685,
        "totalOperatingExpense": 1685,
        "totalOtherIncomeExpenseNet": 28
      },
      {
        "costOfGoodsSold": 1842,
        "dilutedAverageSharesOutstanding": 602.7,
        "dilutedEPS": 1.44,
        "ebit": 1451,
        "equityEarningsAffiliates": -4,
        "grossIncome": 3075,
        "interestExpense": 289,
        "interestIncomeExpense": -310,
        "minorityInterest": -19,
        "netIncome": 870,
        "netIncomeAfterTaxes": 893,
        "nonRecurringItems": -5,
        "period": "2023-12-31",
        "pretaxIncome": 1103,
        "provisionforIncomeTaxes": 210,
        "revenue": 4917,
        "sgaExpense": 1624,
        "totalOperatingExpense": 1624,
        "totalOtherIncomeExpenseNet": -33
      },
      {
        "costOfGoodsSold": 1894,
        "dilutedAverageSharesOutstanding": 610.3,
        "dilutedEPS": 1.56,
        "ebit": 1327,
        "equityEarningsAffiliates": -2,
        "grossIncome": 2979,
        "interestExpense": 268,
        "interestIncomeExpense": -296,
        "minorityInterest": -17,
        "netIncome": 952,
        "netIncomeAfterTaxes": 971,
        "nonRecurringItems": 176,
        "period": "2023-09-30",
        "pretaxIncome": 1210,
        "provisionforIncomeTaxes": 239,
        "revenue": 4873,
        "sgaExpense": 1652,
        "totalOperatingExpense": 1652,
        "totalOtherIncomeExpenseNet": 3
      },
      {
        "costOfGoodsSold": 1929,
        "dilutedAverageSharesOutstanding": 619.2,
        "dilutedEPS": 1.1,
        "ebit": 1131,
        "equityEarningsAffiliates": 3,
        "grossIncome": 2827,
        "interestExpense": 237,
        "interestIncomeExpense": -264,
        "minorityInterest": -12,
        "netIncome": 683,
        "netIncomeAfterTaxes": 692,
        "nonRecurringItems": 0,
        "period": "2023-06-30",
        "pretaxIncome": 873,
        "provisionforIncomeTaxes": 181,
        "revenue": 4756,
        "sgaExpense": 1696,
        "totalOperatingExpense": 1696,
        "totalOtherIncomeExpenseNet": 6
      },
      {
        "costOfGoodsSold": 2005,
        "dilutedAverageSharesOutstanding": 631.3,
        "dilutedEPS": 0.89,
        "ebit": 938,
        "equityEarningsAffiliates": -12,
        "grossIncome": 2542,
        "interestExpense": 210,
        "interestIncomeExpense": -220,
        "minorityInterest": -13,
        "netIncome": 563,
        "netIncomeAfterTaxes": 588,
        "nonRecurringItems": -4,
        "period": "2023-03-31",
        "pretaxIncome": 712,
        "provisionforIncomeTaxes": 124,
        "revenue": 4547,
        "sgaExpense": 1604,
        "totalOperatingExpense": 1604,
        "totalOtherIncomeExpenseNet": -2
      },
      {
        "costOfGoodsSold": 1980,
        "dilutedAverageSharesOutstanding": 638.6,
        "dilutedEPS": 1.22,
        "ebit": 1166,
        "equityEarningsAffiliates": -2,
        "grossIncome": 2651,
        "interestExpense": 204,
        "interestIncomeExpense": -226,
        "minorityInterest": -16,
        "netIncome": 782,
        "netIncomeAfterTaxes": 800,
        "nonRecurringItems": 13,
        "period": "2022-12-31",
        "pretaxIncome": 969,
        "provisionforIncomeTaxes": 169,
        "revenue": 4631,
        "sgaExpense": 1485,
        "totalOperatingExpense": 1485,
        "totalOtherIncomeExpenseNet": 16
      },
      {
        "costOfGoodsSold": 1996,
        "dilutedAverageSharesOutstanding": 645,
        "dilutedEPS": 0.75,
        "ebit": 975,
        "equityEarningsAffiliates": -12,
        "grossIncome": 2522,
        "interestExpense": 193,
        "interestIncomeExpense": -207,
        "minorityInterest": -12,
        "netIncome": 481,
        "netIncomeAfterTaxes": 505,
        "nonRecurringItems": -120,
        "period": "2022-09-30",
        "pretaxIncome": 652,
        "provisionforIncomeTaxes": 147,
        "revenue": 4518,
        "sgaExpense": 1547,
        "totalOperatingExpense": 1547,
        "totalOtherIncomeExpenseNet": 4
      },
      {
        "costOfGoodsSold": 2044,
        "dilutedAverageSharesOutstanding": 650.8,
        "dilutedEPS": 0.92,
        "ebit": 860,
        "equityEarningsAffiliates": 128,
        "grossIncome": 2406,
        "interestExpense": 178,
        "interestIncomeExpense": -185,
        "minorityInterest": -11,
        "netIncome": 598,
        "netIncomeAfterTaxes": 481,
        "nonRecurringItems": 0,
        "period": "2022-06-30",
        "pretaxIncome": 618,
        "provisionforIncomeTaxes": 137,
        "revenue": 4450,
        "sgaExpense": 1546,
        "totalOperatingExpense": 1546,
        "totalOtherIncomeExpenseNet": -57
      },
      {
        "costOfGoodsSold": 1972,
        "dilutedAverageSharesOutstanding": 657.2,
        "dilutedEPS": 1.02,
        "ebit": 699,
        "equityEarningsAffiliates": 106,
        "grossIncome": 2166,
        "interestExpense": 171,
        "interestIncomeExpense": -177,
        "minorityInterest": -13,
        "netIncome": 669,
        "netIncomeAfterTaxes": 576,
        "nonRecurringItems": 147,
        "period": "2022-03-31",
        "pretaxIncome": 674,
        "provisionforIncomeTaxes": 98,
        "revenue": 4138,
        "sgaExpense": 1467,
        "totalOperatingExpense": 1467,
        "totalOtherIncomeExpenseNet": 5
      },
      {
        "costOfGoodsSold": 2203,
        "dilutedAverageSharesOutstanding": 664.1,
        "dilutedEPS": 0.5,
        "ebit": 542,
        "equityEarningsAffiliates": 20,
        "grossIncome": 2054,
        "interestExpense": 170,
        "interestIncomeExpense": -135,
        "minorityInterest": -22,
        "netIncome": 333,
        "netIncomeAfterTaxes": 335,
        "nonRecurringItems": -9,
        "period": "2021-12-31",
        "pretaxIncome": 398,
        "provisionforIncomeTaxes": 63,
        "revenue": 4257,
        "sgaExpense": 1512,
        "totalOperatingExpense": 1512
      },
      {
        "costOfGoodsSold": 2051,
        "dilutedAverageSharesOutstanding": 669.7,
        "dilutedEPS": 0.64,
        "ebit": 637,
        "equityEarningsAffiliates": 22,
        "grossIncome": 2112,
        "interestExpense": 173,
        "interestIncomeExpense": -172,
        "minorityInterest": -18,
        "netIncome": 428,
        "netIncomeAfterTaxes": 424,
        "nonRecurringItems": -1,
        "period": "2021-09-30",
        "pretaxIncome": 478,
        "provisionforIncomeTaxes": 54,
        "revenue": 4163,
        "sgaExpense": 1475,
        "totalOperatingExpense": 1475,
        "totalOtherIncomeExpenseNet": 14
      },
      {
        "costOfGoodsSold": 1967,
        "dilutedAverageSharesOutstanding": 672.7,
        "dilutedEPS": 0.4,
        "ebit": 644,
        "equityEarningsAffiliates": 42,
        "grossIncome": 2084,
        "interestExpense": 176,
        "interestIncomeExpense": -175,
        "minorityInterest": -15,
        "netIncome": 269,
        "netIncomeAfterTaxes": 242,
        "nonRecurringItems": 0,
        "period": "2021-06-30",
        "pretaxIncome": 470,
        "provisionforIncomeTaxes": 228,
        "revenue": 4051,
        "sgaExpense": 1440,
        "totalOperatingExpense": 1440,
        "totalOtherIncomeExpenseNet": 1
      },
      {
        "costOfGoodsSold": 1907,
        "dilutedAverageSharesOutstanding": 679.9,
        "dilutedEPS": 0.45,
        "ebit": 481,
        "equityEarningsAffiliates": 16,
        "grossIncome": 1848,
        "interestExpense": 177,
        "interestIncomeExpense": -176,
        "minorityInterest": -14,
        "netIncome": 304,
        "netIncomeAfterTaxes": 302,
        "nonRecurringItems": -6,
        "period": "2021-03-31",
        "pretaxIncome": 320,
        "provisionforIncomeTaxes": 18,
        "revenue": 3755,
        "sgaExpense": 1367,
        "totalOperatingExpense": 1367,
        "totalOtherIncomeExpenseNet": 21
      },
      {
        "costOfGoodsSold": 1857,
        "dilutedAverageSharesOutstanding": 681.3,
        "dilutedEPS": 0.44,
        "ebit": 596,
        "equityEarningsAffiliates": -3,
        "grossIncome": 1975,
        "interestExpense": 175,
        "interestIncomeExpense": -180,
        "minorityInterest": -13,
        "netIncome": 300,
        "netIncomeAfterTaxes": 316,
        "nonRecurringItems": -80,
        "period": "2020-12-31",
        "pretaxIncome": 336,
        "provisionforIncomeTaxes": 20,
        "revenue": 3832,
        "sgaExpense": 1379,
        "totalOperatingExpense": 1379
      },
      {
        "costOfGoodsSold": 1868,
        "dilutedAverageSharesOutstanding": 680.3,
        "dilutedEPS": 0.39,
        "ebit": 510,
        "equityEarningsAffiliates": 19,
        "grossIncome": 1918,
        "interestExpense": 176,
        "interestIncomeExpense": -161,
        "minorityInterest": -12,
        "netIncome": 264,
        "netIncomeAfterTaxes": 257,
        "nonRecurringItems": 32,
        "period": "2020-09-30",
        "pretaxIncome": 381,
        "provisionforIncomeTaxes": 124,
        "revenue": 3786,
        "sgaExpense": 1408,
        "totalOperatingExpense": 1408
      },
      {
        "costOfGoodsSold": 1920,
        "dilutedAverageSharesOutstanding": 680.8,
        "dilutedEPS": 0,
        "ebit": 208,
        "equityEarningsAffiliates": -10,
        "grossIncome": 1545,
        "interestExpense": 176,
        "interestIncomeExpense": -173,
        "minorityInterest": -7,
        "netIncome": 2,
        "netIncomeAfterTaxes": 19,
        "nonRecurringItems": -43,
        "period": "2020-06-30",
        "pretaxIncome": -8,
        "provisionforIncomeTaxes": -27,
        "revenue": 3465,
        "sgaExpense": 1337,
        "totalOperatingExpense": 1337
      },
      {
        "costOfGoodsSold": 2167,
        "dilutedAverageSharesOutstanding": 691.2,
        "dilutedEPS": 0.57,
        "ebit": 198,
        "equityEarningsAffiliates": -6,
        "grossIncome": 1602,
        "interestExpense": 189,
        "interestIncomeExpense": -167,
        "minorityInterest": 15,
        "netIncome": 392,
        "netIncomeAfterTaxes": 383,
        "nonRecurringItems": 431,
        "period": "2020-03-31",
        "pretaxIncome": 462,
        "provisionforIncomeTaxes": 79,
        "revenue": 3769,
        "sgaExpense": 1404,
        "totalOperatingExpense": 1404
      },
      {
        "costOfGoodsSold": 2061,
        "dilutedAverageSharesOutstanding": 694.8,
        "dilutedEPS": 0.36,
        "ebit": 521,
        "equityEarningsAffiliates": 17,
        "grossIncome": 1984,
        "interestExpense": 198,
        "interestIncomeExpense": -200,
        "minorityInterest": 6,
        "netIncome": 247,
        "netIncomeAfterTaxes": 224,
        "nonRecurringItems": -43,
        "period": "2019-12-31",
        "pretaxIncome": 278,
        "provisionforIncomeTaxes": 54,
        "revenue": 4045,
        "sgaExpense": 1463,
        "totalOperatingExpense": 1463
      },
      {
        "costOfGoodsSold": 1617,
        "dilutedAverageSharesOutstanding": 596.9,
        "dilutedEPS": 0.33,
        "ebit": 374,
        "equityEarningsAffiliates": 22,
        "grossIncome": 1511,
        "interestExpense": 187,
        "interestIncomeExpense": -167,
        "minorityInterest": -27,
        "netIncome": 198,
        "netIncomeAfterTaxes": 203,
        "nonRecurringItems": 49,
        "period": "2019-09-30",
        "pretaxIncome": 256,
        "provisionforIncomeTaxes": 53,
        "revenue": 3128,
        "sgaExpense": 1137,
        "totalOperatingExpense": 1137
      },
      {
        "costOfGoodsSold": 785,
        "dilutedAverageSharesOutstanding": 399.6,
        "dilutedEPS": 0.56,
        "ebit": 384,
        "equityEarningsAffiliates": -8,
        "grossIncome": 727,
        "interestExpense": 64,
        "interestIncomeExpense": -56,
        "netIncome": 223,
        "netIncomeAfterTaxes": 231,
        "nonRecurringItems": -37,
        "period": "2019-06-30",
        "pretaxIncome": 291,
        "provisionforIncomeTaxes": 60,
        "revenue": 1512,
        "sgaExpense": 343,
        "totalOperatingExpense": 343
      },
      {
        "costOfGoodsSold": 798,
        "dilutedAverageSharesOutstanding": 399.1,
        "dilutedEPS": 0.56,
        "ebit": 363,
        "equityEarningsAffiliates": -2,
        "grossIncome": 704,
        "interestExpense": 59,
        "interestIncomeExpense": -56,
        "netIncome": 225,
        "netIncomeAfterTaxes": 227,
        "nonRecurringItems": -49,
        "period": "2019-03-31",
        "pretaxIncome": 258,
        "provisionforIncomeTaxes": 31,
        "revenue": 1502,
        "sgaExpense": 341,
        "totalOperatingExpense": 341
      },
      {
        "costOfGoodsSold": 822,
        "dilutedAverageSharesOutstanding": 405,
        "dilutedEPS": 0.71,
        "ebit": 431,
        "equityEarningsAffiliates": 2,
        "grossIncome": 729,
        "interestExpense": 56,
        "interestIncomeExpense": -53,
        "netIncome": 286,
        "netIncomeAfterTaxes": 284,
        "nonRecurringItems": -6,
        "period": "2018-12-31",
        "pretaxIncome": 372,
        "provisionforIncomeTaxes": 88,
        "revenue": 1551,
        "sgaExpense": 298,
        "totalOperatingExpense": 298
      },
      {
        "costOfGoodsSold": 749,
        "dilutedAverageSharesOutstanding": 412,
        "dilutedEPS": 0.55,
        "ebit": 358,
        "equityEarningsAffiliates": 1,
        "grossIncome": 663,
        "interestExpense": 47,
        "interestIncomeExpense": -44,
        "netIncome": 227,
        "netIncomeAfterTaxes": 245,
        "nonRecurringItems": -10,
        "period": "2018-09-30",
        "pretaxIncome": 304,
        "provisionforIncomeTaxes": 59,
        "revenue": 1412,
        "sgaExpense": 305,
        "totalOperatingExpense": 305
      },
      {
        "costOfGoodsSold": 739,
        "dilutedAverageSharesOutstanding": 416.4,
        "dilutedEPS": 0.6,
        "ebit": 361,
        "equityEarningsAffiliates": 7,
        "grossIncome": 681,
        "interestExpense": 45,
        "interestIncomeExpense": -42,
        "netIncome": 251,
        "netIncomeAfterTaxes": 244,
        "nonRecurringItems": -3,
        "period": "2018-06-30",
        "pretaxIncome": 316,
        "provisionforIncomeTaxes": 72,
        "revenue": 1420,
        "sgaExpense": 320,
        "totalOperatingExpense": 320
      },
      {
        "costOfGoodsSold": 759,
        "dilutedAverageSharesOutstanding": 421.6,
        "dilutedEPS": 1,
        "ebit": 376,
        "equityEarningsAffiliates": 0,
        "grossIncome": 681,
        "interestExpense": 45,
        "interestIncomeExpense": -45,
        "netIncome": 423,
        "netIncomeAfterTaxes": 423,
        "nonRecurringItems": 232,
        "period": "2018-03-31",
        "pretaxIncome": 563,
        "provisionforIncomeTaxes": 140,
        "revenue": 1440,
        "sgaExpense": 305,
        "totalOperatingExpense": 305
      },
      {
        "costOfGoodsSold": 778,
        "dilutedAverageSharesOutstanding": 424.6,
        "dilutedEPS": 1.28,
        "ebit": 425,
        "equityEarningsAffiliates": 1,
        "grossIncome": 738,
        "interestExpense": 45,
        "interestIncomeExpense": -45,
        "netIncome": 546,
        "netIncomeAfterTaxes": 256,
        "nonRecurringItems": 0,
        "period": "2017-12-31",
        "pretaxIncome": 380,
        "provisionforIncomeTaxes": 124,
        "revenue": 1516,
        "sgaExpense": 313,
        "totalOperatingExpense": 313
      },
      {
        "costOfGoodsSold": 746,
        "dilutedAverageSharesOutstanding": 429,
        "dilutedEPS": 0.54,
        "ebit": 370,
        "equityEarningsAffiliates": 5,
        "grossIncome": 654,
        "interestExpense": 45,
        "interestIncomeExpense": -45,
        "netIncome": 232,
        "netIncomeAfterTaxes": 227,
        "nonRecurringItems": 0,
        "period": "2017-09-30",
        "pretaxIncome": 325,
        "provisionforIncomeTaxes": 98,
        "revenue": 1400,
        "sgaExpense": 284,
        "totalOperatingExpense": 284
      },
      {
        "costOfGoodsSold": 748,
        "dilutedAverageSharesOutstanding": 432.6,
        "dilutedEPS": 0.51,
        "ebit": 362,
        "equityEarningsAffiliates": 0,
        "grossIncome": 638,
        "interestExpense": 44,
        "interestIncomeExpense": -42,
        "netIncome": 221,
        "netIncomeAfterTaxes": 221,
        "nonRecurringItems": 10,
        "period": "2017-06-30",
        "pretaxIncome": 330,
        "provisionforIncomeTaxes": 109,
        "revenue": 1386,
        "sgaExpense": 276,
        "totalOperatingExpense": 276
      },
      {
        "costOfGoodsSold": 752,
        "dilutedAverageSharesOutstanding": 438.4,
        "dilutedEPS": 0.56,
        "ebit": 365,
        "equityEarningsAffiliates": 26,
        "grossIncome": 642,
        "interestExpense": 42,
        "interestIncomeExpense": -42,
        "netIncome": 247,
        "netIncomeAfterTaxes": 221,
        "period": "2017-03-31",
        "pretaxIncome": 323,
        "provisionforIncomeTaxes": 102,
        "revenue": 1394,
        "sgaExpense": 277,
        "totalOperatingExpense": 277
      },
      {
        "costOfGoodsSold": 761,
        "dilutedAverageSharesOutstanding": 440,
        "dilutedEPS": 0.49,
        "ebit": 375,
        "equityEarningsAffiliates": 1,
        "grossIncome": 670,
        "interestExpense": 42,
        "interestIncomeExpense": -42,
        "netIncome": 215,
        "netIncomeAfterTaxes": 214,
        "nonRecurringItems": 0,
        "period": "2016-12-31",
        "pretaxIncome": 333,
        "provisionforIncomeTaxes": 119,
        "revenue": 1431,
        "sgaExpense": 295,
        "totalOperatingExpense": 295
      },
      {
        "costOfGoodsSold": 737,
        "dilutedAverageSharesOutstanding": 445.4,
        "dilutedEPS": 0.48,
        "ebit": 369,
        "equityEarningsAffiliates": 0,
        "grossIncome": 643,
        "interestExpense": 41,
        "interestIncomeExpense": -41,
        "netIncome": 214,
        "netIncomeAfterTaxes": 214,
        "nonRecurringItems": 0,
        "period": "2016-09-30",
        "pretaxIncome": 328,
        "provisionforIncomeTaxes": 114,
        "revenue": 1380,
        "sgaExpense": 274,
        "totalOperatingExpense": 274
      },
      {
        "costOfGoodsSold": 727,
        "dilutedAverageSharesOutstanding": 451.2,
        "dilutedEPS": 0.47,
        "ebit": 362,
        "equityEarningsAffiliates": 0,
        "grossIncome": 636,
        "interestExpense": 40,
        "interestIncomeExpense": -40,
        "netIncome": 212,
        "netIncomeAfterTaxes": 212,
        "nonRecurringItems": 0,
        "period": "2016-06-30",
        "pretaxIncome": 322,
        "provisionforIncomeTaxes": 110,
        "revenue": 1363,
        "sgaExpense": 274,
        "totalOperatingExpense": 274
      },
      {
        "costOfGoodsSold": 734,
        "dilutedAverageSharesOutstanding": 454.6,
        "dilutedEPS": 0.64,
        "ebit": 339,
        "equityEarningsAffiliates": 146,
        "grossIncome": 597,
        "interestExpense": 40,
        "interestIncomeExpense": -47,
        "netIncome": 289,
        "netIncomeAfterTaxes": 143,
        "period": "2016-03-31",
        "pretaxIncome": 292,
        "provisionforIncomeTaxes": 149,
        "revenue": 1331,
        "sgaExpense": 258,
        "totalOperatingExpense": 258
      },
      {
        "costOfGoodsSold": 763,
        "dilutedAverageSharesOutstanding": 463.4,
        "dilutedEPS": 0.41,
        "ebit": 329,
        "equityEarningsAffiliates": -3,
        "grossIncome": 605,
        "interestExpense": 38,
        "interestIncomeExpense": -39,
        "netIncome": 189,
        "netIncomeAfterTaxes": 192,
        "nonRecurringItems": 0,
        "period": "2015-12-31",
        "pretaxIncome": 290,
        "provisionforIncomeTaxes": 98,
        "revenue": 1368,
        "sgaExpense": 276,
        "totalOperatingExpense": 276
      },
      {
        "costOfGoodsSold": 713,
        "dilutedAverageSharesOutstanding": 474,
        "dilutedEPS": 0.46,
        "ebit": 342,
        "equityEarningsAffiliates": 34,
        "grossIncome": 600,
        "interestExpense": 41,
        "interestIncomeExpense": -41,
        "netIncome": 218,
        "netIncomeAfterTaxes": 184,
        "nonRecurringItems": 0,
        "period": "2015-09-30",
        "pretaxIncome": 301,
        "provisionforIncomeTaxes": 117,
        "revenue": 1313,
        "sgaExpense": 258,
        "totalOperatingExpense": 258
      }
    ],
    "symbol": "FI"
  }
}