{
  "symbol": "ABBV",
  "statement": "ic",
  "frequency": "quarterly",
  "timestamp": "2025-09-19T14:33:42.670282",
  "data": {
    "financials": [
      {
        "costOfGoodsSold": 4346,
        "dilutedAverageSharesOutstanding": 1771,
        "dilutedEPS": 0.524,
        "ebit": 5717,
        "grossIncome": 11077,
        "interestExpense": 740,
        "interestIncomeExpense": -701,
        "minorityInterest": -3,
        "netIncome": 928,
        "netIncomeAfterTaxes": 941,
        "nonRecurringItems": -823,
        "otherOperatingExpensesTotal": -24,
        "period": "2025-06-30",
        "pretaxIncome": 1554,
        "provisionforIncomeTaxes": 613,
        "researchDevelopment": 2131,
        "revenue": 15423,
        "sgaExpense": 3253,
        "totalOperatingExpense": 5360,
        "totalOtherIncomeExpenseNet": -2639
      },
      {
        "costOfGoodsSold": 4002,
        "dilutedAverageSharesOutstanding": 1772,
        "dilutedEPS": 0.72,
        "ebit": 3981,
        "grossIncome": 9341,
        "interestExpense": 700,
        "interestIncomeExpense": -631,
        "minorityInterest": -3,
        "netIncome": 1276,
        "netIncomeAfterTaxes": 1289,
        "nonRecurringItems": -248,
        "period": "2025-03-31",
        "pretaxIncome": 1661,
        "provisionforIncomeTaxes": 372,
        "researchDevelopment": 2067,
        "revenue": 13343,
        "sgaExpense": 3293,
        "totalOperatingExpense": 5360,
        "totalOtherIncomeExpenseNet": -1441
      },
      {
        "costOfGoodsSold": 4396,
        "dilutedAverageSharesOutstanding": 1769,
        "dilutedEPS": -0.02,
        "ebit": 4584,
        "grossIncome": 10706,
        "interestExpense": 702,
        "interestIncomeExpense": -629,
        "minorityInterest": 1,
        "netIncome": -32,
        "netIncomeAfterTaxes": -23,
        "nonRecurringItems": -6074,
        "otherOperatingExpensesTotal": -7,
        "period": "2024-12-31",
        "pretaxIncome": -2269,
        "provisionforIncomeTaxes": -2246,
        "researchDevelopment": 2274,
        "revenue": 15102,
        "sgaExpense": 3855,
        "totalOperatingExpense": 6122,
        "totalOtherIncomeExpenseNet": -150
      },
      {
        "costOfGoodsSold": 4212,
        "dilutedAverageSharesOutstanding": 1772,
        "dilutedEPS": 0.88,
        "ebit": 3957,
        "grossIncome": 10248,
        "interestExpense": 720,
        "interestIncomeExpense": -588,
        "minorityInterest": -3,
        "netIncome": 1551,
        "netIncomeAfterTaxes": 1564,
        "nonRecurringItems": -126,
        "otherOperatingExpensesTotal": 0,
        "period": "2024-09-30",
        "pretaxIncome": 2084,
        "provisionforIncomeTaxes": 520,
        "researchDevelopment": 2130,
        "revenue": 14460,
        "sgaExpense": 4161,
        "totalOperatingExpense": 6291,
        "totalOtherIncomeExpenseNet": -1159
      },
      {
        "costOfGoodsSold": 4202,
        "dilutedAverageSharesOutstanding": 1771,
        "dilutedEPS": 0.77,
        "ebit": 4935,
        "grossIncome": 10260,
        "interestExpense": 726,
        "interestIncomeExpense": -507,
        "minorityInterest": -3,
        "netIncome": 1360,
        "netIncomeAfterTaxes": 1373,
        "nonRecurringItems": -937,
        "otherOperatingExpensesTotal": 0,
        "period": "2024-06-30",
        "pretaxIncome": 2146,
        "provisionforIncomeTaxes": 773,
        "researchDevelopment": 1948,
        "revenue": 14462,
        "sgaExpense": 3377,
        "totalOperatingExpense": 5325,
        "totalOtherIncomeExpenseNet": -1345
      },
      {
        "costOfGoodsSold": 4094,
        "dilutedAverageSharesOutstanding": 1773,
        "dilutedEPS": 0.77,
        "ebit": 3021,
        "grossIncome": 8216,
        "interestExpense": 660,
        "interestIncomeExpense": -457,
        "minorityInterest": -3,
        "netIncome": 1359,
        "netIncomeAfterTaxes": 1372,
        "nonRecurringItems": -223,
        "otherOperatingExpensesTotal": 0,
        "period": "2024-03-31",
        "pretaxIncome": 1755,
        "provisionforIncomeTaxes": 383,
        "researchDevelopment": 1939,
        "revenue": 12310,
        "sgaExpense": 3256,
        "totalOperatingExpense": 5195,
        "totalOtherIncomeExpenseNet": -586
      },
      {
        "costOfGoodsSold": 5681,
        "dilutedAverageSharesOutstanding": 1776,
        "dilutedEPS": 0.46,
        "ebit": 3563,
        "grossIncome": 8620,
        "interestExpense": 564,
        "interestIncomeExpense": -427,
        "minorityInterest": -2,
        "netIncome": 811,
        "netIncomeAfterTaxes": 824,
        "nonRecurringItems": -368,
        "otherOperatingExpensesTotal": 0,
        "period": "2023-12-31",
        "pretaxIncome": 1212,
        "provisionforIncomeTaxes": 388,
        "researchDevelopment": 1922,
        "revenue": 14301,
        "sgaExpense": 3135,
        "totalOperatingExpense": 5057,
        "totalOtherIncomeExpenseNet": -1556
      },
      {
        "costOfGoodsSold": 4365,
        "dilutedAverageSharesOutstanding": 1771,
        "dilutedEPS": 1,
        "ebit": 4507,
        "grossIncome": 9562,
        "interestExpense": 555,
        "interestIncomeExpense": -423,
        "minorityInterest": -3,
        "netIncome": 1767,
        "netIncomeAfterTaxes": 1781,
        "nonRecurringItems": -2226,
        "otherOperatingExpensesTotal": 0,
        "period": "2023-09-30",
        "pretaxIncome": 1953,
        "provisionforIncomeTaxes": 172,
        "researchDevelopment": 1722,
        "revenue": 13927,
        "sgaExpense": 3333,
        "totalOperatingExpense": 5055,
        "totalOtherIncomeExpenseNet": 95
      },
      {
        "costOfGoodsSold": 4208,
        "dilutedAverageSharesOutstanding": 1771,
        "dilutedEPS": 1.14,
        "ebit": 4877,
        "grossIncome": 9657,
        "interestExpense": 552,
        "interestIncomeExpense": -491,
        "minorityInterest": -3,
        "netIncome": 2013,
        "netIncomeAfterTaxes": 2027,
        "nonRecurringItems": -364,
        "otherOperatingExpensesTotal": -169,
        "period": "2023-06-30",
        "pretaxIncome": 2610,
        "provisionforIncomeTaxes": 583,
        "researchDevelopment": 1732,
        "revenue": 13865,
        "sgaExpense": 3217,
        "totalOperatingExpense": 4780,
        "totalOtherIncomeExpenseNet": -1412
      },
      {
        "costOfGoodsSold": 3972,
        "dilutedAverageSharesOutstanding": 1776,
        "dilutedEPS": 0.13,
        "ebit": 3606,
        "grossIncome": 8253,
        "interestExpense": 553,
        "interestIncomeExpense": -489,
        "minorityInterest": -2,
        "netIncome": 228,
        "netIncomeAfterTaxes": 241,
        "nonRecurringItems": -838,
        "otherOperatingExpensesTotal": -10,
        "period": "2023-03-31",
        "pretaxIncome": 475,
        "provisionforIncomeTaxes": 234,
        "researchDevelopment": 1662,
        "revenue": 12225,
        "sgaExpense": 2995,
        "totalOperatingExpense": 4647,
        "totalOtherIncomeExpenseNet": -1804
      },
      {
        "costOfGoodsSold": 4134,
        "dilutedAverageSharesOutstanding": 1781,
        "dilutedEPS": 1.38,
        "ebit": 5955,
        "grossIncome": 10987,
        "interestExpense": 566,
        "interestIncomeExpense": -516,
        "minorityInterest": 1,
        "netIncome": 2462,
        "netIncomeAfterTaxes": 2472,
        "nonRecurringItems": -453,
        "otherOperatingExpensesTotal": -1,
        "period": "2022-12-31",
        "pretaxIncome": 2965,
        "provisionforIncomeTaxes": 493,
        "researchDevelopment": 1781,
        "revenue": 15121,
        "sgaExpense": 3252,
        "totalOperatingExpense": 5032,
        "totalOtherIncomeExpenseNet": -2021
      },
      {
        "costOfGoodsSold": 4228,
        "dilutedAverageSharesOutstanding": 1776,
        "dilutedEPS": 2.21,
        "ebit": 5529,
        "grossIncome": 10584,
        "interestExpense": 560,
        "interestIncomeExpense": -533,
        "minorityInterest": -3,
        "netIncome": 3931,
        "netIncomeAfterTaxes": 3952,
        "nonRecurringItems": -926,
        "otherOperatingExpensesTotal": 229,
        "period": "2022-09-30",
        "pretaxIncome": 4400,
        "provisionforIncomeTaxes": 448,
        "researchDevelopment": 1610,
        "revenue": 14812,
        "sgaExpense": 3216,
        "totalOperatingExpense": 5055,
        "totalOtherIncomeExpenseNet": 330
      },
      {
        "costOfGoodsSold": 4144,
        "dilutedAverageSharesOutstanding": 1776,
        "dilutedEPS": 0.51,
        "ebit": 3667,
        "grossIncome": 10439,
        "interestExpense": 556,
        "interestIncomeExpense": -579,
        "minorityInterest": -4,
        "netIncome": 913,
        "netIncomeAfterTaxes": 928,
        "nonRecurringItems": -372,
        "otherOperatingExpensesTotal": -172,
        "period": "2022-06-30",
        "pretaxIncome": 1183,
        "provisionforIncomeTaxes": 255,
        "researchDevelopment": 1608,
        "revenue": 14583,
        "sgaExpense": 5336,
        "totalOperatingExpense": 6772,
        "totalOtherIncomeExpenseNet": -1533
      },
      {
        "costOfGoodsSold": 4021,
        "dilutedAverageSharesOutstanding": 1776.5,
        "dilutedEPS": 2.52,
        "ebit": 4972,
        "grossIncome": 9517,
        "interestExpense": 548,
        "interestIncomeExpense": -564,
        "minorityInterest": -3,
        "netIncome": 4475,
        "netIncomeAfterTaxes": 4493,
        "nonRecurringItems": -255,
        "otherOperatingExpensesTotal": 0,
        "period": "2022-03-31",
        "pretaxIncome": 4929,
        "provisionforIncomeTaxes": 436,
        "researchDevelopment": 1488,
        "revenue": 13538,
        "sgaExpense": 3057,
        "totalOperatingExpense": 4545,
        "totalOtherIncomeExpenseNet": 776
      },
      {
        "costOfGoodsSold": 4280,
        "dilutedAverageSharesOutstanding": 1780,
        "dilutedEPS": 2.26,
        "ebit": 5627,
        "grossIncome": 10606,
        "interestExpense": 580,
        "interestIncomeExpense": -587,
        "minorityInterest": -1,
        "netIncome": 4023,
        "netIncomeAfterTaxes": 4045,
        "nonRecurringItems": -553,
        "otherOperatingExpensesTotal": 0,
        "period": "2021-12-31",
        "pretaxIncome": 4271,
        "provisionforIncomeTaxes": 226,
        "researchDevelopment": 1812,
        "revenue": 14886,
        "sgaExpense": 3167,
        "totalOperatingExpense": 4979,
        "totalOtherIncomeExpenseNet": -216
      },
      {
        "costOfGoodsSold": 4344,
        "dilutedAverageSharesOutstanding": 1777,
        "dilutedEPS": 1.78,
        "ebit": 4866,
        "grossIncome": 9998,
        "interestExpense": 596,
        "interestIncomeExpense": -597,
        "minorityInterest": -1,
        "netIncome": 3158,
        "netIncomeAfterTaxes": 3180,
        "nonRecurringItems": -560,
        "otherOperatingExpensesTotal": 500,
        "period": "2021-09-30",
        "pretaxIncome": 3688,
        "provisionforIncomeTaxes": 508,
        "researchDevelopment": 1655,
        "revenue": 14342,
        "sgaExpense": 2977,
        "totalOperatingExpense": 5132,
        "totalOtherIncomeExpenseNet": -21
      },
      {
        "costOfGoodsSold": 4498,
        "dilutedAverageSharesOutstanding": 1776,
        "dilutedEPS": 0.42,
        "ebit": 4668,
        "grossIncome": 9461,
        "interestExpense": 615,
        "interestIncomeExpense": -620,
        "minorityInterest": -3,
        "netIncome": 749,
        "netIncomeAfterTaxes": 769,
        "nonRecurringItems": -227,
        "otherOperatingExpensesTotal": -68,
        "period": "2021-06-30",
        "pretaxIncome": 1163,
        "provisionforIncomeTaxes": 394,
        "researchDevelopment": 1784,
        "revenue": 13959,
        "sgaExpense": 3077,
        "totalOperatingExpense": 4793,
        "totalOtherIncomeExpenseNet": -2658
      },
      {
        "costOfGoodsSold": 4192,
        "dilutedAverageSharesOutstanding": 1776,
        "dilutedEPS": 1.99,
        "ebit": 4312,
        "grossIncome": 8818,
        "interestExpense": 632,
        "interestIncomeExpense": -631,
        "minorityInterest": -2,
        "netIncome": 3536,
        "netIncomeAfterTaxes": 3555,
        "nonRecurringItems": -209,
        "otherOperatingExpensesTotal": 0,
        "period": "2021-03-31",
        "pretaxIncome": 3867,
        "provisionforIncomeTaxes": 312,
        "researchDevelopment": 1731,
        "revenue": 13010,
        "sgaExpense": 2775,
        "totalOperatingExpense": 4506,
        "totalOtherIncomeExpenseNet": 395
      },
      {
        "costOfGoodsSold": 4610,
        "dilutedAverageSharesOutstanding": 1781,
        "dilutedEPS": 0.01,
        "ebit": 4319,
        "grossIncome": 9248,
        "interestExpense": 629,
        "interestIncomeExpense": -635,
        "minorityInterest": -2,
        "netIncome": 20,
        "netIncomeAfterTaxes": 38,
        "nonRecurringItems": -566,
        "period": "2020-12-31",
        "pretaxIncome": -1507,
        "provisionforIncomeTaxes": -1545,
        "researchDevelopment": 1821,
        "revenue": 13858,
        "sgaExpense": 3108,
        "totalOperatingExpense": 4929,
        "totalOtherIncomeExpenseNet": -4625
      },
      {
        "costOfGoodsSold": 5028,
        "dilutedAverageSharesOutstanding": 1774,
        "dilutedEPS": 1.29,
        "ebit": 3539,
        "grossIncome": 7874,
        "interestExpense": 630,
        "interestIncomeExpense": -640,
        "minorityInterest": -5,
        "netIncome": 2291,
        "netIncomeAfterTaxes": 2313,
        "nonRecurringItems": -284,
        "period": "2020-09-30",
        "pretaxIncome": 2500,
        "provisionforIncomeTaxes": 187,
        "researchDevelopment": 1575,
        "revenue": 12902,
        "sgaExpense": 2760,
        "totalOperatingExpense": 4335,
        "totalOtherIncomeExpenseNet": -115
      },
      {
        "costOfGoodsSold": 3677,
        "dilutedAverageSharesOutstanding": 1647,
        "dilutedEPS": -0.46,
        "ebit": 2193,
        "grossIncome": 6748,
        "interestExpense": 632,
        "interestIncomeExpense": -643,
        "minorityInterest": 1,
        "netIncome": -756,
        "netIncomeAfterTaxes": -739,
        "nonRecurringItems": -1441,
        "period": "2020-06-30",
        "pretaxIncome": -693,
        "provisionforIncomeTaxes": 46,
        "researchDevelopment": 1406,
        "revenue": 10425,
        "sgaExpense": 3149,
        "totalOperatingExpense": 4555,
        "totalOtherIncomeExpenseNet": -802
      },
      {
        "costOfGoodsSold": 1942,
        "dilutedAverageSharesOutstanding": 1607.5,
        "dilutedEPS": 1.87,
        "ebit": 3641,
        "grossIncome": 6677,
        "interestExpense": 563,
        "interestIncomeExpense": -433,
        "minorityInterest": 0,
        "netIncome": 3000,
        "netIncomeAfterTaxes": 3010,
        "nonRecurringItems": -38,
        "period": "2020-03-31",
        "pretaxIncome": 3098,
        "provisionforIncomeTaxes": 88,
        "researchDevelopment": 1379,
        "revenue": 8619,
        "sgaExpense": 1657,
        "totalOperatingExpense": 3036,
        "totalOtherIncomeExpenseNet": -72
      },
      {
        "costOfGoodsSold": 2054,
        "dilutedAverageSharesOutstanding": 1487,
        "dilutedEPS": 1.87,
        "ebit": 3174,
        "grossIncome": 6650,
        "interestExpense": 559,
        "interestIncomeExpense": -418,
        "netIncome": 2788,
        "netIncomeAfterTaxes": 2801,
        "nonRecurringItems": 734,
        "otherOperatingExpensesTotal": -10,
        "period": "2019-12-31",
        "pretaxIncome": 3074,
        "provisionforIncomeTaxes": 273,
        "researchDevelopment": 1542,
        "revenue": 8704,
        "sgaExpense": 1944,
        "totalOperatingExpense": 3476,
        "totalOtherIncomeExpenseNet": -416
      },
      {
        "costOfGoodsSold": 1962,
        "dilutedAverageSharesOutstanding": 1483,
        "dilutedEPS": 1.26,
        "ebit": 3796,
        "grossIncome": 6517,
        "interestExpense": 480,
        "interestIncomeExpense": -397,
        "netIncome": 1874,
        "netIncomeAfterTaxes": 1884,
        "nonRecurringItems": -1221,
        "otherOperatingExpensesTotal": 0,
        "period": "2019-09-30",
        "pretaxIncome": 2001,
        "provisionforIncomeTaxes": 117,
        "researchDevelopment": 1285,
        "revenue": 8479,
        "sgaExpense": 1436,
        "totalOperatingExpense": 2721,
        "totalOtherIncomeExpenseNet": -177
      },
      {
        "costOfGoodsSold": 1856,
        "dilutedAverageSharesOutstanding": 1484,
        "dilutedEPS": 0.49,
        "ebit": 3444,
        "grossIncome": 6399,
        "interestExpense": 358,
        "interestIncomeExpense": -278,
        "netIncome": 733,
        "netIncomeAfterTaxes": 741,
        "nonRecurringItems": -81,
        "otherOperatingExpensesTotal": 0,
        "period": "2019-06-30",
        "pretaxIncome": 807,
        "provisionforIncomeTaxes": 66,
        "researchDevelopment": 1291,
        "revenue": 8255,
        "sgaExpense": 1664,
        "totalOperatingExpense": 2955,
        "totalOtherIncomeExpenseNet": -2278
      },
      {
        "costOfGoodsSold": 1734,
        "dilutedAverageSharesOutstanding": 1483,
        "dilutedEPS": 1.65,
        "ebit": 3233,
        "grossIncome": 6094,
        "interestExpense": 387,
        "interestIncomeExpense": -291,
        "netIncome": 2444,
        "netIncomeAfterTaxes": 2456,
        "nonRecurringItems": -263,
        "period": "2019-03-31",
        "pretaxIncome": 2544,
        "provisionforIncomeTaxes": 88,
        "researchDevelopment": 1289,
        "revenue": 7828,
        "sgaExpense": 1572,
        "totalOperatingExpense": 2861,
        "totalOtherIncomeExpenseNet": -135
      },
      {
        "costOfGoodsSold": 2005,
        "dilutedAverageSharesOutstanding": 1481,
        "dilutedEPS": -1.23,
        "ebit": 2982,
        "grossIncome": 6300,
        "interestExpense": 380,
        "interestIncomeExpense": -342,
        "netIncome": -1822,
        "netIncomeAfterTaxes": -1740,
        "nonRecurringItems": -5406,
        "otherOperatingExpensesTotal": 0,
        "period": "2018-12-31",
        "pretaxIncome": -2373,
        "provisionforIncomeTaxes": -633,
        "researchDevelopment": 1395,
        "revenue": 8305,
        "sgaExpense": 1923,
        "totalOperatingExpense": 3318,
        "totalOtherIncomeExpenseNet": 393
      },
      {
        "costOfGoodsSold": 1781,
        "dilutedAverageSharesOutstanding": 1515,
        "dilutedEPS": 1.81,
        "ebit": 3444,
        "grossIncome": 6455,
        "interestExpense": 339,
        "interestIncomeExpense": -358,
        "netIncome": 2735,
        "netIncomeAfterTaxes": 2747,
        "nonRecurringItems": -231,
        "otherOperatingExpensesTotal": 0,
        "period": "2018-09-30",
        "pretaxIncome": 2761,
        "provisionforIncomeTaxes": 14,
        "researchDevelopment": 1268,
        "revenue": 8236,
        "sgaExpense": 1743,
        "totalOperatingExpense": 3011,
        "totalOtherIncomeExpenseNet": -94
      },
      {
        "costOfGoodsSold": 1888,
        "dilutedAverageSharesOutstanding": 1572,
        "dilutedEPS": 1.26,
        "ebit": 2790,
        "grossIncome": 6390,
        "interestExpense": 320,
        "interestIncomeExpense": -326,
        "netIncome": 1973,
        "netIncomeAfterTaxes": 1983,
        "nonRecurringItems": 18,
        "otherOperatingExpensesTotal": 500,
        "period": "2018-06-30",
        "pretaxIncome": 2012,
        "provisionforIncomeTaxes": 29,
        "researchDevelopment": 1322,
        "revenue": 8278,
        "sgaExpense": 1778,
        "totalOperatingExpense": 3600,
        "totalOtherIncomeExpenseNet": -470
      },
      {
        "costOfGoodsSold": 1883,
        "dilutedAverageSharesOutstanding": 1596,
        "dilutedEPS": 1.74,
        "ebit": 3134,
        "grossIncome": 6051,
        "interestExpense": 309,
        "interestIncomeExpense": -303,
        "netIncome": 2771,
        "netIncomeAfterTaxes": 2783,
        "nonRecurringItems": -187,
        "period": "2018-03-31",
        "pretaxIncome": 2797,
        "provisionforIncomeTaxes": 14,
        "researchDevelopment": 1244,
        "revenue": 7934,
        "sgaExpense": 1673,
        "totalOperatingExpense": 2917,
        "totalOtherIncomeExpenseNet": 153
      },
      {
        "costOfGoodsSold": 1943,
        "dilutedAverageSharesOutstanding": 1606,
        "dilutedEPS": 0.03,
        "ebit": 2716,
        "grossIncome": 5796,
        "interestExpense": 299,
        "interestIncomeExpense": -596,
        "netIncome": 52,
        "netIncomeAfterTaxes": 452,
        "nonRecurringItems": -939,
        "period": "2017-12-31",
        "pretaxIncome": 1193,
        "provisionforIncomeTaxes": 741,
        "researchDevelopment": 1402,
        "revenue": 7739,
        "sgaExpense": 1678,
        "totalOperatingExpense": 3080,
        "totalOtherIncomeExpenseNet": 12
      },
      {
        "costOfGoodsSold": 1654,
        "dilutedAverageSharesOutstanding": 1603,
        "dilutedEPS": 1.01,
        "ebit": 2671,
        "grossIncome": 5341,
        "interestExpense": 293,
        "interestIncomeExpense": -262,
        "netIncome": 1623,
        "netIncomeAfterTaxes": 1631,
        "nonRecurringItems": -4,
        "period": "2017-09-30",
        "pretaxIncome": 2095,
        "provisionforIncomeTaxes": 464,
        "researchDevelopment": 1222,
        "revenue": 6995,
        "sgaExpense": 1448,
        "totalOperatingExpense": 2670,
        "totalOtherIncomeExpenseNet": -310
      },
      {
        "costOfGoodsSold": 1574,
        "dilutedAverageSharesOutstanding": 1600,
        "dilutedEPS": 1.19,
        "ebit": 2736,
        "grossIncome": 5370,
        "interestExpense": 284,
        "interestIncomeExpense": -213,
        "netIncome": 1906,
        "netIncomeAfterTaxes": 1915,
        "nonRecurringItems": -108,
        "period": "2017-06-30",
        "pretaxIncome": 2353,
        "provisionforIncomeTaxes": 438,
        "researchDevelopment": 1223,
        "revenue": 6944,
        "sgaExpense": 1411,
        "totalOperatingExpense": 2634,
        "totalOtherIncomeExpenseNet": -62
      },
      {
        "costOfGoodsSold": 1633,
        "dilutedAverageSharesOutstanding": 1603,
        "dilutedEPS": 1.06,
        "ebit": 2402,
        "grossIncome": 4905,
        "interestExpense": 273,
        "interestIncomeExpense": -243,
        "netIncome": 1702,
        "netIncomeAfterTaxes": 1711,
        "nonRecurringItems": 0,
        "period": "2017-03-31",
        "pretaxIncome": 2086,
        "provisionforIncomeTaxes": 375,
        "researchDevelopment": 1135,
        "revenue": 6538,
        "sgaExpense": 1368,
        "totalOperatingExpense": 2503,
        "totalOtherIncomeExpenseNet": -73
      },
      {
        "costOfGoodsSold": 1552,
        "dilutedAverageSharesOutstanding": 1625,
        "dilutedEPS": 0.85,
        "ebit": 2406,
        "grossIncome": 5244,
        "interestExpense": 316,
        "interestIncomeExpense": -283,
        "netIncome": 1384,
        "netIncomeAfterTaxes": 1391,
        "nonRecurringItems": -45,
        "period": "2016-12-31",
        "pretaxIncome": 1998,
        "provisionforIncomeTaxes": 607,
        "researchDevelopment": 1185,
        "revenue": 6796,
        "sgaExpense": 1653,
        "totalOperatingExpense": 2838,
        "totalOtherIncomeExpenseNet": -80
      },
      {
        "costOfGoodsSold": 1508,
        "dilutedAverageSharesOutstanding": 1640,
        "dilutedEPS": 0.97,
        "ebit": 2491,
        "grossIncome": 4924,
        "interestExpense": 271,
        "interestIncomeExpense": -242,
        "netIncome": 1590,
        "netIncomeAfterTaxes": 1598,
        "nonRecurringItems": -134,
        "period": "2016-09-30",
        "pretaxIncome": 2014,
        "provisionforIncomeTaxes": 416,
        "researchDevelopment": 1052,
        "revenue": 6432,
        "sgaExpense": 1381,
        "totalOperatingExpense": 2433,
        "totalOtherIncomeExpenseNet": -101
      },
      {
        "costOfGoodsSold": 1423,
        "dilutedAverageSharesOutstanding": 1665.984,
        "dilutedEPS": 0.97,
        "ebit": 2520,
        "grossIncome": 5029,
        "interestExpense": 245,
        "interestIncomeExpense": -222,
        "netIncome": 1595,
        "netIncomeAfterTaxes": 1610,
        "nonRecurringItems": -151,
        "period": "2016-06-30",
        "pretaxIncome": 2096,
        "provisionforIncomeTaxes": 486,
        "researchDevelopment": 1043,
        "revenue": 6452,
        "sgaExpense": 1466,
        "totalOperatingExpense": 2509,
        "totalOtherIncomeExpenseNet": -51
      },
      {
        "costOfGoodsSold": 1331,
        "dilutedAverageSharesOutstanding": 1625,
        "dilutedEPS": 0.83,
        "ebit": 2326,
        "grossIncome": 4627,
        "interestExpense": 215,
        "interestIncomeExpense": -501,
        "netIncome": 1354,
        "netIncomeAfterTaxes": 1354,
        "nonRecurringItems": -49,
        "period": "2016-03-31",
        "pretaxIncome": 1776,
        "provisionforIncomeTaxes": 422,
        "researchDevelopment": 946,
        "revenue": 5958,
        "sgaExpense": 1355,
        "totalOperatingExpense": 2301,
        "totalOtherIncomeExpenseNet": 0
      },
      {
        "costOfGoodsSold": 1475,
        "dilutedAverageSharesOutstanding": 1643,
        "dilutedEPS": 0.92,
        "ebit": 2360,
        "grossIncome": 4925,
        "interestExpense": 208,
        "interestIncomeExpense": -201,
        "netIncome": 1517,
        "netIncomeAfterTaxes": 1517,
        "nonRecurringItems": -247,
        "otherOperatingExpensesTotal": 0,
        "period": "2015-12-31",
        "pretaxIncome": 1924,
        "provisionforIncomeTaxes": 407,
        "researchDevelopment": 1034,
        "revenue": 6400,
        "sgaExpense": 1531,
        "totalOperatingExpense": 2565,
        "totalOtherIncomeExpenseNet": 12
      },
      {
        "costOfGoodsSold": 1078,
        "dilutedAverageSharesOutstanding": 1664,
        "dilutedEPS": 0.74,
        "ebit": 2094,
        "grossIncome": 4866,
        "interestExpense": 207,
        "interestIncomeExpense": -299,
        "netIncome": 1239,
        "netIncomeAfterTaxes": 1239,
        "nonRecurringItems": -120,
        "otherOperatingExpensesTotal": 0,
        "period": "2015-09-30",
        "pretaxIncome": 1647,
        "provisionforIncomeTaxes": 408,
        "researchDevelopment": 1400,
        "revenue": 5944,
        "sgaExpense": 1372,
        "totalOperatingExpense": 2772,
        "totalOtherIncomeExpenseNet": -28
      }
    ],
    "symbol": "ABBV"
  }
}