{
  "symbol": "RL",
  "statement": "ic",
  "frequency": "quarterly",
  "timestamp": "2025-09-19T14:06:01.674256",
  "data": {
    "financials": [
      {
        "costOfGoodsSold": 476.8,
        "depreciationAmortization": 52.2,
        "dilutedAverageSharesOutstanding": 62.5,
        "dilutedEPS": 3.5264,
        "ebit": 292.9,
        "grossIncome": 1242.3,
        "interestExpense": 11.5,
        "interestIncomeExpense": 3.3,
        "netIncome": 220.4,
        "netIncomeAfterTaxes": 220.4,
        "nonRecurringItems": -19.3,
        "period": "2025-06-28",
        "pretaxIncome": 278,
        "provisionforIncomeTaxes": 57.6,
        "revenue": 1719.1,
        "sgaExpense": 897.2,
        "totalOperatingExpense": 949.4,
        "totalOtherIncomeExpenseNet": 1.1
      },
      {
        "costOfGoodsSold": 532,
        "depreciationAmortization": 28.8,
        "dilutedAverageSharesOutstanding": 63.7,
        "dilutedEPS": 2.0251,
        "ebit": 174.8,
        "grossIncome": 1165.3,
        "interestExpense": 10.2,
        "interestIncomeExpense": 8,
        "netIncome": 129,
        "netIncomeAfterTaxes": 129,
        "nonRecurringItems": -19.8,
        "period": "2025-03-29",
        "pretaxIncome": 162.3,
        "provisionforIncomeTaxes": 33.3,
        "revenue": 1697.3,
        "sgaExpense": 961.7,
        "totalOperatingExpense": 990.5,
        "totalOtherIncomeExpenseNet": -0.7
      },
      {
        "costOfGoodsSold": 677.4,
        "depreciationAmortization": 51,
        "dilutedAverageSharesOutstanding": 63.8,
        "dilutedEPS": 4.6614,
        "ebit": 401.9,
        "grossIncome": 1466.1,
        "interestExpense": 11.6,
        "interestIncomeExpense": 6.2,
        "netIncome": 297.4,
        "netIncomeAfterTaxes": 297.4,
        "nonRecurringItems": -12.2,
        "period": "2024-12-28",
        "pretaxIncome": 383.7,
        "provisionforIncomeTaxes": 86.3,
        "revenue": 2143.5,
        "sgaExpense": 1013.2,
        "totalOperatingExpense": 1064.2,
        "totalOtherIncomeExpenseNet": -12.2
      },
      {
        "costOfGoodsSold": 570.3,
        "depreciationAmortization": 52.7,
        "dilutedAverageSharesOutstanding": 63.9,
        "dilutedEPS": 2.3146,
        "ebit": 197.3,
        "grossIncome": 1155.7,
        "interestExpense": 11.4,
        "interestIncomeExpense": 6.5,
        "netIncome": 147.9,
        "netIncomeAfterTaxes": 147.9,
        "nonRecurringItems": -18.4,
        "period": "2024-09-28",
        "pretaxIncome": 188.1,
        "provisionforIncomeTaxes": 40.2,
        "revenue": 1726,
        "sgaExpense": 905.7,
        "totalOperatingExpense": 958.4,
        "totalOtherIncomeExpenseNet": 2.7
      },
      {
        "costOfGoodsSold": 446.4,
        "depreciationAmortization": 51.1,
        "dilutedAverageSharesOutstanding": 64.6,
        "dilutedEPS": 2.61,
        "ebit": 215.9,
        "grossIncome": 1065.8,
        "interestExpense": 10.9,
        "interestIncomeExpense": 9.2,
        "netIncome": 168.6,
        "netIncomeAfterTaxes": 168.6,
        "nonRecurringItems": -7.4,
        "period": "2024-06-29",
        "pretaxIncome": 216.6,
        "provisionforIncomeTaxes": 48,
        "revenue": 1512.2,
        "sgaExpense": 798.8,
        "totalOperatingExpense": 849.9,
        "totalOtherIncomeExpenseNet": -1.1
      },
      {
        "costOfGoodsSold": 524.2,
        "depreciationAmortization": 52.8,
        "dilutedAverageSharesOutstanding": 65.3,
        "dilutedEPS": 1.389,
        "ebit": 137,
        "grossIncome": 1043.7,
        "interestExpense": 11.6,
        "interestIncomeExpense": 9.2,
        "netIncome": 90.7,
        "netIncomeAfterTaxes": 90.7,
        "nonRecurringItems": -29.2,
        "period": "2024-03-30",
        "pretaxIncome": 111.5,
        "provisionforIncomeTaxes": 20.8,
        "revenue": 1567.9,
        "sgaExpense": 853.9,
        "totalOperatingExpense": 906.7,
        "totalOtherIncomeExpenseNet": -5.5
      },
      {
        "costOfGoodsSold": 648.9,
        "depreciationAmortization": 53,
        "dilutedAverageSharesOutstanding": 66,
        "dilutedEPS": 4.1909,
        "ebit": 317.5,
        "grossIncome": 1285.1,
        "interestExpense": 10.6,
        "interestIncomeExpense": 10.1,
        "netIncome": 276.6,
        "netIncomeAfterTaxes": 276.6,
        "nonRecurringItems": 0.2,
        "period": "2023-12-30",
        "pretaxIncome": 329.8,
        "provisionforIncomeTaxes": 53.2,
        "revenue": 1934,
        "sgaExpense": 914.6,
        "totalOperatingExpense": 967.6,
        "totalOtherIncomeExpenseNet": 2
      },
      {
        "costOfGoodsSold": 564.7,
        "depreciationAmortization": 55.2,
        "dilutedAverageSharesOutstanding": 67.2,
        "dilutedEPS": 2.186,
        "ebit": 171.7,
        "grossIncome": 1068.3,
        "interestExpense": 10,
        "interestIncomeExpense": 5.8,
        "netIncome": 146.9,
        "netIncomeAfterTaxes": 146.9,
        "nonRecurringItems": -7.2,
        "period": "2023-09-30",
        "pretaxIncome": 165.5,
        "provisionforIncomeTaxes": 18.6,
        "revenue": 1633,
        "sgaExpense": 841.4,
        "totalOperatingExpense": 896.6,
        "totalOtherIncomeExpenseNet": -4.8
      },
      {
        "costOfGoodsSold": 462.7,
        "depreciationAmortization": 54.9,
        "dilutedAverageSharesOutstanding": 67.4,
        "dilutedEPS": 1.9599,
        "ebit": 203.9,
        "grossIncome": 1033.8,
        "interestExpense": 10,
        "interestIncomeExpense": 5.7,
        "netIncome": 132.1,
        "netIncomeAfterTaxes": 132.1,
        "nonRecurringItems": -37.5,
        "period": "2023-07-01",
        "pretaxIncome": 170.6,
        "provisionforIncomeTaxes": 38.5,
        "revenue": 1496.5,
        "sgaExpense": 775,
        "totalOperatingExpense": 829.9,
        "totalOtherIncomeExpenseNet": -1.5
      },
      {
        "costOfGoodsSold": 588,
        "depreciationAmortization": 29.3,
        "dilutedAverageSharesOutstanding": 67.8,
        "dilutedEPS": 0.4764,
        "ebit": 74.9,
        "grossIncome": 952.8,
        "interestExpense": 7.1,
        "interestIncomeExpense": 6.3,
        "netIncome": 32.3,
        "netIncomeAfterTaxes": 32.3,
        "nonRecurringItems": -34.7,
        "period": "2023-04-01",
        "pretaxIncome": 49.2,
        "provisionforIncomeTaxes": 16.9,
        "revenue": 1540.8,
        "sgaExpense": 848.6,
        "totalOperatingExpense": 877.9,
        "totalOtherIncomeExpenseNet": 2.7
      },
      {
        "costOfGoodsSold": 637.6,
        "depreciationAmortization": 51.7,
        "dilutedAverageSharesOutstanding": 67.6,
        "dilutedEPS": 3.2027,
        "ebit": 293.9,
        "grossIncome": 1194.7,
        "interestExpense": 12,
        "interestIncomeExpense": -3.4,
        "netIncome": 216.5,
        "netIncomeAfterTaxes": 216.5,
        "nonRecurringItems": -11.8,
        "period": "2022-12-31",
        "pretaxIncome": 280.4,
        "provisionforIncomeTaxes": 63.9,
        "revenue": 1832.3,
        "sgaExpense": 849.1,
        "totalOperatingExpense": 900.8,
        "totalOtherIncomeExpenseNet": 1.7
      },
      {
        "costOfGoodsSold": 559.2,
        "depreciationAmortization": 49.6,
        "dilutedAverageSharesOutstanding": 69,
        "dilutedEPS": 2.1812,
        "ebit": 211.4,
        "grossIncome": 1020.7,
        "interestExpense": 9.5,
        "interestIncomeExpense": -2.9,
        "netIncome": 150.5,
        "netIncomeAfterTaxes": 150.5,
        "nonRecurringItems": -4.7,
        "period": "2022-10-01",
        "pretaxIncome": 200.1,
        "provisionforIncomeTaxes": 49.6,
        "revenue": 1579.9,
        "sgaExpense": 759.7,
        "totalOperatingExpense": 809.3,
        "totalOtherIncomeExpenseNet": -3.7
      },
      {
        "costOfGoodsSold": 477.6,
        "depreciationAmortization": 51.4,
        "dilutedAverageSharesOutstanding": 71.5,
        "dilutedEPS": 1.7259,
        "ebit": 185.1,
        "grossIncome": 1013,
        "interestExpense": 11.8,
        "interestIncomeExpense": -8.2,
        "netIncome": 123.4,
        "netIncomeAfterTaxes": 123.4,
        "nonRecurringItems": -9.9,
        "period": "2022-07-02",
        "pretaxIncome": 162.2,
        "provisionforIncomeTaxes": 38.8,
        "revenue": 1490.6,
        "sgaExpense": 776.5,
        "totalOperatingExpense": 827.9,
        "totalOtherIncomeExpenseNet": -4.8
      },
      {
        "costOfGoodsSold": 556.6,
        "depreciationAmortization": 29.7,
        "dilutedAverageSharesOutstanding": 72.2,
        "dilutedEPS": 0.3379,
        "ebit": 42.6,
        "grossIncome": 966.1,
        "interestExpense": 13.7,
        "interestIncomeExpense": -12.6,
        "netIncome": 24.4,
        "netIncomeAfterTaxes": 24.4,
        "nonRecurringItems": -5.8,
        "period": "2022-04-02",
        "pretaxIncome": 29.3,
        "provisionforIncomeTaxes": 4.9,
        "revenue": 1522.7,
        "sgaExpense": 893.8,
        "totalOperatingExpense": 923.5,
        "totalOtherIncomeExpenseNet": 5.1
      },
      {
        "costOfGoodsSold": 617.3,
        "depreciationAmortization": 51.8,
        "dilutedAverageSharesOutstanding": 74.3,
        "dilutedEPS": 2.93,
        "ebit": 287.8,
        "grossIncome": 1198.1,
        "interestExpense": 13.4,
        "interestIncomeExpense": -12,
        "netIncome": 217.7,
        "netIncomeAfterTaxes": 217.7,
        "nonRecurringItems": 1.3,
        "period": "2021-12-25",
        "pretaxIncome": 277.2,
        "provisionforIncomeTaxes": 59.5,
        "revenue": 1815.4,
        "sgaExpense": 858.5,
        "totalOperatingExpense": 910.3,
        "totalOtherIncomeExpenseNet": 0.1
      },
      {
        "costOfGoodsSold": 492.4,
        "depreciationAmortization": 51.5,
        "dilutedAverageSharesOutstanding": 75.3,
        "dilutedEPS": 2.5671,
        "ebit": 251.5,
        "grossIncome": 1011.7,
        "interestExpense": 13.6,
        "interestIncomeExpense": -12.4,
        "netIncome": 193.3,
        "netIncomeAfterTaxes": 193.3,
        "nonRecurringItems": 0.4,
        "period": "2021-09-25",
        "pretaxIncome": 238.1,
        "provisionforIncomeTaxes": 44.8,
        "revenue": 1504.1,
        "sgaExpense": 708.7,
        "totalOperatingExpense": 760.2,
        "totalOtherIncomeExpenseNet": -1.4
      },
      {
        "costOfGoodsSold": 416.2,
        "depreciationAmortization": 52.7,
        "dilutedAverageSharesOutstanding": 75.4,
        "dilutedEPS": 2.1843,
        "ebit": 230.2,
        "grossIncome": 960.1,
        "interestExpense": 13.3,
        "interestIncomeExpense": -11.5,
        "netIncome": 164.7,
        "netIncomeAfterTaxes": 164.7,
        "nonRecurringItems": -9.6,
        "period": "2021-06-26",
        "pretaxIncome": 210,
        "provisionforIncomeTaxes": 45.3,
        "revenue": 1376.3,
        "sgaExpense": 677.2,
        "totalOperatingExpense": 729.9,
        "totalOtherIncomeExpenseNet": 0.9
      },
      {
        "costOfGoodsSold": 477.7,
        "depreciationAmortization": 57.5,
        "dilutedAverageSharesOutstanding": 73.8,
        "dilutedEPS": -1.01,
        "ebit": -21.8,
        "grossIncome": 809.3,
        "interestExpense": 13.9,
        "interestIncomeExpense": -11.7,
        "netIncome": -74.1,
        "netIncomeAfterTaxes": -74.5,
        "nonRecurringItems": -3.9,
        "period": "2021-03-27",
        "pretaxIncome": -35.3,
        "provisionforIncomeTaxes": 39.2,
        "revenue": 1287,
        "sgaExpense": 773.6,
        "totalOperatingExpense": 831.1,
        "totalOtherIncomeExpenseNet": 2.1
      },
      {
        "costOfGoodsSold": 495.4,
        "depreciationAmortization": 55.1,
        "dilutedAverageSharesOutstanding": 74.6,
        "dilutedEPS": 1.6,
        "ebit": 188.9,
        "grossIncome": 937.4,
        "interestExpense": 12.2,
        "interestIncomeExpense": -9.8,
        "netIncome": 119.8,
        "netIncomeAfterTaxes": 134,
        "nonRecurringItems": -18.5,
        "period": "2020-12-26",
        "pretaxIncome": 162.2,
        "provisionforIncomeTaxes": 28.2,
        "revenue": 1432.8,
        "sgaExpense": 693.4,
        "totalOperatingExpense": 748.5,
        "totalOtherIncomeExpenseNet": 1.6
      },
      {
        "costOfGoodsSold": 399.5,
        "depreciationAmortization": 56.3,
        "dilutedAverageSharesOutstanding": 73.5,
        "dilutedEPS": -0.53,
        "ebit": 177.8,
        "grossIncome": 794,
        "interestExpense": 12.8,
        "interestIncomeExpense": -10.6,
        "netIncome": -39.1,
        "netIncomeAfterTaxes": -39.1,
        "nonRecurringItems": -198.1,
        "period": "2020-09-26",
        "pretaxIncome": -29.1,
        "provisionforIncomeTaxes": 10,
        "revenue": 1193.5,
        "sgaExpense": 559.9,
        "totalOperatingExpense": 616.2,
        "totalOtherIncomeExpenseNet": 1.8
      },
      {
        "costOfGoodsSold": 137.5,
        "depreciationAmortization": 58.5,
        "dilutedAverageSharesOutstanding": 73.1,
        "dilutedEPS": -1.75,
        "ebit": -145.5,
        "grossIncome": 350,
        "interestExpense": 12.3,
        "interestIncomeExpense": -2,
        "netIncome": -127.7,
        "netIncomeAfterTaxes": -127.7,
        "nonRecurringItems": -22.5,
        "period": "2020-06-27",
        "pretaxIncome": -172.6,
        "provisionforIncomeTaxes": -44.9,
        "revenue": 487.5,
        "sgaExpense": 437,
        "totalOperatingExpense": 495.5,
        "totalOtherIncomeExpenseNet": -2.6
      },
      {
        "costOfGoodsSold": 678.5,
        "depreciationAmortization": 4.7,
        "dilutedAverageSharesOutstanding": 73.7,
        "dilutedEPS": -3.37,
        "ebit": -259.3,
        "grossIncome": 595.6,
        "interestExpense": 9.3,
        "interestIncomeExpense": 14.7,
        "netIncome": -249,
        "netIncomeAfterTaxes": -374.3,
        "nonRecurringItems": -24.5,
        "period": "2020-03-28",
        "pretaxIncome": -287.2,
        "provisionforIncomeTaxes": 87.1,
        "revenue": 1274.1,
        "sgaExpense": 850.2,
        "totalOperatingExpense": 854.9,
        "totalOtherIncomeExpenseNet": -18.1
      },
      {
        "costOfGoodsSold": 661.6,
        "depreciationAmortization": 4.5,
        "dilutedAverageSharesOutstanding": 75.8,
        "dilutedEPS": 4.41,
        "ebit": 242.1,
        "grossIncome": 1089.1,
        "interestExpense": 8.9,
        "interestIncomeExpense": 0.4,
        "netIncome": 334.1,
        "netIncomeAfterTaxes": 334.1,
        "nonRecurringItems": -17.7,
        "period": "2019-12-28",
        "pretaxIncome": 230.4,
        "provisionforIncomeTaxes": -103.7,
        "revenue": 1750.7,
        "sgaExpense": 842.5,
        "totalOperatingExpense": 847,
        "totalOtherIncomeExpenseNet": 5.6
      },
      {
        "costOfGoodsSold": 656.8,
        "depreciationAmortization": 4.7,
        "dilutedAverageSharesOutstanding": 77.9,
        "dilutedEPS": 2.34,
        "ebit": 249.5,
        "grossIncome": 1049.4,
        "interestExpense": 9.2,
        "interestIncomeExpense": 8.4,
        "netIncome": 182.1,
        "netIncomeAfterTaxes": 182.1,
        "nonRecurringItems": -16.4,
        "period": "2019-09-28",
        "pretaxIncome": 236.6,
        "provisionforIncomeTaxes": 54.5,
        "revenue": 1706.2,
        "sgaExpense": 795.2,
        "totalOperatingExpense": 799.9,
        "totalOtherIncomeExpenseNet": -4.9
      },
      {
        "costOfGoodsSold": 507.4,
        "depreciationAmortization": 4.2,
        "dilutedAverageSharesOutstanding": 79.9,
        "dilutedEPS": 1.47,
        "ebit": 172.4,
        "grossIncome": 921.4,
        "interestExpense": 9.2,
        "interestIncomeExpense": 9.3,
        "netIncome": 117.1,
        "netIncomeAfterTaxes": 117.1,
        "nonRecurringItems": -29.1,
        "period": "2019-06-29",
        "pretaxIncome": 146.6,
        "provisionforIncomeTaxes": 29.5,
        "revenue": 1428.8,
        "sgaExpense": 744.8,
        "totalOperatingExpense": 749,
        "totalOtherIncomeExpenseNet": -6
      },
      {
        "costOfGoodsSold": 600.1,
        "dilutedAverageSharesOutstanding": 79.9,
        "dilutedEPS": 0.39,
        "ebit": 96.2,
        "grossIncome": 905.6,
        "interestExpense": 5.1,
        "interestIncomeExpense": 4.6,
        "netIncome": 31.6,
        "netIncomeAfterTaxes": 59.2,
        "nonRecurringItems": -68.3,
        "period": "2019-03-30",
        "pretaxIncome": 35.3,
        "provisionforIncomeTaxes": -23.9,
        "revenue": 1505.7,
        "sgaExpense": 809.4,
        "totalOperatingExpense": 809.4,
        "totalOtherIncomeExpenseNet": 2.8
      },
      {
        "costOfGoodsSold": 663.2,
        "dilutedAverageSharesOutstanding": 81.2,
        "dilutedEPS": 1.48,
        "ebit": 239.2,
        "grossIncome": 1062.6,
        "interestExpense": 5.2,
        "interestIncomeExpense": 3.7,
        "netIncome": 120,
        "netIncomeAfterTaxes": 120,
        "nonRecurringItems": -45.4,
        "period": "2018-12-29",
        "pretaxIncome": 199.5,
        "provisionforIncomeTaxes": 79.5,
        "revenue": 1725.8,
        "sgaExpense": 823.4,
        "totalOperatingExpense": 823.4,
        "totalOtherIncomeExpenseNet": 2
      },
      {
        "costOfGoodsSold": 661.6,
        "dilutedAverageSharesOutstanding": 82.3,
        "dilutedEPS": 2.07,
        "ebit": 235.7,
        "grossIncome": 1029.3,
        "interestExpense": 6,
        "interestIncomeExpense": 7,
        "netIncome": 170.3,
        "netIncomeAfterTaxes": 170.3,
        "nonRecurringItems": -25.7,
        "period": "2018-09-29",
        "pretaxIncome": 214.8,
        "provisionforIncomeTaxes": 44.5,
        "revenue": 1690.9,
        "sgaExpense": 793.6,
        "totalOperatingExpense": 793.6,
        "totalOtherIncomeExpenseNet": -2.2
      },
      {
        "costOfGoodsSold": 494.9,
        "dilutedAverageSharesOutstanding": 83.3,
        "dilutedEPS": 1.31,
        "ebit": 153.8,
        "grossIncome": 895.7,
        "interestExpense": 4.4,
        "interestIncomeExpense": 7.9,
        "netIncome": 109,
        "netIncomeAfterTaxes": 109,
        "nonRecurringItems": -23.7,
        "period": "2018-06-30",
        "pretaxIncome": 132.9,
        "provisionforIncomeTaxes": 23.9,
        "revenue": 1390.6,
        "sgaExpense": 741.9,
        "totalOperatingExpense": 741.9,
        "totalOtherIncomeExpenseNet": -5.1
      },
      {
        "costOfGoodsSold": 614.4,
        "dilutedAverageSharesOutstanding": 82.5,
        "dilutedEPS": 0.5,
        "ebit": 86.2,
        "grossIncome": 914.8,
        "interestExpense": 3.8,
        "interestIncomeExpense": 5,
        "netIncome": 41.3,
        "netIncomeAfterTaxes": 31.4,
        "nonRecurringItems": -60.8,
        "otherOperatingExpensesTotal": -18,
        "period": "2018-03-31",
        "pretaxIncome": 24.9,
        "provisionforIncomeTaxes": -6.5,
        "revenue": 1529.2,
        "sgaExpense": 846.6,
        "totalOperatingExpense": 828.6,
        "totalOtherIncomeExpenseNet": -5.5
      },
      {
        "costOfGoodsSold": 645.6,
        "depreciationAmortization": 6,
        "dilutedAverageSharesOutstanding": 81.7,
        "dilutedEPS": -1,
        "ebit": 216.4,
        "grossIncome": 996.2,
        "interestExpense": 4.8,
        "interestIncomeExpense": -2.9,
        "netIncome": -81.8,
        "netIncomeAfterTaxes": 149.5,
        "nonRecurringItems": -27.2,
        "period": "2017-12-30",
        "pretaxIncome": 186.3,
        "provisionforIncomeTaxes": 36.8,
        "revenue": 1641.8,
        "sgaExpense": 773.8,
        "totalOperatingExpense": 779.8
      },
      {
        "costOfGoodsSold": 667.8,
        "depreciationAmortization": 6,
        "dilutedAverageSharesOutstanding": 82.3,
        "dilutedEPS": 1.75,
        "ebit": 223.7,
        "grossIncome": 996.4,
        "interestExpense": 4.6,
        "interestIncomeExpense": -2.1,
        "netIncome": 143.8,
        "netIncomeAfterTaxes": 143.8,
        "nonRecurringItems": -30.4,
        "period": "2017-09-30",
        "pretaxIncome": 191.2,
        "provisionforIncomeTaxes": 47.4,
        "revenue": 1664.2,
        "sgaExpense": 766.7,
        "totalOperatingExpense": 772.7
      },
      {
        "costOfGoodsSold": 495.2,
        "depreciationAmortization": 6,
        "dilutedAverageSharesOutstanding": 82.5,
        "dilutedEPS": 0.72,
        "ebit": 137.5,
        "grossIncome": 851.9,
        "interestExpense": 5,
        "interestIncomeExpense": -3.5,
        "netIncome": 59.5,
        "netIncomeAfterTaxes": 59.5,
        "nonRecurringItems": -47.2,
        "period": "2017-07-01",
        "pretaxIncome": 86.8,
        "provisionforIncomeTaxes": 27.3,
        "revenue": 1347.1,
        "sgaExpense": 708.4,
        "totalOperatingExpense": 714.4
      },
      {
        "costOfGoodsSold": 746.7,
        "depreciationAmortization": 75.5,
        "dilutedAverageSharesOutstanding": 82.1,
        "dilutedEPS": -2.49,
        "ebit": 53.6,
        "grossIncome": 819.1,
        "interestExpense": 1.4,
        "interestIncomeExpense": -1.1,
        "netIncome": -204.3,
        "netIncomeAfterTaxes": -204.3,
        "nonRecurringItems": -321.4,
        "period": "2017-04-01",
        "pretaxIncome": -268.9,
        "provisionforIncomeTaxes": -64.6,
        "revenue": 1565.8,
        "sgaExpense": 690,
        "totalOperatingExpense": 765.5
      },
      {
        "costOfGoodsSold": 731,
        "depreciationAmortization": 78,
        "dilutedAverageSharesOutstanding": 83.3,
        "dilutedEPS": 0.98,
        "ebit": 205,
        "grossIncome": 983,
        "interestExpense": 4,
        "interestIncomeExpense": -4,
        "netIncome": 82,
        "netIncomeAfterTaxes": 82,
        "nonRecurringItems": -77,
        "period": "2016-12-31",
        "pretaxIncome": 124,
        "provisionforIncomeTaxes": 42,
        "revenue": 1714,
        "sgaExpense": 700,
        "totalOperatingExpense": 778
      },
      {
        "costOfGoodsSold": 867,
        "depreciationAmortization": 76,
        "dilutedAverageSharesOutstanding": 83.2,
        "dilutedEPS": 0.54,
        "ebit": 145,
        "grossIncome": 954,
        "interestExpense": 4,
        "interestIncomeExpense": -3,
        "netIncome": 45,
        "netIncomeAfterTaxes": 45,
        "nonRecurringItems": -69,
        "period": "2016-10-01",
        "pretaxIncome": 73,
        "provisionforIncomeTaxes": 28,
        "revenue": 1821,
        "sgaExpense": 733,
        "totalOperatingExpense": 809
      },
      {
        "costOfGoodsSold": 657,
        "depreciationAmortization": 78,
        "dilutedAverageSharesOutstanding": 83.3,
        "dilutedEPS": -0.26,
        "ebit": 74,
        "grossIncome": 895,
        "interestExpense": 3,
        "interestIncomeExpense": -2,
        "netIncome": -22,
        "netIncomeAfterTaxes": -22,
        "nonRecurringItems": -105,
        "period": "2016-07-02",
        "pretaxIncome": -33,
        "provisionforIncomeTaxes": -11,
        "revenue": 1552,
        "sgaExpense": 743,
        "totalOperatingExpense": 821
      },
      {
        "costOfGoodsSold": 857,
        "depreciationAmortization": 83,
        "dilutedAverageSharesOutstanding": 84.7,
        "dilutedEPS": 0.48,
        "ebit": 112,
        "grossIncome": 1014,
        "interestExpense": 7,
        "interestIncomeExpense": -5,
        "netIncome": 41,
        "netIncomeAfterTaxes": 41,
        "nonRecurringItems": -45,
        "period": "2016-04-02",
        "pretaxIncome": 62,
        "provisionforIncomeTaxes": 21,
        "revenue": 1871,
        "sgaExpense": 819,
        "totalOperatingExpense": 902
      },
      {
        "costOfGoodsSold": 852,
        "depreciationAmortization": 76,
        "dilutedAverageSharesOutstanding": 85.5,
        "dilutedEPS": 1.53,
        "ebit": 256,
        "grossIncome": 1094,
        "interestExpense": 6,
        "interestIncomeExpense": -8,
        "netIncome": 131,
        "netIncomeAfterTaxes": 131,
        "nonRecurringItems": -67,
        "period": "2015-12-26",
        "pretaxIncome": 181,
        "provisionforIncomeTaxes": 50,
        "revenue": 1946,
        "sgaExpense": 762,
        "totalOperatingExpense": 838
      },
      {
        "costOfGoodsSold": 857,
        "depreciationAmortization": 77,
        "dilutedAverageSharesOutstanding": 86,
        "dilutedEPS": 1.86,
        "ebit": 268,
        "grossIncome": 1113,
        "interestExpense": 4,
        "interestIncomeExpense": -11,
        "netIncome": 160,
        "netIncomeAfterTaxes": 160,
        "nonRecurringItems": -38,
        "period": "2015-09-26",
        "pretaxIncome": 219,
        "provisionforIncomeTaxes": 59,
        "revenue": 1970,
        "sgaExpense": 768,
        "totalOperatingExpense": 845
      }
    ],
    "symbol": "RL"
  }
}