{
  "symbol": "DAY",
  "statement": "ic",
  "frequency": "quarterly",
  "timestamp": "2025-09-19T13:58:56.711092",
  "data": {
    "financials": [
      {
        "costOfGoodsSold": 226.6,
        "depreciationAmortization": 53.2,
        "dilutedAverageSharesOutstanding": 161,
        "dilutedEPS": 0.1323,
        "ebit": 42.3,
        "grossIncome": 238.1,
        "interestExpense": 11.8,
        "interestIncomeExpense": 1,
        "netIncome": 21.3,
        "netIncomeAfterTaxes": 21.3,
        "period": "2025-06-30",
        "pretaxIncome": 38.3,
        "provisionforIncomeTaxes": 17,
        "revenue": 464.7,
        "sgaExpense": 142.6,
        "totalOperatingExpense": 195.8,
        "totalOtherIncomeExpenseNet": -5
      },
      {
        "costOfGoodsSold": 239,
        "depreciationAmortization": 53.9,
        "dilutedAverageSharesOutstanding": 161.9,
        "dilutedEPS": 0.092,
        "ebit": 31,
        "grossIncome": 242.8,
        "interestExpense": 12.7,
        "interestIncomeExpense": -5.8,
        "netIncome": 14.9,
        "netIncomeAfterTaxes": 14.9,
        "period": "2025-03-31",
        "pretaxIncome": 19.1,
        "provisionforIncomeTaxes": 4.2,
        "revenue": 481.8,
        "sgaExpense": 157.9,
        "totalOperatingExpense": 211.8,
        "totalOtherIncomeExpenseNet": -6.1
      },
      {
        "costOfGoodsSold": 246.6,
        "dilutedAverageSharesOutstanding": 161.9,
        "dilutedEPS": 0.0667,
        "ebit": 35.9,
        "grossIncome": 218.6,
        "interestExpense": 12.2,
        "interestIncomeExpense": -31.8,
        "netIncome": 10.8,
        "netIncomeAfterTaxes": 10.8,
        "nonRecurringItems": 0,
        "otherOperatingExpensesTotal": 1.6,
        "period": "2024-12-31",
        "pretaxIncome": 0.9,
        "provisionforIncomeTaxes": -9.9,
        "revenue": 465.2,
        "sgaExpense": 181.1,
        "totalOperatingExpense": 182.7,
        "totalOtherIncomeExpenseNet": -3.2
      },
      {
        "costOfGoodsSold": 238.7,
        "dilutedAverageSharesOutstanding": 159.7,
        "dilutedEPS": 0.0125,
        "ebit": 20.8,
        "grossIncome": 201.3,
        "interestExpense": 13.6,
        "interestIncomeExpense": 0.3,
        "netIncome": 2,
        "netIncomeAfterTaxes": 2,
        "period": "2024-09-30",
        "pretaxIncome": 18.3,
        "provisionforIncomeTaxes": 16.3,
        "revenue": 440,
        "sgaExpense": 180.5,
        "totalOperatingExpense": 180.5,
        "totalOtherIncomeExpenseNet": -2.8
      },
      {
        "costOfGoodsSold": 236.5,
        "dilutedAverageSharesOutstanding": 157.9,
        "dilutedEPS": -0.0114,
        "ebit": 14.1,
        "grossIncome": 186.8,
        "interestExpense": 14.1,
        "interestIncomeExpense": -11.1,
        "netIncome": -1.8,
        "netIncomeAfterTaxes": -1.8,
        "period": "2024-06-30",
        "pretaxIncome": 0,
        "provisionforIncomeTaxes": 1.8,
        "revenue": 423.3,
        "sgaExpense": 172.7,
        "totalOperatingExpense": 172.7,
        "totalOtherIncomeExpenseNet": -3
      },
      {
        "costOfGoodsSold": 226.1,
        "dilutedAverageSharesOutstanding": 159.9,
        "dilutedEPS": 0.0444,
        "ebit": 40.7,
        "grossIncome": 205.4,
        "interestExpense": 14.5,
        "interestIncomeExpense": -19.5,
        "netIncome": 7.1,
        "netIncomeAfterTaxes": 7.1,
        "otherOperatingExpensesTotal": 0,
        "period": "2024-03-31",
        "pretaxIncome": 18.4,
        "provisionforIncomeTaxes": 11.3,
        "revenue": 431.5,
        "sgaExpense": 164.7,
        "totalOperatingExpense": 164.7,
        "totalOtherIncomeExpenseNet": -2.8
      },
      {
        "costOfGoodsSold": 229.9,
        "dilutedAverageSharesOutstanding": 159.4456,
        "dilutedEPS": 0.286,
        "ebit": 47.7,
        "grossIncome": 169.8,
        "interestExpense": 0.1,
        "interestIncomeExpense": -11.9,
        "netIncome": 45.6,
        "netIncomeAfterTaxes": 45.6,
        "otherOperatingExpensesTotal": -16.4,
        "period": "2023-12-31",
        "pretaxIncome": 35.5,
        "provisionforIncomeTaxes": -10.1,
        "revenue": 399.7,
        "sgaExpense": 138.5,
        "totalOperatingExpense": 122.1,
        "totalOtherIncomeExpenseNet": -0.3
      },
      {
        "costOfGoodsSold": 217,
        "dilutedAverageSharesOutstanding": 155.7,
        "dilutedEPS": -0.02,
        "ebit": 31.1,
        "grossIncome": 160.5,
        "interestIncomeExpense": -18.2,
        "netIncome": -3.8,
        "netIncomeAfterTaxes": -3.8,
        "period": "2023-09-30",
        "pretaxIncome": 12.5,
        "provisionforIncomeTaxes": 16.3,
        "revenue": 377.5,
        "sgaExpense": 129.4,
        "totalOperatingExpense": 129.4,
        "totalOtherIncomeExpenseNet": -0.4
      },
      {
        "costOfGoodsSold": 210,
        "dilutedAverageSharesOutstanding": 157.6,
        "dilutedEPS": 0.02,
        "ebit": 33.1,
        "grossIncome": 155.9,
        "interestExpense": 0.1,
        "interestIncomeExpense": -12.3,
        "netIncome": 3.1,
        "netIncomeAfterTaxes": 3.1,
        "period": "2023-06-30",
        "pretaxIncome": 19.6,
        "provisionforIncomeTaxes": 16.5,
        "revenue": 365.9,
        "sgaExpense": 122.8,
        "totalOperatingExpense": 122.8,
        "totalOtherIncomeExpenseNet": -1.2
      },
      {
        "costOfGoodsSold": 210.3,
        "dilutedAverageSharesOutstanding": 157.7,
        "dilutedEPS": 0.06,
        "ebit": 41.9,
        "grossIncome": 160.3,
        "interestExpense": 0.1,
        "interestIncomeExpense": -13.8,
        "netIncome": 9.9,
        "netIncomeAfterTaxes": 9.9,
        "period": "2023-03-31",
        "pretaxIncome": 28.4,
        "provisionforIncomeTaxes": 18.5,
        "revenue": 370.6,
        "sgaExpense": 118.4,
        "totalOperatingExpense": 118.4,
        "totalOtherIncomeExpenseNet": 0.3
      },
      {
        "costOfGoodsSold": 201,
        "dilutedAverageSharesOutstanding": 153.7,
        "dilutedEPS": -0.03,
        "ebit": 6.2,
        "grossIncome": 135.1,
        "interestExpense": 8.7,
        "interestIncomeExpense": -8.7,
        "netIncome": -5.2,
        "netIncomeAfterTaxes": -5.2,
        "otherOperatingExpensesTotal": -2.9,
        "period": "2022-12-31",
        "pretaxIncome": -2.5,
        "provisionforIncomeTaxes": 2.7,
        "revenue": 336.1,
        "sgaExpense": 131.8,
        "totalOperatingExpense": 128.9
      },
      {
        "costOfGoodsSold": 196.6,
        "dilutedAverageSharesOutstanding": 153.2,
        "dilutedEPS": -0.14,
        "ebit": -9.6,
        "grossIncome": 119,
        "interestExpense": 7.4,
        "interestIncomeExpense": -7.4,
        "netIncome": -21,
        "netIncomeAfterTaxes": -21,
        "otherOperatingExpensesTotal": 5.9,
        "period": "2022-09-30",
        "pretaxIncome": -17,
        "provisionforIncomeTaxes": 4,
        "revenue": 315.6,
        "sgaExpense": 122.7,
        "totalOperatingExpense": 128.6
      },
      {
        "costOfGoodsSold": 185.2,
        "dilutedAverageSharesOutstanding": 152.8,
        "dilutedEPS": -0.13,
        "ebit": -12.3,
        "grossIncome": 116,
        "interestExpense": 6.7,
        "interestIncomeExpense": -6.7,
        "netIncome": -19.8,
        "netIncomeAfterTaxes": -19.8,
        "otherOperatingExpensesTotal": 5.8,
        "period": "2022-06-30",
        "pretaxIncome": -19,
        "provisionforIncomeTaxes": 0.8,
        "revenue": 301.2,
        "sgaExpense": 122.5,
        "totalOperatingExpense": 128.3
      },
      {
        "costOfGoodsSold": 190.2,
        "dilutedAverageSharesOutstanding": 152.1,
        "dilutedEPS": -0.18,
        "ebit": -18.6,
        "grossIncome": 103.1,
        "interestExpense": 5.8,
        "interestIncomeExpense": -5.8,
        "netIncome": -27.4,
        "netIncomeAfterTaxes": -27.4,
        "otherOperatingExpensesTotal": -0.3,
        "period": "2022-03-31",
        "pretaxIncome": -24.4,
        "provisionforIncomeTaxes": 3,
        "revenue": 293.3,
        "sgaExpense": 122,
        "totalOperatingExpense": 121.7
      },
      {
        "costOfGoodsSold": 178.2,
        "dilutedAverageSharesOutstanding": 154.4,
        "dilutedEPS": -0.06,
        "ebit": -0.1,
        "grossIncome": 103.9,
        "interestExpense": 10.4,
        "interestIncomeExpense": -10.4,
        "netIncome": -9.5,
        "netIncomeAfterTaxes": -9.5,
        "otherOperatingExpensesTotal": 2.7,
        "period": "2021-12-31",
        "pretaxIncome": -10.5,
        "provisionforIncomeTaxes": -1,
        "revenue": 282.1,
        "sgaExpense": 101.3,
        "totalOperatingExpense": 104
      },
      {
        "costOfGoodsSold": 164.1,
        "dilutedAverageSharesOutstanding": 150.5,
        "dilutedEPS": -0.14,
        "ebit": -19.4,
        "grossIncome": 93.1,
        "interestExpense": 10,
        "interestIncomeExpense": -10,
        "netIncome": -20.9,
        "netIncomeAfterTaxes": -20.9,
        "otherOperatingExpensesTotal": 3.4,
        "period": "2021-09-30",
        "pretaxIncome": -29.4,
        "provisionforIncomeTaxes": -8.5,
        "revenue": 257.2,
        "sgaExpense": 109.1,
        "totalOperatingExpense": 112.5
      },
      {
        "costOfGoodsSold": 158.3,
        "dilutedAverageSharesOutstanding": 149.3,
        "dilutedEPS": -0.17,
        "ebit": -27.9,
        "grossIncome": 92.1,
        "interestExpense": 9.9,
        "interestIncomeExpense": -9.9,
        "netIncome": -25.8,
        "netIncomeAfterTaxes": -25.8,
        "otherOperatingExpensesTotal": 8.2,
        "period": "2021-06-30",
        "pretaxIncome": -37.8,
        "provisionforIncomeTaxes": -12,
        "revenue": 250.4,
        "sgaExpense": 111.8,
        "totalOperatingExpense": 120
      },
      {
        "costOfGoodsSold": 141.3,
        "dilutedAverageSharesOutstanding": 148.7,
        "dilutedEPS": -0.13,
        "ebit": -11.2,
        "grossIncome": 93.2,
        "interestExpense": 5.6,
        "interestIncomeExpense": -1.4,
        "netIncome": -19.2,
        "netIncomeAfterTaxes": -19.2,
        "otherOperatingExpensesTotal": 8.8,
        "period": "2021-03-31",
        "pretaxIncome": -12.6,
        "provisionforIncomeTaxes": 6.6,
        "revenue": 234.5,
        "sgaExpense": 95.6,
        "totalOperatingExpense": 104.4
      },
      {
        "costOfGoodsSold": 137.3,
        "dilutedAverageSharesOutstanding": 148.1,
        "dilutedEPS": -0.12,
        "ebit": -21.9,
        "grossIncome": 85.5,
        "interestExpense": 5.7,
        "interestIncomeExpense": -5.7,
        "netIncome": -17.3,
        "netIncomeAfterTaxes": -17.3,
        "otherOperatingExpensesTotal": 0,
        "period": "2020-12-31",
        "pretaxIncome": -27.6,
        "provisionforIncomeTaxes": -10.3,
        "revenue": 222.8,
        "sgaExpense": 107.4,
        "totalOperatingExpense": 107.4
      },
      {
        "costOfGoodsSold": 127.7,
        "dilutedAverageSharesOutstanding": 147.1,
        "dilutedEPS": -0.01,
        "ebit": -0.4,
        "grossIncome": 76.7,
        "interestExpense": 5.9,
        "interestIncomeExpense": -5.9,
        "netIncome": -0.8,
        "netIncomeAfterTaxes": -0.8,
        "otherOperatingExpensesTotal": -0.2,
        "period": "2020-09-30",
        "pretaxIncome": -6.3,
        "provisionforIncomeTaxes": -5.5,
        "revenue": 204.4,
        "sgaExpense": 77.3,
        "totalOperatingExpense": 77.1
      },
      {
        "costOfGoodsSold": 114,
        "dilutedAverageSharesOutstanding": 151.4,
        "dilutedEPS": 0.04,
        "ebit": 3.7,
        "grossIncome": 78.6,
        "interestExpense": 6.6,
        "interestIncomeExpense": -6.6,
        "netIncome": 5.5,
        "netIncomeAfterTaxes": 5.5,
        "otherOperatingExpensesTotal": 0.3,
        "period": "2020-06-30",
        "pretaxIncome": -2.9,
        "provisionforIncomeTaxes": -8.4,
        "revenue": 192.6,
        "sgaExpense": 74.6,
        "totalOperatingExpense": 74.9
      },
      {
        "costOfGoodsSold": 122.2,
        "dilutedAverageSharesOutstanding": 151.2,
        "dilutedEPS": 0.06,
        "ebit": 23.7,
        "grossIncome": 100.5,
        "interestExpense": 6.9,
        "interestIncomeExpense": -6.9,
        "netIncome": 8.6,
        "netIncomeAfterTaxes": 8.6,
        "otherOperatingExpensesTotal": 2.6,
        "period": "2020-03-31",
        "pretaxIncome": 16.8,
        "provisionforIncomeTaxes": 8.2,
        "revenue": 222.7,
        "sgaExpense": 74.2,
        "totalOperatingExpense": 76.8
      },
      {
        "costOfGoodsSold": 124,
        "dilutedAverageSharesOutstanding": 144.1,
        "dilutedEPS": -0.01,
        "ebit": 18.8,
        "grossIncome": 97.8,
        "interestExpense": 7.2,
        "interestIncomeExpense": -7.2,
        "minorityInterest": 0,
        "netIncome": -1.5,
        "netIncomeAfterTaxes": -1.5,
        "otherOperatingExpensesTotal": 0.9,
        "period": "2019-12-31",
        "pretaxIncome": 11.6,
        "provisionforIncomeTaxes": 13.1,
        "revenue": 221.8,
        "sgaExpense": 78.1,
        "totalOperatingExpense": 79
      },
      {
        "costOfGoodsSold": 113.5,
        "dilutedAverageSharesOutstanding": 149.2,
        "dilutedEPS": 0.42,
        "ebit": 4.9,
        "grossIncome": 88.8,
        "interestExpense": 7.8,
        "interestIncomeExpense": -7.8,
        "minorityInterest": 0,
        "netIncome": 62.7,
        "netIncomeAfterTaxes": 62.7,
        "otherOperatingExpensesTotal": 1.6,
        "period": "2019-09-30",
        "pretaxIncome": -2.9,
        "provisionforIncomeTaxes": -65.6,
        "revenue": 202.3,
        "sgaExpense": 82.3,
        "totalOperatingExpense": 83.9
      },
      {
        "costOfGoodsSold": 108.3,
        "dilutedAverageSharesOutstanding": 148.3,
        "dilutedEPS": 0.04,
        "ebit": 17.2,
        "grossIncome": 88,
        "interestExpense": 8.5,
        "interestIncomeExpense": -8.5,
        "minorityInterest": 0,
        "netIncome": 6.3,
        "netIncomeAfterTaxes": 6.3,
        "otherOperatingExpensesTotal": 1.5,
        "period": "2019-06-30",
        "pretaxIncome": 8.7,
        "provisionforIncomeTaxes": 2.4,
        "revenue": 196.3,
        "sgaExpense": 69.3,
        "totalOperatingExpense": 70.8
      },
      {
        "costOfGoodsSold": 110.1,
        "dilutedAverageSharesOutstanding": 147,
        "dilutedEPS": 0.08,
        "ebit": 25.8,
        "grossIncome": 93.6,
        "interestExpense": 8.9,
        "interestIncomeExpense": -8.9,
        "minorityInterest": 0,
        "netIncome": 11.2,
        "netIncomeAfterTaxes": 11.2,
        "otherOperatingExpensesTotal": 1.6,
        "period": "2019-03-31",
        "pretaxIncome": 16.9,
        "provisionforIncomeTaxes": 5.7,
        "revenue": 203.7,
        "sgaExpense": 66.2,
        "totalOperatingExpense": 67.8
      },
      {
        "costOfGoodsSold": 108.8,
        "dilutedAverageSharesOutstanding": 139,
        "dilutedEPS": -0.01,
        "ebit": 19.8,
        "grossIncome": 86,
        "interestExpense": 8.8,
        "interestIncomeExpense": -8.8,
        "minorityInterest": 0,
        "netIncome": -2.1,
        "netIncomeAfterTaxes": 8.9,
        "otherOperatingExpensesTotal": 0.5,
        "period": "2018-12-31",
        "pretaxIncome": 11,
        "provisionforIncomeTaxes": 2.1,
        "revenue": 194.8,
        "sgaExpense": 65.7,
        "totalOperatingExpense": 66.2
      },
      {
        "costOfGoodsSold": 104.6,
        "dilutedAverageSharesOutstanding": 145.1,
        "dilutedEPS": 0.02,
        "ebit": 15.3,
        "grossIncome": 73.5,
        "interestExpense": 8.8,
        "interestIncomeExpense": -8.8,
        "minorityInterest": 0,
        "netIncome": 4.2,
        "netIncomeAfterTaxes": 7.2,
        "otherOperatingExpensesTotal": 0.9,
        "period": "2018-09-30",
        "pretaxIncome": 6.5,
        "provisionforIncomeTaxes": -0.7,
        "revenue": 178.1,
        "sgaExpense": 57.3,
        "totalOperatingExpense": 58.2
      },
      {
        "costOfGoodsSold": 106.5,
        "dilutedAverageSharesOutstanding": 179.5,
        "dilutedEPS": -0.36,
        "ebit": -9,
        "grossIncome": 72.5,
        "interestExpense": 43.4,
        "interestIncomeExpense": -43.4,
        "minorityInterest": 0,
        "netIncome": -65.7,
        "netIncomeAfterTaxes": -53.6,
        "otherOperatingExpensesTotal": 0.6,
        "period": "2018-06-30",
        "pretaxIncome": -52.4,
        "provisionforIncomeTaxes": 1.2,
        "revenue": 179,
        "sgaExpense": 80.9,
        "totalOperatingExpense": 81.5
      },
      {
        "costOfGoodsSold": 105.9,
        "dilutedAverageSharesOutstanding": 65.3,
        "dilutedEPS": -0.07,
        "ebit": 30.2,
        "grossIncome": 82.9,
        "interestExpense": 22.2,
        "interestIncomeExpense": -22.2,
        "minorityInterest": 0.5,
        "netIncome": -4.7,
        "netIncomeAfterTaxes": 2.2,
        "otherOperatingExpensesTotal": -2.2,
        "period": "2018-03-31",
        "pretaxIncome": 8,
        "provisionforIncomeTaxes": 5.8,
        "revenue": 188.8,
        "sgaExpense": 54.9,
        "totalOperatingExpense": 52.7
      },
      {
        "costOfGoodsSold": 103.9,
        "dilutedAverageSharesOutstanding": 65.3,
        "dilutedEPS": 0.55,
        "ebit": 16.1,
        "grossIncome": 78.5,
        "interestExpense": 21.8,
        "interestIncomeExpense": -21.8,
        "minorityInterest": 0.9,
        "netIncome": 36,
        "netIncomeAfterTaxes": -11.7,
        "otherOperatingExpensesTotal": 0.4,
        "period": "2017-12-31",
        "pretaxIncome": -5.7,
        "provisionforIncomeTaxes": 6,
        "revenue": 182.4,
        "sgaExpense": 62,
        "totalOperatingExpense": 62.4
      },
      {
        "costOfGoodsSold": 102.2,
        "dilutedAverageSharesOutstanding": 65.3,
        "dilutedEPS": -0.37,
        "ebit": 5.1,
        "grossIncome": 61.3,
        "interestExpense": 21.9,
        "interestIncomeExpense": -21.9,
        "minorityInterest": 0.5,
        "netIncome": -24.5,
        "netIncomeAfterTaxes": -17.7,
        "otherOperatingExpensesTotal": 3.8,
        "period": "2017-09-30",
        "pretaxIncome": -16.8,
        "provisionforIncomeTaxes": 0.9,
        "revenue": 163.5,
        "sgaExpense": 52.4,
        "totalOperatingExpense": 56.2
      },
      {
        "costOfGoodsSold": 99.8,
        "dilutedAverageSharesOutstanding": -2,
        "dilutedEPS": -0.56,
        "ebit": 0.9,
        "grossIncome": 57.7,
        "interestExpense": 22,
        "interestIncomeExpense": -22,
        "minorityInterest": -0.1,
        "netIncome": -25.3,
        "netIncomeAfterTaxes": -23,
        "otherOperatingExpensesTotal": 2,
        "period": "2017-06-30",
        "pretaxIncome": -21.1,
        "provisionforIncomeTaxes": 1.9,
        "revenue": 157.5,
        "sgaExpense": 54.8,
        "totalOperatingExpense": 56.8
      },
      {
        "costOfGoodsSold": 101.6,
        "dilutedAverageSharesOutstanding": 133.2,
        "dilutedEPS": -0.12,
        "ebit": 10.9,
        "grossIncome": 65.8,
        "interestExpense": 21.4,
        "interestIncomeExpense": -21.4,
        "minorityInterest": 0,
        "netIncome": -15.9,
        "netIncomeAfterTaxes": -11.5,
        "otherOperatingExpensesTotal": 1.1,
        "period": "2017-03-31",
        "pretaxIncome": -10.5,
        "provisionforIncomeTaxes": 1,
        "revenue": 167.4,
        "sgaExpense": 53.8,
        "totalOperatingExpense": 54.9
      },
      {
        "costOfGoodsSold": 114.9,
        "dilutedAverageSharesOutstanding": 133.2,
        "dilutedEPS": -0.28,
        "ebit": 10.9,
        "grossIncome": 74.3,
        "interestExpense": 21.9,
        "interestIncomeExpense": -21.9,
        "minorityInterest": 0.8,
        "netIncome": -37.7,
        "netIncomeAfterTaxes": -20.9,
        "otherOperatingExpensesTotal": -2.1,
        "period": "2016-12-31",
        "pretaxIncome": -11,
        "provisionforIncomeTaxes": 9.9,
        "revenue": 189.2,
        "sgaExpense": 65.5,
        "totalOperatingExpense": 63.4
      },
      {
        "costOfGoodsSold": 116.9,
        "dilutedAverageSharesOutstanding": 133.2,
        "dilutedEPS": -0.29,
        "ebit": -12.5,
        "grossIncome": 53,
        "interestExpense": 21.8,
        "interestIncomeExpense": -21.8,
        "minorityInterest": -0.6,
        "netIncome": -38.8,
        "netIncomeAfterTaxes": -41.6,
        "otherOperatingExpensesTotal": 3.7,
        "period": "2016-09-30",
        "pretaxIncome": -34.3,
        "provisionforIncomeTaxes": 7.3,
        "revenue": 169.9,
        "sgaExpense": 61.8,
        "totalOperatingExpense": 65.5
      },
      {
        "costOfGoodsSold": 109.7,
        "dilutedAverageSharesOutstanding": 133.2,
        "dilutedEPS": -0.15,
        "ebit": -11.8,
        "grossIncome": 56.8,
        "interestExpense": 21.8,
        "interestIncomeExpense": -21.8,
        "minorityInterest": -0.2,
        "netIncome": -21.1,
        "netIncomeAfterTaxes": -32.7,
        "otherOperatingExpensesTotal": 9.9,
        "period": "2016-06-30",
        "pretaxIncome": -33.6,
        "provisionforIncomeTaxes": -0.9,
        "revenue": 166.5,
        "sgaExpense": 58.7,
        "totalOperatingExpense": 68.6
      },
      {
        "costOfGoodsSold": 103.8,
        "dilutedAverageSharesOutstanding": 133.2,
        "dilutedEPS": -0.07,
        "ebit": 9.3,
        "grossIncome": 74.8,
        "interestExpense": 21.9,
        "interestIncomeExpense": -21.9,
        "minorityInterest": -0.1,
        "netIncome": -9.4,
        "netIncomeAfterTaxes": -14.1,
        "otherOperatingExpensesTotal": 1.7,
        "period": "2016-03-31",
        "pretaxIncome": -12.6,
        "provisionforIncomeTaxes": 1.5,
        "revenue": 178.6,
        "sgaExpense": 63.8,
        "totalOperatingExpense": 65.5
      }
    ],
    "symbol": "DAY"
  }
}