{
  "symbol": "IEX",
  "statement": "ic",
  "frequency": "annual",
  "timestamp": "2025-09-19T14:01:53.707016",
  "data": {
    "financials": [
      {
        "costOfGoodsSold": 1823.6,
        "dilutedAverageSharesOutstanding": 75.9,
        "dilutedEPS": 6.6535,
        "ebit": 696.9,
        "grossIncome": 1445.2,
        "interestExpense": 44.5,
        "interestIncomeExpense": -44.5,
        "minorityInterest": 0.4,
        "netIncome": 505,
        "netIncomeAfterTaxes": 504.6,
        "nonRecurringItems": -15.7,
        "period": "2024-12-31",
        "pretaxIncome": 639.3,
        "provisionforIncomeTaxes": 134.7,
        "revenue": 3268.8,
        "sgaExpense": 748.3,
        "totalOperatingExpense": 748.3,
        "totalOtherIncomeExpenseNet": 2.6,
        "year": 2024
      },
      {
        "costOfGoodsSold": 1827,
        "dilutedAverageSharesOutstanding": 75.9,
        "dilutedEPS": 7.8538,
        "ebit": 750.7,
        "grossIncome": 1446.9,
        "interestExpense": 51.7,
        "interestIncomeExpense": -51.7,
        "minorityInterest": 0.5,
        "netIncome": 596.1,
        "netIncomeAfterTaxes": 595.6,
        "nonRecurringItems": 66.5,
        "period": "2023-12-31",
        "pretaxIncome": 760.3,
        "provisionforIncomeTaxes": 164.7,
        "revenue": 3273.9,
        "sgaExpense": 696.2,
        "totalOperatingExpense": 696.2,
        "totalOtherIncomeExpenseNet": -5.2,
        "year": 2023
      },
      {
        "costOfGoodsSold": 1755,
        "dilutedAverageSharesOutstanding": 76,
        "dilutedEPS": 7.72,
        "ebit": 781,
        "grossIncome": 1426.9,
        "interestExpense": 40.7,
        "interestIncomeExpense": -40.7,
        "minorityInterest": 0.2,
        "netIncome": 586.9,
        "netIncomeAfterTaxes": 586.7,
        "nonRecurringItems": 5.2,
        "period": "2022-12-31",
        "pretaxIncome": 749.4,
        "provisionforIncomeTaxes": 162.7,
        "revenue": 3181.9,
        "sgaExpense": 645.9,
        "totalOperatingExpense": 645.9,
        "totalOtherIncomeExpenseNet": 3.9,
        "year": 2022
      },
      {
        "costOfGoodsSold": 1540.3,
        "dilutedAverageSharesOutstanding": 76.4,
        "dilutedEPS": 5.88,
        "ebit": 652.8,
        "grossIncome": 1224.5,
        "interestExpense": 41,
        "interestIncomeExpense": -41,
        "minorityInterest": 0.1,
        "netIncome": 449.4,
        "netIncomeAfterTaxes": 449.3,
        "nonRecurringItems": -15.8,
        "period": "2021-12-31",
        "pretaxIncome": 579.8,
        "provisionforIncomeTaxes": 130.5,
        "revenue": 2764.8,
        "sgaExpense": 571.7,
        "totalOperatingExpense": 571.7,
        "totalOtherIncomeExpenseNet": -16.2,
        "year": 2021
      },
      {
        "costOfGoodsSold": 1324.2,
        "dilutedAverageSharesOutstanding": 76.4,
        "dilutedEPS": 4.94,
        "ebit": 532.5,
        "grossIncome": 1027.4,
        "interestExpense": 44.746,
        "interestIncomeExpense": -44.7,
        "netIncome": 377.8,
        "netIncomeAfterTaxes": 377.8,
        "nonRecurringItems": -11.8,
        "period": "2020-12-31",
        "pretaxIncome": 470.3,
        "provisionforIncomeTaxes": 92.6,
        "revenue": 2351.6,
        "sgaExpense": 494.9,
        "totalOperatingExpense": 494.9,
        "totalOtherIncomeExpenseNet": -5.6,
        "year": 2020
      },
      {
        "costOfGoodsSold": 1369.5,
        "dilutedAverageSharesOutstanding": 76.5,
        "dilutedEPS": 5.56,
        "ebit": 600,
        "grossIncome": 1125,
        "interestExpense": 44.341,
        "interestIncomeExpense": -44.3,
        "netIncome": 425.5,
        "netIncomeAfterTaxes": 425.2,
        "nonRecurringItems": -21,
        "period": "2019-12-31",
        "pretaxIncome": 532.9,
        "provisionforIncomeTaxes": 107.7,
        "revenue": 2494.6,
        "sgaExpense": 525,
        "totalOperatingExpense": 525.1,
        "totalOtherIncomeExpenseNet": -1.8,
        "year": 2019
      },
      {
        "costOfGoodsSold": 1365.8,
        "dilutedAverageSharesOutstanding": 77.6,
        "dilutedEPS": 5.29,
        "ebit": 581.2,
        "grossIncome": 1117.9,
        "interestExpense": 44.134,
        "interestIncomeExpense": -44.1,
        "netIncome": 410.6,
        "netIncomeAfterTaxes": 405.7,
        "nonRecurringItems": -12.1,
        "period": "2018-12-31",
        "pretaxIncome": 528.9,
        "provisionforIncomeTaxes": 123.3,
        "revenue": 2483.7,
        "sgaExpense": 536.7,
        "totalOperatingExpense": 536.7,
        "totalOtherIncomeExpenseNet": 4,
        "year": 2018
      },
      {
        "costOfGoodsSold": 1260.6,
        "dilutedAverageSharesOutstanding": 77.3,
        "dilutedEPS": 4.36,
        "ebit": 501.8,
        "grossIncome": 1026.7,
        "interestExpense": 44.889,
        "interestIncomeExpense": -44.9,
        "netIncome": 337.3,
        "netIncomeAfterTaxes": 337.2,
        "nonRecurringItems": 0.8,
        "period": "2017-12-31",
        "pretaxIncome": 455.3,
        "provisionforIncomeTaxes": 118.1,
        "revenue": 2287.3,
        "sgaExpense": 524.9,
        "totalOperatingExpense": 525,
        "totalOtherIncomeExpenseNet": -2.4,
        "year": 2017
      },
      {
        "costOfGoodsSold": 1182.3,
        "dilutedAverageSharesOutstanding": 76.8,
        "dilutedEPS": 3.53,
        "ebit": 438.4,
        "grossIncome": 930.8,
        "interestExpense": 45.616,
        "interestIncomeExpense": -45.6,
        "netIncome": 271.1,
        "netIncomeAfterTaxes": 271.1,
        "nonRecurringItems": -26,
        "period": "2016-12-31",
        "pretaxIncome": 368.5,
        "provisionforIncomeTaxes": 97.4,
        "revenue": 2113,
        "sgaExpense": 492.4,
        "totalOperatingExpense": 492.3,
        "totalOtherIncomeExpenseNet": 1.7,
        "year": 2016
      },
      {
        "costOfGoodsSold": 1116.4,
        "dilutedAverageSharesOutstanding": 78,
        "dilutedEPS": 3.63,
        "ebit": 430.2,
        "grossIncome": 904.3,
        "interestExpense": 41.636,
        "interestIncomeExpense": -41.6,
        "netIncome": 282.8,
        "netIncomeAfterTaxes": 282.8,
        "nonRecurringItems": 6.8,
        "period": "2015-12-31",
        "pretaxIncome": 392.3,
        "provisionforIncomeTaxes": 109.5,
        "revenue": 2020.7,
        "sgaExpense": 474.2,
        "totalOperatingExpense": 474.1,
        "totalOtherIncomeExpenseNet": -3,
        "year": 2015
      }
    ],
    "symbol": "IEX"
  }
}