{
  "symbol": "PFG",
  "statement": "ic",
  "frequency": "annual",
  "timestamp": "2025-09-19T14:05:42.463645",
  "data": {
    "financials": [
      {
        "benefitsClaimsLossAdjustment": 8744,
        "depreciationAmortization": 29.8,
        "dilutedAverageSharesOutstanding": 235.3,
        "dilutedEPS": 6.6766,
        "ebit": 1475.1,
        "grossPremiumsEarned": 11170.7,
        "interestExpense": 2.6,
        "interestIncomeExpense": 414.5,
        "minorityInterest": -26.9,
        "netIncome": 1571,
        "netIncomeAfterTaxes": 1597.9,
        "otherOperatingExpensesTotal": 5267.5,
        "period": "2024-12-31",
        "pretaxIncome": 1889.6,
        "provisionforIncomeTaxes": 291.7,
        "revenue": 15680.3,
        "sgaExpense": 163.9,
        "totalOperatingExpense": 14205.2,
        "year": 2024
      },
      {
        "benefitsClaimsLossAdjustment": 7736.6,
        "depreciationAmortization": 32.9,
        "dilutedAverageSharesOutstanding": 244.6,
        "dilutedEPS": 2.5478,
        "ebit": 1855.5,
        "grossPremiumsEarned": 10566.8,
        "interestExpense": 1.9,
        "interestIncomeExpense": -1116.7,
        "minorityInterest": -46.9,
        "netIncome": 623.2,
        "netIncomeAfterTaxes": 670.1,
        "otherOperatingExpensesTotal": 4972,
        "period": "2023-12-31",
        "pretaxIncome": 738.8,
        "provisionforIncomeTaxes": 68.7,
        "revenue": 14751.5,
        "sgaExpense": 154.5,
        "totalOperatingExpense": 12896,
        "year": 2023
      },
      {
        "benefitsClaimsLossAdjustment": 6366.8,
        "depreciationAmortization": 34,
        "dilutedAverageSharesOutstanding": 255.3,
        "dilutedEPS": 18.6326,
        "ebit": 2460.7,
        "grossPremiumsEarned": 9477.5,
        "interestExpense": 1.2,
        "interestIncomeExpense": 3526.3,
        "minorityInterest": -40.6,
        "netIncome": 4756.9,
        "netIncomeAfterTaxes": 4797.5,
        "otherOperatingExpensesTotal": 4854.5,
        "period": "2022-12-31",
        "pretaxIncome": 5987,
        "provisionforIncomeTaxes": 1189.5,
        "revenue": 13838.8,
        "sgaExpense": 167.3,
        "totalOperatingExpense": 11422.6,
        "year": 2022
      },
      {
        "benefitsClaimsLossAdjustment": 7253.8,
        "depreciationAmortization": 30.5,
        "dilutedAverageSharesOutstanding": 272.9,
        "dilutedEPS": 5.7904,
        "ebit": 2010.2,
        "grossPremiumsEarned": 9882.8,
        "interestExpense": 1,
        "interestIncomeExpense": -99.3,
        "minorityInterest": -46.8,
        "netIncome": 1580.2,
        "netIncomeAfterTaxes": 1627,
        "otherOperatingExpensesTotal": 4962.8,
        "period": "2021-12-31",
        "pretaxIncome": 1910.9,
        "provisionforIncomeTaxes": 283.9,
        "revenue": 14262.7,
        "sgaExpense": 170.5,
        "totalOperatingExpense": 12417.6,
        "year": 2021
      },
      {
        "benefitsClaimsLossAdjustment": 8282,
        "depreciationAmortization": 21,
        "dilutedAverageSharesOutstanding": 277,
        "dilutedEPS": 5.05,
        "ebit": 1695,
        "grossPremiumsEarned": 10549,
        "interestExpense": 1,
        "interestIncomeExpense": -1,
        "minorityInterest": -33,
        "netIncome": 1396,
        "netIncomeAfterTaxes": 1429,
        "otherOperatingExpensesTotal": 4558,
        "period": "2020-12-31",
        "pretaxIncome": 1694,
        "provisionforIncomeTaxes": 265,
        "revenue": 14742,
        "sgaExpense": 188,
        "totalOperatingExpense": 13047,
        "year": 2020
      },
      {
        "benefitsClaimsLossAdjustment": 9906,
        "depreciationAmortization": 15,
        "dilutedAverageSharesOutstanding": 281,
        "dilutedEPS": 4.96,
        "ebit": 1738,
        "grossPremiumsEarned": 12277,
        "interestExpense": 1,
        "interestIncomeExpense": -1,
        "minorityInterest": -50,
        "netIncome": 1394,
        "netIncomeAfterTaxes": 1444,
        "nonRecurringItems": -44,
        "otherOperatingExpensesTotal": 4425,
        "period": "2019-12-31",
        "pretaxIncome": 1693,
        "provisionforIncomeTaxes": 249,
        "revenue": 16266,
        "sgaExpense": 183,
        "totalOperatingExpense": 14527,
        "year": 2019
      },
      {
        "benefitsClaimsLossAdjustment": 8193,
        "dilutedAverageSharesOutstanding": 289,
        "dilutedEPS": 5.35,
        "ebit": 1813,
        "grossPremiumsEarned": 10683,
        "minorityInterest": -7,
        "netIncome": 1547,
        "netIncomeAfterTaxes": 1554,
        "nonRecurringItems": -29,
        "otherOperatingExpensesTotal": 4137,
        "period": "2018-12-31",
        "pretaxIncome": 1784,
        "provisionforIncomeTaxes": 231,
        "revenue": 14266,
        "sgaExpense": 124,
        "totalOperatingExpense": 12453,
        "year": 2018
      },
      {
        "benefitsClaimsLossAdjustment": 7823,
        "dilutedAverageSharesOutstanding": 293,
        "dilutedEPS": 7.88,
        "ebit": 2334,
        "grossPremiumsEarned": 10110,
        "minorityInterest": -14,
        "netIncome": 2310,
        "netIncomeAfterTaxes": 1728,
        "nonRecurringItems": -82,
        "otherOperatingExpensesTotal": 3894,
        "period": "2017-12-31",
        "pretaxIncome": 2252,
        "provisionforIncomeTaxes": 524,
        "revenue": 14175,
        "sgaExpense": 125,
        "totalOperatingExpense": 11841,
        "year": 2017
      },
      {
        "benefitsClaimsLossAdjustment": 6913,
        "dilutedAverageSharesOutstanding": 293,
        "dilutedEPS": 4.5,
        "ebit": 1690,
        "grossPremiumsEarned": 8927,
        "minorityInterest": -45,
        "netIncome": 1317,
        "netIncomeAfterTaxes": 1362,
        "nonRecurringItems": -98,
        "otherOperatingExpensesTotal": 3733,
        "period": "2016-12-31",
        "pretaxIncome": 1592,
        "provisionforIncomeTaxes": 230,
        "revenue": 12493,
        "sgaExpense": 157,
        "totalOperatingExpense": 10803,
        "year": 2016
      },
      {
        "benefitsClaimsLossAdjustment": 6698,
        "dilutedAverageSharesOutstanding": 298,
        "dilutedEPS": 4.06,
        "ebit": 1461,
        "grossPremiumsEarned": 8963,
        "minorityInterest": -19,
        "netIncome": 1209,
        "netIncomeAfterTaxes": 1253,
        "nonRecurringItems": -30,
        "otherOperatingExpensesTotal": 3672,
        "period": "2015-12-31",
        "pretaxIncome": 1431,
        "provisionforIncomeTaxes": 178,
        "revenue": 11995,
        "sgaExpense": 164,
        "totalOperatingExpense": 10534,
        "year": 2015
      }
    ],
    "symbol": "PFG"
  }
}