{
  "symbol": "KLAC",
  "statement": "ic",
  "frequency": "quarterly",
  "timestamp": "2025-09-19T14:02:53.386526",
  "data": {
    "financials": [
      {
        "costOfGoodsSold": 1207.286,
        "dilutedAverageSharesOutstanding": 132.802,
        "dilutedEPS": 9.0575,
        "ebit": 1351.76,
        "grossIncome": 1967.455,
        "interestExpense": 73.125,
        "interestIncomeExpense": -73.125,
        "minorityInterest": 0,
        "netIncome": 1202.849,
        "netIncomeAfterTaxes": 1202.849,
        "nonRecurringItems": 0,
        "period": "2025-06-30",
        "pretaxIncome": 1328.799,
        "provisionforIncomeTaxes": 125.95,
        "researchDevelopment": 352.989,
        "revenue": 3174.741,
        "sgaExpense": 262.706,
        "totalOperatingExpense": 615.695,
        "totalOtherIncomeExpenseNet": 50.164
      },
      {
        "costOfGoodsSold": 1132.909,
        "dilutedAverageSharesOutstanding": 133.303,
        "dilutedEPS": 8.165,
        "ebit": 1343.172,
        "grossIncome": 1930.12,
        "interestExpense": 71.889,
        "interestIncomeExpense": -71.889,
        "netIncome": 1088.416,
        "netIncomeAfterTaxes": 1088.416,
        "nonRecurringItems": -42.78,
        "period": "2025-03-31",
        "pretaxIncome": 1264.433,
        "provisionforIncomeTaxes": 176.017,
        "researchDevelopment": 338.043,
        "revenue": 3063.029,
        "sgaExpense": 248.905,
        "totalOperatingExpense": 586.948,
        "totalOtherIncomeExpenseNet": 35.93
      },
      {
        "costOfGoodsSold": 1177.126,
        "dilutedAverageSharesOutstanding": 133.926,
        "dilutedEPS": 6.1566,
        "ebit": 1286.487,
        "grossIncome": 1899.725,
        "interestExpense": 74.981,
        "interestIncomeExpense": -74.981,
        "netIncome": 824.527,
        "netIncomeAfterTaxes": 824.527,
        "nonRecurringItems": -283.435,
        "period": "2024-12-31",
        "pretaxIncome": 972.529,
        "provisionforIncomeTaxes": 148.002,
        "researchDevelopment": 346.157,
        "revenue": 3076.851,
        "sgaExpense": 267.081,
        "totalOperatingExpense": 613.238,
        "totalOtherIncomeExpenseNet": 44.458
      },
      {
        "costOfGoodsSold": 1102.728,
        "depreciationAmortization": 12.654,
        "dilutedAverageSharesOutstanding": 134.858,
        "dilutedEPS": 7.0137,
        "ebit": 1164.626,
        "grossIncome": 1738.813,
        "interestExpense": 82.171,
        "interestIncomeExpense": -82.171,
        "netIncome": 945.851,
        "netIncomeAfterTaxes": 945.851,
        "nonRecurringItems": -44.703,
        "period": "2024-09-30",
        "pretaxIncome": 1078.687,
        "provisionforIncomeTaxes": 132.836,
        "researchDevelopment": 323.145,
        "revenue": 2841.541,
        "sgaExpense": 238.388,
        "totalOperatingExpense": 574.187,
        "totalOtherIncomeExpenseNet": 40.935
      },
      {
        "costOfGoodsSold": 961.793,
        "depreciationAmortization": 12.891,
        "dilutedAverageSharesOutstanding": 135.464,
        "dilutedEPS": 6.1747,
        "ebit": 1026.077,
        "grossIncome": 1606.942,
        "interestExpense": 82.836,
        "interestIncomeExpense": -82.836,
        "minorityInterest": 0,
        "netIncome": 836.446,
        "netIncomeAfterTaxes": 836.446,
        "nonRecurringItems": -48.758,
        "period": "2024-06-30",
        "pretaxIncome": 945.043,
        "provisionforIncomeTaxes": 108.597,
        "researchDevelopment": 325.759,
        "revenue": 2568.735,
        "sgaExpense": 242.215,
        "totalOperatingExpense": 580.865,
        "totalOtherIncomeExpenseNet": 50.56
      },
      {
        "costOfGoodsSold": 948.032,
        "depreciationAmortization": 12.916,
        "dilutedAverageSharesOutstanding": 135.856,
        "dilutedEPS": 4.4278,
        "ebit": 852.694,
        "grossIncome": 1411.798,
        "interestExpense": 79.981,
        "interestIncomeExpense": -79.981,
        "minorityInterest": 0,
        "netIncome": 601.541,
        "netIncomeAfterTaxes": 601.541,
        "nonRecurringItems": -116.327,
        "period": "2024-03-31",
        "pretaxIncome": 702.008,
        "provisionforIncomeTaxes": 100.467,
        "researchDevelopment": 321.59,
        "revenue": 2359.83,
        "sgaExpense": 224.598,
        "totalOperatingExpense": 559.104,
        "totalOtherIncomeExpenseNet": 45.622
      },
      {
        "costOfGoodsSold": 929.944,
        "depreciationAmortization": 13.279,
        "dilutedAverageSharesOutstanding": 136.254,
        "dilutedEPS": 4.2754,
        "ebit": 999.12,
        "grossIncome": 1556.782,
        "interestExpense": 74.202,
        "interestIncomeExpense": -74.202,
        "minorityInterest": 0,
        "netIncome": 582.534,
        "netIncomeAfterTaxes": 582.534,
        "nonRecurringItems": -265.802,
        "period": "2023-12-31",
        "pretaxIncome": 691.27,
        "provisionforIncomeTaxes": 108.736,
        "researchDevelopment": 320.418,
        "revenue": 2486.726,
        "sgaExpense": 223.965,
        "totalOperatingExpense": 557.662,
        "totalOtherIncomeExpenseNet": 32.154
      },
      {
        "costOfGoodsSold": 901.3,
        "depreciationAmortization": 17.2,
        "dilutedAverageSharesOutstanding": 137.1,
        "dilutedEPS": 5.41,
        "ebit": 944.8,
        "grossIncome": 1495.7,
        "interestExpense": 74.234,
        "interestIncomeExpense": -74.2,
        "minorityInterest": 0,
        "netIncome": 741.4,
        "netIncomeAfterTaxes": 741.4,
        "nonRecurringItems": -45.6,
        "period": "2023-09-30",
        "pretaxIncome": 851.7,
        "provisionforIncomeTaxes": 110.3,
        "researchDevelopment": 311.2,
        "revenue": 2397,
        "sgaExpense": 222.4,
        "totalOperatingExpense": 550.9,
        "totalOtherIncomeExpenseNet": 26.7
      },
      {
        "costOfGoodsSold": 916.6,
        "depreciationAmortization": 19.2,
        "dilutedAverageSharesOutstanding": 137.7,
        "dilutedEPS": 4.97,
        "ebit": 870.6,
        "grossIncome": 1438.6,
        "interestExpense": 73.491,
        "interestIncomeExpense": -73.5,
        "minorityInterest": 0,
        "netIncome": 684.7,
        "netIncomeAfterTaxes": 684.7,
        "nonRecurringItems": -46.4,
        "period": "2023-06-30",
        "pretaxIncome": 775.5,
        "provisionforIncomeTaxes": 90.9,
        "researchDevelopment": 317.1,
        "revenue": 2355.1,
        "sgaExpense": 231.7,
        "totalOperatingExpense": 567.9,
        "totalOtherIncomeExpenseNet": 24.8
      },
      {
        "costOfGoodsSold": 956,
        "depreciationAmortization": 19.7,
        "dilutedAverageSharesOutstanding": 138.6,
        "dilutedEPS": 5.03,
        "ebit": 909.9,
        "grossIncome": 1476.6,
        "interestExpense": 74.774,
        "interestIncomeExpense": -74.8,
        "minorityInterest": 0,
        "netIncome": 697.8,
        "netIncomeAfterTaxes": 697.8,
        "nonRecurringItems": -49.3,
        "period": "2023-03-31",
        "pretaxIncome": 800.7,
        "provisionforIncomeTaxes": 102.8,
        "researchDevelopment": 328.2,
        "revenue": 2432.6,
        "sgaExpense": 218.7,
        "totalOperatingExpense": 566.7,
        "totalOtherIncomeExpenseNet": 14.9
      },
      {
        "costOfGoodsSold": 1167.9,
        "depreciationAmortization": 20.2,
        "dilutedAverageSharesOutstanding": 142,
        "dilutedEPS": 6.89,
        "ebit": 1240,
        "grossIncome": 1815.9,
        "interestExpense": 74.28,
        "interestIncomeExpense": -74.3,
        "minorityInterest": 0,
        "netIncome": 978.8,
        "netIncomeAfterTaxes": 978.8,
        "nonRecurringItems": -40.8,
        "period": "2022-12-31",
        "pretaxIncome": 1143,
        "provisionforIncomeTaxes": 164.2,
        "researchDevelopment": 332.8,
        "revenue": 2983.9,
        "sgaExpense": 223,
        "totalOperatingExpense": 576,
        "totalOtherIncomeExpenseNet": 18.1
      },
      {
        "costOfGoodsSold": 994.7,
        "depreciationAmortization": 20.2,
        "dilutedAverageSharesOutstanding": 142.6,
        "dilutedEPS": 7.2,
        "ebit": 1157.2,
        "grossIncome": 1729.7,
        "interestExpense": 74.395,
        "interestIncomeExpense": -74.4,
        "minorityInterest": -0.1,
        "netIncome": 1026,
        "netIncomeAfterTaxes": 1026.1,
        "nonRecurringItems": -59.8,
        "period": "2022-09-30",
        "pretaxIncome": 1070,
        "provisionforIncomeTaxes": 44,
        "researchDevelopment": 318.5,
        "revenue": 2724.4,
        "sgaExpense": 233.9,
        "totalOperatingExpense": 572.5,
        "totalOtherIncomeExpenseNet": 47
      },
      {
        "costOfGoodsSold": 933.5,
        "depreciationAmortization": 20.2,
        "dilutedAverageSharesOutstanding": 149.2,
        "dilutedEPS": 5.4,
        "ebit": 1019.6,
        "grossIncome": 1553.2,
        "interestExpense": 44.197,
        "interestIncomeExpense": -44.2,
        "minorityInterest": 0,
        "netIncome": 805.4,
        "netIncomeAfterTaxes": 805.4,
        "nonRecurringItems": -45.1,
        "period": "2022-06-30",
        "pretaxIncome": 949.7,
        "provisionforIncomeTaxes": 144.3,
        "researchDevelopment": 296.9,
        "revenue": 2486.7,
        "sgaExpense": 216.6,
        "totalOperatingExpense": 533.6,
        "totalOtherIncomeExpenseNet": 19.4
      },
      {
        "costOfGoodsSold": 849.4,
        "depreciationAmortization": 15.1,
        "dilutedAverageSharesOutstanding": 151.2,
        "dilutedEPS": 4.83,
        "ebit": 937.6,
        "grossIncome": 1439.3,
        "interestExpense": 39.978,
        "interestIncomeExpense": -40,
        "minorityInterest": -0.1,
        "netIncome": 730.6,
        "netIncomeAfterTaxes": 730.7,
        "nonRecurringItems": -42.7,
        "period": "2022-03-31",
        "pretaxIncome": 846.3,
        "provisionforIncomeTaxes": 115.6,
        "researchDevelopment": 285.2,
        "revenue": 2288.7,
        "sgaExpense": 201.4,
        "totalOperatingExpense": 501.7,
        "totalOtherIncomeExpenseNet": -8.6
      },
      {
        "costOfGoodsSold": 867.1,
        "depreciationAmortization": 12.4,
        "dilutedAverageSharesOutstanding": 152.3,
        "dilutedEPS": 4.71,
        "ebit": 1007.1,
        "grossIncome": 1485.5,
        "interestExpense": 37.852,
        "interestIncomeExpense": -37.9,
        "minorityInterest": -0.1,
        "netIncome": 717.4,
        "netIncomeAfterTaxes": 717.5,
        "nonRecurringItems": -41.1,
        "period": "2021-12-31",
        "pretaxIncome": 926.9,
        "provisionforIncomeTaxes": 209.4,
        "researchDevelopment": 265,
        "revenue": 2352.6,
        "sgaExpense": 201.1,
        "totalOperatingExpense": 478.5,
        "totalOtherIncomeExpenseNet": -1.2
      },
      {
        "costOfGoodsSold": 772.7,
        "depreciationAmortization": 12.4,
        "dilutedAverageSharesOutstanding": 153.4,
        "dilutedEPS": 6.96,
        "ebit": 859.7,
        "grossIncome": 1311.1,
        "interestExpense": 38.312,
        "interestIncomeExpense": -38.3,
        "minorityInterest": -0.1,
        "netIncome": 1068.4,
        "netIncomeAfterTaxes": 1068.5,
        "nonRecurringItems": -40.9,
        "period": "2021-09-30",
        "pretaxIncome": 766.3,
        "provisionforIncomeTaxes": -302.1,
        "researchDevelopment": 258.1,
        "revenue": 2083.8,
        "sgaExpense": 180.9,
        "totalOperatingExpense": 451.4,
        "totalOtherIncomeExpenseNet": -14.1
      },
      {
        "costOfGoodsSold": 772.3,
        "depreciationAmortization": 11.8,
        "dilutedAverageSharesOutstanding": 154.4,
        "dilutedEPS": 4.1,
        "ebit": 719.7,
        "grossIncome": 1153.2,
        "interestExpense": 39.97,
        "interestIncomeExpense": -39.9,
        "minorityInterest": -0.1,
        "netIncome": 633,
        "netIncomeAfterTaxes": 633.1,
        "nonRecurringItems": 0,
        "period": "2021-06-30",
        "pretaxIncome": 708.8,
        "provisionforIncomeTaxes": 75.8,
        "researchDevelopment": 241.4,
        "revenue": 1925.5,
        "sgaExpense": 180.3,
        "totalOperatingExpense": 433.5,
        "totalOtherIncomeExpenseNet": 29
      },
      {
        "costOfGoodsSold": 709.4,
        "depreciationAmortization": 12.1,
        "dilutedAverageSharesOutstanding": 155.2,
        "dilutedEPS": 3.66,
        "ebit": 672.3,
        "grossIncome": 1094.3,
        "interestExpense": 39.092,
        "interestIncomeExpense": -39.3,
        "minorityInterest": 0.3,
        "netIncome": 567.5,
        "netIncomeAfterTaxes": 567.2,
        "nonRecurringItems": 0,
        "period": "2021-03-31",
        "pretaxIncome": 640.4,
        "provisionforIncomeTaxes": 73.2,
        "researchDevelopment": 238.9,
        "revenue": 1803.8,
        "sgaExpense": 171,
        "totalOperatingExpense": 422,
        "totalOtherIncomeExpenseNet": 7.3
      },
      {
        "costOfGoodsSold": 669.7,
        "depreciationAmortization": 12.3,
        "dilutedAverageSharesOutstanding": 155.6,
        "dilutedEPS": 2.94,
        "ebit": 570.2,
        "grossIncome": 981.1,
        "interestExpense": 38.88,
        "interestIncomeExpense": -38.9,
        "minorityInterest": 0.3,
        "netIncome": 457.3,
        "netIncomeAfterTaxes": 457,
        "period": "2020-12-31",
        "pretaxIncome": 527.4,
        "provisionforIncomeTaxes": 70.4,
        "researchDevelopment": 229,
        "revenue": 1650.9,
        "sgaExpense": 169.6,
        "totalOperatingExpense": 411,
        "totalOtherIncomeExpenseNet": -3.9
      },
      {
        "costOfGoodsSold": 583.7,
        "depreciationAmortization": 13.5,
        "dilutedAverageSharesOutstanding": 156.4,
        "dilutedEPS": 2.69,
        "ebit": 563.3,
        "grossIncome": 954.9,
        "interestExpense": 39.386,
        "interestIncomeExpense": -39.4,
        "minorityInterest": 0.4,
        "netIncome": 420.6,
        "netIncomeAfterTaxes": 420.1,
        "nonRecurringItems": -36.9,
        "period": "2020-09-30",
        "pretaxIncome": 483.8,
        "provisionforIncomeTaxes": 63.7,
        "researchDevelopment": 219,
        "revenue": 1538.6,
        "sgaExpense": 159.2,
        "totalOperatingExpense": 391.6,
        "totalOtherIncomeExpenseNet": -3.2
      },
      {
        "costOfGoodsSold": 621.5,
        "depreciationAmortization": 14.3,
        "dilutedAverageSharesOutstanding": 156.3,
        "dilutedEPS": 2.63,
        "ebit": 453.2,
        "grossIncome": 838,
        "interestExpense": 40.221,
        "interestIncomeExpense": -40.2,
        "minorityInterest": 0.9,
        "netIncome": 411.3,
        "netIncomeAfterTaxes": 410.3,
        "nonRecurringItems": 0,
        "period": "2020-06-30",
        "pretaxIncome": 405.1,
        "provisionforIncomeTaxes": -5.2,
        "researchDevelopment": 217.1,
        "revenue": 1459.6,
        "sgaExpense": 153.5,
        "totalOperatingExpense": 384.9,
        "totalOtherIncomeExpenseNet": -7.9
      },
      {
        "costOfGoodsSold": 590.2,
        "depreciationAmortization": 17.8,
        "dilutedAverageSharesOutstanding": 157.2,
        "dilutedEPS": 0.5,
        "ebit": 432.6,
        "grossIncome": 833.8,
        "interestExpense": 39.231,
        "interestIncomeExpense": -39.2,
        "minorityInterest": 0.4,
        "netIncome": 78.5,
        "netIncomeAfterTaxes": 78,
        "nonRecurringItems": -279.2,
        "period": "2020-03-31",
        "pretaxIncome": 115.2,
        "provisionforIncomeTaxes": 37.2,
        "researchDevelopment": 215.4,
        "revenue": 1424,
        "sgaExpense": 168,
        "totalOperatingExpense": 401.1,
        "totalOtherIncomeExpenseNet": 1
      },
      {
        "costOfGoodsSold": 633.6,
        "depreciationAmortization": 20.4,
        "dilutedAverageSharesOutstanding": 158.6,
        "dilutedEPS": 2.4,
        "ebit": 462.8,
        "grossIncome": 875.9,
        "interestExpense": 40.472,
        "interestIncomeExpense": -40.5,
        "minorityInterest": 0.3,
        "netIncome": 380.6,
        "netIncomeAfterTaxes": 380.3,
        "period": "2019-12-31",
        "pretaxIncome": 424.9,
        "provisionforIncomeTaxes": 44.6,
        "researchDevelopment": 220.6,
        "revenue": 1509.5,
        "sgaExpense": 172,
        "totalOperatingExpense": 413,
        "totalOtherIncomeExpenseNet": 2.6
      },
      {
        "costOfGoodsSold": 602.4,
        "depreciationAmortization": 22.3,
        "dilutedAverageSharesOutstanding": 160.1,
        "dilutedEPS": 2.16,
        "ebit": 412,
        "grossIncome": 811,
        "interestExpense": 40.35,
        "interestIncomeExpense": -42.2,
        "minorityInterest": 0.1,
        "netIncome": 346.5,
        "netIncomeAfterTaxes": 346.4,
        "period": "2019-09-30",
        "pretaxIncome": 371.5,
        "provisionforIncomeTaxes": 25.1,
        "researchDevelopment": 210.5,
        "revenue": 1413.4,
        "sgaExpense": 166.1,
        "totalOperatingExpense": 399,
        "totalOtherIncomeExpenseNet": 1.6
      },
      {
        "costOfGoodsSold": 593.8,
        "depreciationAmortization": 24,
        "dilutedAverageSharesOutstanding": 161.9,
        "dilutedEPS": 1.35,
        "ebit": 267.9,
        "grossIncome": 664.6,
        "interestExpense": 40.517,
        "interestIncomeExpense": -39.5,
        "minorityInterest": 0.5,
        "netIncome": 217.8,
        "netIncomeAfterTaxes": 218.1,
        "period": "2019-06-30",
        "pretaxIncome": 231.3,
        "provisionforIncomeTaxes": 13.2,
        "researchDevelopment": 206.7,
        "revenue": 1258.4,
        "sgaExpense": 166,
        "totalOperatingExpense": 396.7,
        "totalOtherIncomeExpenseNet": 2.9
      },
      {
        "costOfGoodsSold": 486.9,
        "depreciationAmortization": 10.1,
        "dilutedAverageSharesOutstanding": 157.2,
        "dilutedEPS": 1.23,
        "ebit": 243.3,
        "grossIncome": 610.4,
        "interestExpense": 31.187,
        "interestIncomeExpense": -31.2,
        "minorityInterest": 0.1,
        "netIncome": 192.7,
        "netIncomeAfterTaxes": 192.6,
        "period": "2019-03-31",
        "pretaxIncome": 221.4,
        "provisionforIncomeTaxes": 28.7,
        "researchDevelopment": 184.9,
        "revenue": 1097.3,
        "sgaExpense": 172.1,
        "totalOperatingExpense": 367.1,
        "totalOtherIncomeExpenseNet": 9.3
      },
      {
        "costOfGoodsSold": 408.1,
        "dilutedAverageSharesOutstanding": 152.6,
        "dilutedEPS": 2.42,
        "ebit": 433.5,
        "grossIncome": 711.8,
        "interestExpense": 26.538,
        "interestIncomeExpense": -27.1,
        "netIncome": 369.1,
        "netIncomeAfterTaxes": 368.8,
        "period": "2018-12-31",
        "pretaxIncome": 416,
        "provisionforIncomeTaxes": 47.2,
        "researchDevelopment": 165.9,
        "revenue": 1119.9,
        "sgaExpense": 112.5,
        "totalOperatingExpense": 278.3,
        "totalOtherIncomeExpenseNet": 9.6
      },
      {
        "costOfGoodsSold": 381.3,
        "dilutedAverageSharesOutstanding": 156.1,
        "dilutedEPS": 2.53,
        "ebit": 444,
        "grossIncome": 712,
        "interestExpense": 26.362,
        "interestIncomeExpense": -26.7,
        "netIncome": 395.9,
        "netIncomeAfterTaxes": 376.1,
        "period": "2018-09-30",
        "pretaxIncome": 427.6,
        "provisionforIncomeTaxes": 51.4,
        "researchDevelopment": 153.5,
        "revenue": 1093.3,
        "sgaExpense": 114.4,
        "totalOperatingExpense": 268,
        "totalOtherIncomeExpenseNet": 10.3
      },
      {
        "costOfGoodsSold": 377.7,
        "dilutedAverageSharesOutstanding": 156.9,
        "dilutedEPS": 2.22,
        "ebit": 423.7,
        "grossIncome": 692.3,
        "interestExpense": 28.309,
        "interestIncomeExpense": -28.5,
        "netIncome": 348.8,
        "netIncomeAfterTaxes": 293.6,
        "period": "2018-06-30",
        "pretaxIncome": 406.5,
        "provisionforIncomeTaxes": 112.9,
        "researchDevelopment": 152,
        "revenue": 1070,
        "sgaExpense": 116.6,
        "totalOperatingExpense": 268.6,
        "totalOtherIncomeExpenseNet": 11.3
      },
      {
        "costOfGoodsSold": 368.1,
        "dilutedAverageSharesOutstanding": 157.2,
        "dilutedEPS": 1.95,
        "ebit": 386.4,
        "grossIncome": 653.2,
        "interestExpense": 28.119,
        "interestIncomeExpense": -28.3,
        "netIncome": 306.9,
        "netIncomeAfterTaxes": 310.9,
        "period": "2018-03-31",
        "pretaxIncome": 366,
        "provisionforIncomeTaxes": 55.1,
        "researchDevelopment": 153.3,
        "revenue": 1021.3,
        "sgaExpense": 113.5,
        "totalOperatingExpense": 266.8,
        "totalOtherIncomeExpenseNet": 7.9
      },
      {
        "costOfGoodsSold": 347,
        "dilutedAverageSharesOutstanding": 156.6,
        "dilutedEPS": -0.85,
        "ebit": 366.6,
        "grossIncome": 628.9,
        "interestExpense": 27.372,
        "interestIncomeExpense": -27.9,
        "netIncome": -134.3,
        "netIncomeAfterTaxes": 307.7,
        "period": "2017-12-31",
        "pretaxIncome": 347.3,
        "provisionforIncomeTaxes": 39.6,
        "researchDevelopment": 156.7,
        "revenue": 975.8,
        "sgaExpense": 105.5,
        "totalOperatingExpense": 262.2,
        "totalOtherIncomeExpenseNet": 8.6
      },
      {
        "costOfGoodsSold": 352.5,
        "dilutedAverageSharesOutstanding": 157.8,
        "dilutedEPS": 1.78,
        "ebit": 362.7,
        "grossIncome": 617.1,
        "interestExpense": 30.576,
        "interestIncomeExpense": -31.6,
        "netIncome": 280.9,
        "netIncomeAfterTaxes": 280.9,
        "period": "2017-09-30",
        "pretaxIncome": 336.2,
        "provisionforIncomeTaxes": 55.2,
        "researchDevelopment": 146.7,
        "revenue": 969.6,
        "sgaExpense": 107.7,
        "totalOperatingExpense": 254.4,
        "totalOtherIncomeExpenseNet": 5.1
      },
      {
        "costOfGoodsSold": 347.8,
        "dilutedAverageSharesOutstanding": 158,
        "dilutedEPS": 1.62,
        "ebit": 349.1,
        "grossIncome": 590.8,
        "interestExpense": 30.648,
        "interestIncomeExpense": -29.4,
        "netIncome": 256.2,
        "netIncomeAfterTaxes": 256.2,
        "nonRecurringItems": 0,
        "period": "2017-06-30",
        "pretaxIncome": 325,
        "provisionforIncomeTaxes": 68.9,
        "researchDevelopment": 136.6,
        "revenue": 938.6,
        "sgaExpense": 105.2,
        "totalOperatingExpense": 241.7,
        "totalOtherIncomeExpenseNet": 5.4
      },
      {
        "costOfGoodsSold": 343.6,
        "dilutedAverageSharesOutstanding": 157.7,
        "dilutedEPS": 1.61,
        "ebit": 343.8,
        "grossIncome": 570.2,
        "interestExpense": 30.472,
        "interestIncomeExpense": -30.7,
        "netIncome": 253.6,
        "netIncomeAfterTaxes": 253.6,
        "period": "2017-03-31",
        "pretaxIncome": 319.1,
        "provisionforIncomeTaxes": 65.6,
        "researchDevelopment": 130.2,
        "revenue": 913.8,
        "sgaExpense": 96.3,
        "totalOperatingExpense": 226.4,
        "totalOtherIncomeExpenseNet": 6.1
      },
      {
        "costOfGoodsSold": 318.5,
        "dilutedAverageSharesOutstanding": 157.1,
        "dilutedEPS": 1.52,
        "ebit": 333.9,
        "grossIncome": 558.4,
        "interestExpense": 30.624,
        "interestIncomeExpense": -32.1,
        "netIncome": 238.3,
        "netIncomeAfterTaxes": 238.3,
        "period": "2016-12-31",
        "pretaxIncome": 306.8,
        "provisionforIncomeTaxes": 68.6,
        "researchDevelopment": 130.9,
        "revenue": 876.9,
        "sgaExpense": 93.5,
        "totalOperatingExpense": 224.5,
        "totalOtherIncomeExpenseNet": 5
      },
      {
        "costOfGoodsSold": 277.9,
        "dilutedAverageSharesOutstanding": 157,
        "dilutedEPS": 1.13,
        "ebit": 249.1,
        "grossIncome": 472.8,
        "interestExpense": 30.732,
        "interestIncomeExpense": -30.6,
        "netIncome": 178.1,
        "netIncomeAfterTaxes": 178.1,
        "period": "2016-09-30",
        "pretaxIncome": 222.2,
        "provisionforIncomeTaxes": 44.1,
        "researchDevelopment": 129.2,
        "revenue": 750.7,
        "sgaExpense": 94.4,
        "totalOperatingExpense": 223.7,
        "totalOtherIncomeExpenseNet": 3.7
      },
      {
        "costOfGoodsSold": 337.4,
        "dilutedAverageSharesOutstanding": 156.7,
        "dilutedEPS": 1.73,
        "ebit": 350.7,
        "grossIncome": 581.8,
        "interestExpense": 30.889,
        "interestIncomeExpense": -31.6,
        "netIncome": 271.5,
        "netIncomeAfterTaxes": 271.5,
        "nonRecurringItems": -0.3,
        "period": "2016-06-30",
        "pretaxIncome": 328.5,
        "provisionforIncomeTaxes": 56.9,
        "researchDevelopment": 127.4,
        "revenue": 919.2,
        "sgaExpense": 103.8,
        "totalOperatingExpense": 231.1,
        "totalOtherIncomeExpenseNet": 9.8
      },
      {
        "costOfGoodsSold": 274.9,
        "dilutedAverageSharesOutstanding": 156.4,
        "dilutedEPS": 1.12,
        "ebit": 234.5,
        "grossIncome": 437.6,
        "interestExpense": 31.084,
        "interestIncomeExpense": -30.1,
        "netIncome": 175.8,
        "netIncomeAfterTaxes": 175.8,
        "nonRecurringItems": -0.1,
        "period": "2016-03-31",
        "pretaxIncome": 209.9,
        "provisionforIncomeTaxes": 34.2,
        "researchDevelopment": 115.6,
        "revenue": 712.4,
        "sgaExpense": 87.4,
        "totalOperatingExpense": 203,
        "totalOtherIncomeExpenseNet": 5.6
      },
      {
        "costOfGoodsSold": 281.2,
        "dilutedAverageSharesOutstanding": 156,
        "dilutedEPS": 0.98,
        "ebit": 215.2,
        "grossIncome": 429.1,
        "interestExpense": 30.728,
        "interestIncomeExpense": -29.6,
        "netIncome": 152.2,
        "netIncomeAfterTaxes": 152.2,
        "nonRecurringItems": -1.4,
        "period": "2015-12-31",
        "pretaxIncome": 185.5,
        "provisionforIncomeTaxes": 33.3,
        "researchDevelopment": 117.8,
        "revenue": 710.2,
        "sgaExpense": 96.1,
        "totalOperatingExpense": 213.9,
        "totalOtherIncomeExpenseNet": 1.3
      },
      {
        "costOfGoodsSold": 267.9,
        "dilutedAverageSharesOutstanding": 158,
        "dilutedEPS": 0.66,
        "ebit": 167.4,
        "grossIncome": 374.7,
        "interestExpense": 30.753,
        "interestIncomeExpense": -29.9,
        "netIncome": 104.9,
        "netIncomeAfterTaxes": 104.9,
        "nonRecurringItems": -7.1,
        "period": "2015-09-30",
        "pretaxIncome": 134.3,
        "provisionforIncomeTaxes": 29.4,
        "researchDevelopment": 118.9,
        "revenue": 642.6,
        "sgaExpense": 88.4,
        "totalOperatingExpense": 207.4,
        "totalOtherIncomeExpenseNet": 3.9
      }
    ],
    "symbol": "KLAC"
  }
}