{
  "symbol": "REGN",
  "statement": "ic",
  "frequency": "quarterly",
  "timestamp": "2025-09-19T14:06:09.294334",
  "data": {
    "financials": [
      {
        "costOfGoodsSold": 530.2,
        "dilutedAverageSharesOutstanding": 108.6,
        "dilutedEPS": 12.814,
        "ebit": 1089.5,
        "grossIncome": 3145.4,
        "interestExpense": 3.6,
        "interestIncomeExpense": 421,
        "netIncome": 1391.6,
        "netIncomeAfterTaxes": 1391.6,
        "nonRecurringItems": -10,
        "otherOperatingExpensesTotal": 0,
        "period": "2025-06-30",
        "pretaxIncome": 1518.7,
        "provisionforIncomeTaxes": 127.1,
        "researchDevelopment": 1263.1,
        "revenue": 3675.6,
        "sgaExpense": 792.8,
        "totalOperatingExpense": 2055.9,
        "totalOtherIncomeExpenseNet": 18.2
      },
      {
        "costOfGoodsSold": 464.3,
        "dilutedAverageSharesOutstanding": 111.2,
        "dilutedEPS": 7.2725,
        "ebit": 604,
        "grossIncome": 2564.4,
        "interestExpense": 8.7,
        "interestIncomeExpense": 304.5,
        "netIncome": 808.7,
        "netIncomeAfterTaxes": 808.7,
        "nonRecurringItems": -12.3,
        "otherOperatingExpensesTotal": 0,
        "period": "2025-03-31",
        "pretaxIncome": 905,
        "provisionforIncomeTaxes": 96.3,
        "researchDevelopment": 1173,
        "revenue": 3028.7,
        "sgaExpense": 787.4,
        "totalOperatingExpense": 1960.4,
        "totalOtherIncomeExpenseNet": 8.8
      },
      {
        "costOfGoodsSold": 439.1,
        "dilutedAverageSharesOutstanding": 113.6,
        "dilutedEPS": 8.0784,
        "ebit": 1130.3,
        "grossIncome": 3350.1,
        "interestExpense": 10.5,
        "interestIncomeExpense": -41,
        "netIncome": 917.7,
        "netIncomeAfterTaxes": 917.7,
        "nonRecurringItems": -140.1,
        "otherOperatingExpensesTotal": 15.5,
        "period": "2024-12-31",
        "pretaxIncome": 958.1,
        "provisionforIncomeTaxes": 40.4,
        "researchDevelopment": 1412.1,
        "revenue": 3789.2,
        "sgaExpense": 792.2,
        "totalOperatingExpense": 2219.8,
        "totalOtherIncomeExpenseNet": 8.9
      },
      {
        "costOfGoodsSold": 491.1,
        "dilutedAverageSharesOutstanding": 116.2,
        "dilutedEPS": 11.537,
        "ebit": 1235.7,
        "grossIncome": 3229.6,
        "interestExpense": 13.8,
        "interestIncomeExpense": 308.1,
        "netIncome": 1340.6,
        "netIncomeAfterTaxes": 1340.6,
        "nonRecurringItems": -56.2,
        "otherOperatingExpensesTotal": 8,
        "period": "2024-09-30",
        "pretaxIncome": 1493,
        "provisionforIncomeTaxes": 152.4,
        "researchDevelopment": 1271.5,
        "revenue": 3720.7,
        "sgaExpense": 714.4,
        "totalOperatingExpense": 1993.9,
        "totalOtherIncomeExpenseNet": 5.4
      },
      {
        "costOfGoodsSold": 480.2,
        "dilutedAverageSharesOutstanding": 115.4,
        "dilutedEPS": 12.4116,
        "ebit": 1093.5,
        "grossIncome": 3066.9,
        "interestExpense": 14.8,
        "interestIncomeExpense": 557.1,
        "netIncome": 1432.3,
        "netIncomeAfterTaxes": 1432.3,
        "nonRecurringItems": -23.9,
        "otherOperatingExpensesTotal": 14.6,
        "period": "2024-06-30",
        "pretaxIncome": 1628.1,
        "provisionforIncomeTaxes": 195.8,
        "researchDevelopment": 1200,
        "revenue": 3547.1,
        "sgaExpense": 758.8,
        "totalOperatingExpense": 1973.4,
        "totalOtherIncomeExpenseNet": 1.4
      },
      {
        "costOfGoodsSold": 433.8,
        "dilutedAverageSharesOutstanding": 115.1,
        "dilutedEPS": 6.2728,
        "ebit": 758.5,
        "grossIncome": 2711.2,
        "interestExpense": 16.1,
        "interestIncomeExpense": -50.8,
        "netIncome": 722,
        "netIncomeAfterTaxes": 722,
        "nonRecurringItems": -7.1,
        "otherOperatingExpensesTotal": 15.3,
        "period": "2024-03-31",
        "pretaxIncome": 700.7,
        "provisionforIncomeTaxes": -21.3,
        "researchDevelopment": 1248.4,
        "revenue": 3145,
        "sgaExpense": 689,
        "totalOperatingExpense": 1952.7,
        "totalOtherIncomeExpenseNet": 0.1
      },
      {
        "costOfGoodsSold": 414.7,
        "dilutedAverageSharesOutstanding": 113.7,
        "dilutedEPS": 10.1988,
        "ebit": 1105.2,
        "grossIncome": 3019.6,
        "interestExpense": 18.3,
        "interestIncomeExpense": 175.6,
        "netIncome": 1159.6,
        "netIncomeAfterTaxes": 1159.6,
        "nonRecurringItems": -132.3,
        "otherOperatingExpensesTotal": -0.5,
        "period": "2023-12-31",
        "pretaxIncome": 1147.6,
        "provisionforIncomeTaxes": -12,
        "researchDevelopment": 1177.2,
        "revenue": 3434.3,
        "sgaExpense": 737.7,
        "totalOperatingExpense": 1914.4,
        "totalOtherIncomeExpenseNet": -0.9
      },
      {
        "costOfGoodsSold": 436.4,
        "dilutedAverageSharesOutstanding": 113.4,
        "dilutedEPS": 8.89,
        "ebit": 1211,
        "grossIncome": 2926.3,
        "interestExpense": 17.8,
        "interestIncomeExpense": 15.6,
        "netIncome": 1007.8,
        "netIncomeAfterTaxes": 1007.8,
        "nonRecurringItems": -100,
        "otherOperatingExpensesTotal": -0.5,
        "period": "2023-09-30",
        "pretaxIncome": 1110.8,
        "provisionforIncomeTaxes": 103,
        "researchDevelopment": 1075.3,
        "revenue": 3362.7,
        "sgaExpense": 640.5,
        "totalOperatingExpense": 1715.3,
        "totalOtherIncomeExpenseNet": -15.8
      },
      {
        "costOfGoodsSold": 404.9,
        "dilutedAverageSharesOutstanding": 113.9,
        "dilutedEPS": 8.5,
        "ebit": 1016.5,
        "grossIncome": 2753.2,
        "interestExpense": 18.9,
        "interestIncomeExpense": 68.5,
        "netIncome": 968.4,
        "netIncomeAfterTaxes": 968.4,
        "nonRecurringItems": 0,
        "otherOperatingExpensesTotal": -0.6,
        "period": "2023-06-30",
        "pretaxIncome": 1082.9,
        "provisionforIncomeTaxes": 114.5,
        "researchDevelopment": 1085.3,
        "revenue": 3158.1,
        "sgaExpense": 652,
        "totalOperatingExpense": 1736.7,
        "totalOtherIncomeExpenseNet": -2.1
      },
      {
        "costOfGoodsSold": 457.5,
        "dilutedAverageSharesOutstanding": 114,
        "dilutedEPS": 7.17,
        "ebit": 1002.8,
        "grossIncome": 2704.6,
        "interestExpense": 18,
        "interestIncomeExpense": -87.5,
        "netIncome": 817.8,
        "netIncomeAfterTaxes": 817.8,
        "nonRecurringItems": -56.1,
        "otherOperatingExpensesTotal": -0.5,
        "period": "2023-03-31",
        "pretaxIncome": 858,
        "provisionforIncomeTaxes": 40.2,
        "researchDevelopment": 1101.2,
        "revenue": 3162.1,
        "sgaExpense": 601.1,
        "totalOperatingExpense": 1701.8,
        "totalOtherIncomeExpenseNet": -1.2
      },
      {
        "costOfGoodsSold": 540.6,
        "dilutedAverageSharesOutstanding": 114.1,
        "dilutedEPS": 10.49,
        "ebit": 1176.8,
        "grossIncome": 2873.8,
        "interestExpense": 17.4,
        "interestIncomeExpense": 143,
        "netIncome": 1197.1,
        "netIncomeAfterTaxes": 1197.1,
        "nonRecurringItems": -30,
        "otherOperatingExpensesTotal": -6.6,
        "period": "2022-12-31",
        "pretaxIncome": 1324.7,
        "provisionforIncomeTaxes": 127.6,
        "researchDevelopment": 1043.1,
        "revenue": 3414.4,
        "sgaExpense": 660.5,
        "totalOperatingExpense": 1697,
        "totalOtherIncomeExpenseNet": 34.9
      },
      {
        "costOfGoodsSold": 317.8,
        "dilutedAverageSharesOutstanding": 112.8,
        "dilutedEPS": 11.66,
        "ebit": 1223.7,
        "grossIncome": 2618.4,
        "interestExpense": 15.3,
        "interestIncomeExpense": 239,
        "netIncome": 1315.7,
        "netIncomeAfterTaxes": 1315.7,
        "nonRecurringItems": 0,
        "otherOperatingExpensesTotal": -45.7,
        "period": "2022-09-30",
        "pretaxIncome": 1509.8,
        "provisionforIncomeTaxes": 194.1,
        "researchDevelopment": 911.3,
        "revenue": 2936.2,
        "sgaExpense": 529.1,
        "totalOperatingExpense": 1394.7,
        "totalOtherIncomeExpenseNet": 47.1
      },
      {
        "costOfGoodsSold": 297.1,
        "dilutedAverageSharesOutstanding": 114,
        "dilutedEPS": 7.47,
        "ebit": 1306.9,
        "grossIncome": 2560.1,
        "interestExpense": 13.1,
        "interestIncomeExpense": -176.8,
        "netIncome": 852.1,
        "netIncomeAfterTaxes": 852.1,
        "nonRecurringItems": -197,
        "otherOperatingExpensesTotal": -17.4,
        "period": "2022-06-30",
        "pretaxIncome": 963.2,
        "provisionforIncomeTaxes": 111.1,
        "researchDevelopment": 794.3,
        "revenue": 2857.2,
        "sgaExpense": 476.3,
        "totalOperatingExpense": 1253.2,
        "totalOtherIncomeExpenseNet": 30.1
      },
      {
        "costOfGoodsSold": 404.9,
        "dilutedAverageSharesOutstanding": 113.1,
        "dilutedEPS": 8.61,
        "ebit": 1286.6,
        "grossIncome": 2560.2,
        "interestExpense": 13.6,
        "interestIncomeExpense": -224.8,
        "netIncome": 973.5,
        "netIncomeAfterTaxes": 973.5,
        "nonRecurringItems": -28.1,
        "otherOperatingExpensesTotal": -20.2,
        "period": "2022-03-31",
        "pretaxIncome": 1061.1,
        "provisionforIncomeTaxes": 87.6,
        "researchDevelopment": 843.8,
        "revenue": 2965.1,
        "sgaExpense": 450,
        "totalOperatingExpense": 1273.6,
        "totalOtherIncomeExpenseNet": 27.4
      },
      {
        "costOfGoodsSold": 982.6,
        "dilutedAverageSharesOutstanding": 113.4,
        "dilutedEPS": 19.66,
        "ebit": 2639.7,
        "grossIncome": 3969.1,
        "interestExpense": 14.1,
        "interestIncomeExpense": -151.8,
        "netIncome": 2229,
        "netIncomeAfterTaxes": 2229,
        "otherOperatingExpensesTotal": -15.8,
        "period": "2021-12-31",
        "pretaxIncome": 2503.4,
        "provisionforIncomeTaxes": 274.4,
        "researchDevelopment": 785.6,
        "revenue": 4951.7,
        "sgaExpense": 559.6,
        "totalOperatingExpense": 1329.4,
        "totalOtherIncomeExpenseNet": 15.5
      },
      {
        "costOfGoodsSold": 453.2,
        "dilutedAverageSharesOutstanding": 113.9,
        "dilutedEPS": 14.33,
        "ebit": 1847.2,
        "grossIncome": 2999.6,
        "interestExpense": 14.2,
        "interestIncomeExpense": -43.3,
        "netIncome": 1632.2,
        "netIncomeAfterTaxes": 1632.2,
        "otherOperatingExpensesTotal": 42,
        "period": "2021-09-30",
        "pretaxIncome": 1816.6,
        "provisionforIncomeTaxes": 184.4,
        "researchDevelopment": 665.4,
        "revenue": 3452.8,
        "sgaExpense": 445,
        "totalOperatingExpense": 1152.4,
        "totalOtherIncomeExpenseNet": 12.7
      },
      {
        "costOfGoodsSold": 693.7,
        "dilutedAverageSharesOutstanding": 110.8,
        "dilutedEPS": 27.97,
        "ebit": 3347.2,
        "grossIncome": 4444.8,
        "interestExpense": 14.4,
        "interestIncomeExpense": 394.6,
        "netIncome": 3098.9,
        "netIncomeAfterTaxes": 3098.9,
        "otherOperatingExpensesTotal": -31.3,
        "period": "2021-06-30",
        "pretaxIncome": 3752.8,
        "provisionforIncomeTaxes": 653.9,
        "researchDevelopment": 714.2,
        "revenue": 5138.5,
        "sgaExpense": 414.7,
        "totalOperatingExpense": 1097.6,
        "totalOtherIncomeExpenseNet": 11
      },
      {
        "costOfGoodsSold": 308,
        "dilutedAverageSharesOutstanding": 110.5,
        "dilutedEPS": 10.09,
        "ebit": 1112.7,
        "grossIncome": 2220.7,
        "interestExpense": 14.6,
        "interestIncomeExpense": 129.3,
        "netIncome": 1115.2,
        "netIncomeAfterTaxes": 1115.2,
        "otherOperatingExpensesTotal": -40.5,
        "period": "2021-03-31",
        "pretaxIncome": 1253,
        "provisionforIncomeTaxes": 137.8,
        "researchDevelopment": 742.9,
        "revenue": 2528.7,
        "sgaExpense": 405.6,
        "totalOperatingExpense": 1108,
        "totalOtherIncomeExpenseNet": 11
      },
      {
        "costOfGoodsSold": 353.1,
        "dilutedAverageSharesOutstanding": 112.1,
        "dilutedEPS": 10.25,
        "ebit": 1167,
        "grossIncome": 2069.8,
        "interestExpense": 14.8,
        "interestIncomeExpense": 47.4,
        "netIncome": 1149.2,
        "netIncomeAfterTaxes": 1149.2,
        "otherOperatingExpensesTotal": -145.2,
        "period": "2020-12-31",
        "pretaxIncome": 1224.6,
        "provisionforIncomeTaxes": 75.4,
        "researchDevelopment": 744.5,
        "revenue": 2422.9,
        "sgaExpense": 303.5,
        "totalOperatingExpense": 902.8,
        "totalOtherIncomeExpenseNet": 10.2
      },
      {
        "costOfGoodsSold": 274,
        "dilutedAverageSharesOutstanding": 113.9,
        "dilutedEPS": 7.39,
        "ebit": 1053.1,
        "grossIncome": 2020,
        "interestExpense": 26.3,
        "interestIncomeExpense": -63.8,
        "netIncome": 842.1,
        "netIncomeAfterTaxes": 842.1,
        "otherOperatingExpensesTotal": -44.6,
        "period": "2020-09-30",
        "pretaxIncome": 998.3,
        "provisionforIncomeTaxes": 156.2,
        "researchDevelopment": 684.6,
        "revenue": 2294,
        "sgaExpense": 326.9,
        "totalOperatingExpense": 966.9,
        "totalOtherIncomeExpenseNet": 9
      },
      {
        "costOfGoodsSold": 275.5,
        "dilutedAverageSharesOutstanding": 117.9,
        "dilutedEPS": 7.61,
        "ebit": 656.4,
        "grossIncome": 1676.5,
        "interestExpense": 9.7,
        "interestIncomeExpense": 218.4,
        "netIncome": 897.3,
        "netIncomeAfterTaxes": 897.3,
        "otherOperatingExpensesTotal": -50.2,
        "period": "2020-06-30",
        "pretaxIncome": 918.9,
        "provisionforIncomeTaxes": 21.6,
        "researchDevelopment": 722,
        "revenue": 1952,
        "sgaExpense": 348.3,
        "totalOperatingExpense": 1020.1,
        "totalOtherIncomeExpenseNet": 44.1
      },
      {
        "costOfGoodsSold": 217.3,
        "dilutedAverageSharesOutstanding": 115.1,
        "dilutedEPS": 5.43,
        "ebit": 700.1,
        "grossIncome": 1610.9,
        "interestExpense": 6.1,
        "interestIncomeExpense": -62.9,
        "netIncome": 624.6,
        "netIncomeAfterTaxes": 624.6,
        "otherOperatingExpensesTotal": -40.4,
        "period": "2020-03-31",
        "pretaxIncome": 668.6,
        "provisionforIncomeTaxes": 44,
        "researchDevelopment": 583.9,
        "revenue": 1828.2,
        "sgaExpense": 367.3,
        "totalOperatingExpense": 910.8,
        "totalOtherIncomeExpenseNet": 31.4
      },
      {
        "costOfGoodsSold": 223.9,
        "dilutedAverageSharesOutstanding": 114.3,
        "dilutedEPS": 6.93,
        "ebit": 675.7,
        "grossIncome": 1945.6,
        "interestExpense": 6.7,
        "interestIncomeExpense": 53.2,
        "netIncome": 792,
        "netIncomeAfterTaxes": 792,
        "period": "2019-12-31",
        "pretaxIncome": 889.8,
        "provisionforIncomeTaxes": 97.8,
        "researchDevelopment": 683.1,
        "revenue": 2169.5,
        "sgaExpense": 586.8,
        "totalOperatingExpense": 1269.9,
        "totalOtherIncomeExpenseNet": 160.9
      },
      {
        "costOfGoodsSold": 225.5,
        "dilutedAverageSharesOutstanding": 114.2,
        "dilutedEPS": 5.86,
        "ebit": 738.5,
        "grossIncome": 1518.2,
        "interestExpense": 7.8,
        "interestIncomeExpense": 7.9,
        "netIncome": 669.6,
        "netIncomeAfterTaxes": 669.6,
        "otherOperatingExpensesTotal": -50.7,
        "period": "2019-09-30",
        "pretaxIncome": 768.5,
        "provisionforIncomeTaxes": 98.9,
        "researchDevelopment": 526,
        "revenue": 1743.7,
        "sgaExpense": 304.4,
        "totalOperatingExpense": 779.7,
        "totalOtherIncomeExpenseNet": 22.1
      },
      {
        "costOfGoodsSold": 145.8,
        "dilutedAverageSharesOutstanding": 114.6,
        "dilutedEPS": 1.68,
        "ebit": 315.6,
        "grossIncome": 1432,
        "interestExpense": 8,
        "interestIncomeExpense": -124.9,
        "netIncome": 193.1,
        "netIncomeAfterTaxes": 193.1,
        "otherOperatingExpensesTotal": -63.7,
        "period": "2019-06-30",
        "pretaxIncome": 224.7,
        "provisionforIncomeTaxes": 31.6,
        "researchDevelopment": 885.5,
        "revenue": 1577.8,
        "sgaExpense": 294.6,
        "totalOperatingExpense": 1116.4,
        "totalOtherIncomeExpenseNet": 34
      },
      {
        "costOfGoodsSold": 172.1,
        "dilutedAverageSharesOutstanding": 115.5,
        "dilutedEPS": 3.99,
        "ebit": 480,
        "grossIncome": 1200.5,
        "interestExpense": 7.7,
        "interestIncomeExpense": 35.1,
        "netIncome": 461.1,
        "netIncomeAfterTaxes": 461.1,
        "otherOperatingExpensesTotal": -56.7,
        "period": "2019-03-31",
        "pretaxIncome": 546.1,
        "provisionforIncomeTaxes": 85,
        "researchDevelopment": 486.1,
        "revenue": 1372.6,
        "sgaExpense": 291.1,
        "totalOperatingExpense": 720.5,
        "totalOtherIncomeExpenseNet": 31
      },
      {
        "costOfGoodsSold": 117.2,
        "dilutedAverageSharesOutstanding": 114.7,
        "dilutedEPS": 7.15,
        "ebit": 718.1,
        "grossIncome": 1810.6,
        "interestExpense": 7.349,
        "interestIncomeExpense": -7.3,
        "netIncome": 820.4,
        "netIncomeAfterTaxes": 764.3,
        "otherOperatingExpensesTotal": -5,
        "period": "2018-12-31",
        "pretaxIncome": 676.2,
        "provisionforIncomeTaxes": -88.1,
        "researchDevelopment": 606.3,
        "revenue": 1927.8,
        "sgaExpense": 491.3,
        "totalOperatingExpense": 1092.5,
        "totalOtherIncomeExpenseNet": -34.5
      },
      {
        "costOfGoodsSold": 110.4,
        "dilutedAverageSharesOutstanding": 115.1,
        "dilutedEPS": 5.16,
        "ebit": 626.9,
        "grossIncome": 1553.1,
        "interestExpense": 7.494,
        "interestIncomeExpense": -7.5,
        "netIncome": 594.7,
        "netIncomeAfterTaxes": 582.8,
        "period": "2018-09-30",
        "pretaxIncome": 635.9,
        "provisionforIncomeTaxes": 53.1,
        "researchDevelopment": 557,
        "revenue": 1663.5,
        "sgaExpense": 369.2,
        "totalOperatingExpense": 926.2,
        "totalOtherIncomeExpenseNet": 16.4
      },
      {
        "costOfGoodsSold": 91.7,
        "dilutedAverageSharesOutstanding": 114.5,
        "dilutedEPS": 4.82,
        "ebit": 622.2,
        "grossIncome": 1516.4,
        "interestExpense": 6.918,
        "interestIncomeExpense": -6.9,
        "netIncome": 551.4,
        "netIncomeAfterTaxes": 551.4,
        "period": "2018-06-30",
        "pretaxIncome": 656.1,
        "provisionforIncomeTaxes": 104.7,
        "researchDevelopment": 529.3,
        "revenue": 1608,
        "sgaExpense": 364.9,
        "totalOperatingExpense": 894.1,
        "totalOtherIncomeExpenseNet": 40.8
      },
      {
        "costOfGoodsSold": 114.9,
        "dilutedAverageSharesOutstanding": 114.9,
        "dilutedEPS": 4.16,
        "ebit": 567.2,
        "grossIncome": 1396.6,
        "interestExpense": 6.439,
        "interestIncomeExpense": -6.4,
        "netIncome": 478,
        "netIncomeAfterTaxes": 478,
        "period": "2018-03-31",
        "pretaxIncome": 585.4,
        "provisionforIncomeTaxes": 107.4,
        "researchDevelopment": 498.6,
        "revenue": 1511.5,
        "sgaExpense": 330.8,
        "totalOperatingExpense": 829.4,
        "totalOtherIncomeExpenseNet": 24.6
      },
      {
        "costOfGoodsSold": 105.7,
        "dilutedAverageSharesOutstanding": 115.8,
        "dilutedEPS": 1.49,
        "ebit": 538.8,
        "grossIncome": 1476.7,
        "interestExpense": 6.035,
        "interestIncomeExpense": -6,
        "netIncome": 173.5,
        "netIncomeAfterTaxes": 499.7,
        "period": "2017-12-31",
        "pretaxIncome": 554.8,
        "provisionforIncomeTaxes": 55,
        "researchDevelopment": 528,
        "revenue": 1582.4,
        "sgaExpense": 409.9,
        "totalOperatingExpense": 937.9,
        "totalOtherIncomeExpenseNet": 22
      },
      {
        "costOfGoodsSold": 104.2,
        "dilutedAverageSharesOutstanding": 117,
        "dilutedEPS": 3.32,
        "ebit": 559.9,
        "grossIncome": 1396.4,
        "interestExpense": 6.182,
        "interestIncomeExpense": -6.2,
        "netIncome": 388.3,
        "netIncomeAfterTaxes": 388.3,
        "period": "2017-09-30",
        "pretaxIncome": 565.6,
        "provisionforIncomeTaxes": 177.3,
        "researchDevelopment": 529.7,
        "revenue": 1500.7,
        "sgaExpense": 306.8,
        "totalOperatingExpense": 836.5,
        "totalOtherIncomeExpenseNet": 11.9
      },
      {
        "costOfGoodsSold": 102.9,
        "dilutedAverageSharesOutstanding": 116.1,
        "dilutedEPS": 3.34,
        "ebit": 550.3,
        "grossIncome": 1367.2,
        "interestExpense": 5.401,
        "interestIncomeExpense": -5.4,
        "netIncome": 387.7,
        "netIncomeAfterTaxes": 387.7,
        "period": "2017-06-30",
        "pretaxIncome": 525.9,
        "provisionforIncomeTaxes": 138.1,
        "researchDevelopment": 510,
        "revenue": 1470.1,
        "sgaExpense": 306.9,
        "totalOperatingExpense": 816.9,
        "totalOtherIncomeExpenseNet": -19.1
      },
      {
        "costOfGoodsSold": 84.2,
        "dilutedAverageSharesOutstanding": 115.1,
        "dilutedEPS": 2.16,
        "ebit": 430.5,
        "grossIncome": 1234.8,
        "interestExpense": 7.501,
        "interestIncomeExpense": -7.5,
        "netIncome": 248.9,
        "netIncomeAfterTaxes": 248.9,
        "period": "2017-03-31",
        "pretaxIncome": 432.3,
        "provisionforIncomeTaxes": 183.4,
        "researchDevelopment": 507.4,
        "revenue": 1319,
        "sgaExpense": 296.8,
        "totalOperatingExpense": 804.2,
        "totalOtherIncomeExpenseNet": 9.2
      },
      {
        "costOfGoodsSold": 74.7,
        "dilutedAverageSharesOutstanding": 115.8,
        "dilutedEPS": 2.19,
        "ebit": 347,
        "grossIncome": 1152.1,
        "interestIncomeExpense": -3.4,
        "netIncome": 253.1,
        "netIncomeAfterTaxes": 253.1,
        "period": "2016-12-31",
        "pretaxIncome": 341.5,
        "provisionforIncomeTaxes": 88.4,
        "researchDevelopment": 479.2,
        "revenue": 1226.8,
        "sgaExpense": 325.9,
        "totalOperatingExpense": 805.1,
        "totalOtherIncomeExpenseNet": -2.1
      },
      {
        "costOfGoodsSold": 44.2,
        "dilutedAverageSharesOutstanding": 116.5,
        "dilutedEPS": 2.27,
        "ebit": 362.8,
        "grossIncome": 1175.9,
        "interestIncomeExpense": -0.2,
        "netIncome": 264.8,
        "netIncomeAfterTaxes": 264.8,
        "period": "2016-09-30",
        "pretaxIncome": 365.9,
        "provisionforIncomeTaxes": 101.1,
        "researchDevelopment": 543,
        "revenue": 1220.1,
        "sgaExpense": 270,
        "totalOperatingExpense": 813.1,
        "totalOtherIncomeExpenseNet": 3.3
      },
      {
        "costOfGoodsSold": 69,
        "dilutedAverageSharesOutstanding": 116.2,
        "dilutedEPS": 1.69,
        "ebit": 291.6,
        "grossIncome": 1143.6,
        "interestIncomeExpense": -2.2,
        "netIncome": 196.2,
        "netIncomeAfterTaxes": 196.2,
        "period": "2016-06-30",
        "pretaxIncome": 292.3,
        "provisionforIncomeTaxes": 96,
        "researchDevelopment": 559.9,
        "revenue": 1212.6,
        "sgaExpense": 292,
        "totalOperatingExpense": 852,
        "totalOtherIncomeExpenseNet": 2.8
      },
      {
        "costOfGoodsSold": 111.8,
        "dilutedAverageSharesOutstanding": 114.2,
        "dilutedEPS": 1.59,
        "ebit": 329.3,
        "grossIncome": 1089.1,
        "interestExpense": 2.64,
        "interestIncomeExpense": -2.6,
        "netIncome": 181.4,
        "netIncomeAfterTaxes": 181.4,
        "period": "2016-03-31",
        "pretaxIncome": 330.2,
        "provisionforIncomeTaxes": 148.8,
        "researchDevelopment": 470.1,
        "revenue": 1200.8,
        "sgaExpense": 289.7,
        "totalOperatingExpense": 759.7,
        "totalOtherIncomeExpenseNet": 3.5
      },
      {
        "costOfGoodsSold": 110.8,
        "dilutedAverageSharesOutstanding": 115.5,
        "dilutedEPS": 1.34,
        "ebit": 231,
        "grossIncome": 987.2,
        "interestExpense": 3.609,
        "interestIncomeExpense": -3.6,
        "netIncome": 155,
        "netIncomeAfterTaxes": 155,
        "nonRecurringItems": -1.9,
        "period": "2015-12-31",
        "pretaxIncome": 227.3,
        "provisionforIncomeTaxes": 72.3,
        "researchDevelopment": 461.2,
        "revenue": 1098.1,
        "sgaExpense": 295,
        "totalOperatingExpense": 756.2,
        "totalOtherIncomeExpenseNet": 1.8
      },
      {
        "costOfGoodsSold": 109.1,
        "dilutedAverageSharesOutstanding": 115.9,
        "dilutedEPS": 1.81,
        "ebit": 392.4,
        "grossIncome": 1028.3,
        "interestExpense": 1.715,
        "interestIncomeExpense": -1.7,
        "netIncome": 210.4,
        "netIncomeAfterTaxes": 210.4,
        "nonRecurringItems": 0,
        "period": "2015-09-30",
        "pretaxIncome": 393.3,
        "provisionforIncomeTaxes": 182.9,
        "researchDevelopment": 425.9,
        "revenue": 1137.4,
        "sgaExpense": 210,
        "totalOperatingExpense": 635.9,
        "totalOtherIncomeExpenseNet": 2.6
      }
    ],
    "symbol": "REGN"
  }
}