{
  "symbol": "MCHP",
  "statement": "ic",
  "frequency": "annual",
  "timestamp": "2025-09-19T14:04:00.111637",
  "data": {
    "financials": [
      {
        "costOfGoodsSold": 1933.7,
        "depreciationAmortization": 490.9,
        "dilutedAverageSharesOutstanding": 537.3,
        "dilutedEPS": -0.005,
        "ebit": 375.5,
        "grossIncome": 2467.9,
        "interestExpense": 259.2,
        "interestIncomeExpense": -250,
        "netIncome": -2.7,
        "netIncomeAfterTaxes": -0.5,
        "nonRecurringItems": -80.9,
        "period": "2025-03-31",
        "pretaxIncome": 38.9,
        "provisionforIncomeTaxes": 39.4,
        "researchDevelopment": 983.8,
        "revenue": 4401.6,
        "sgaExpense": 617.7,
        "totalOperatingExpense": 2092.4,
        "totalOtherIncomeExpenseNet": -5.7,
        "year": 2025
      },
      {
        "costOfGoodsSold": 2638.7,
        "depreciationAmortization": 605.4,
        "dilutedAverageSharesOutstanding": 548,
        "dilutedEPS": 3.4797,
        "ebit": 2558.7,
        "grossIncome": 4995.7,
        "interestExpense": 198.3,
        "interestIncomeExpense": -190.7,
        "netIncome": 1906.9,
        "netIncomeAfterTaxes": 1906.9,
        "nonRecurringItems": 0.1,
        "period": "2024-03-31",
        "pretaxIncome": 2365.9,
        "provisionforIncomeTaxes": 459,
        "researchDevelopment": 1097.4,
        "revenue": 7634.4,
        "sgaExpense": 734.2,
        "totalOperatingExpense": 2437,
        "totalOtherIncomeExpenseNet": -2.2,
        "year": 2024
      },
      {
        "costOfGoodsSold": 2740.8,
        "depreciationAmortization": 669.9,
        "dilutedAverageSharesOutstanding": 557.3,
        "dilutedEPS": 4.02,
        "ebit": 3112,
        "grossIncome": 5697.9,
        "interestExpense": 203.9,
        "interestIncomeExpense": -201.8,
        "netIncome": 2237.7,
        "netIncomeAfterTaxes": 2237.7,
        "nonRecurringItems": -4.3,
        "period": "2023-03-31",
        "pretaxIncome": 2909.7,
        "provisionforIncomeTaxes": 672,
        "researchDevelopment": 1118.3,
        "revenue": 8438.7,
        "sgaExpense": 797.7,
        "totalOperatingExpense": 2585.9,
        "totalOtherIncomeExpenseNet": 3.8,
        "year": 2023
      },
      {
        "costOfGoodsSold": 2371.3,
        "depreciationAmortization": 862.5,
        "dilutedAverageSharesOutstanding": 565.9,
        "dilutedEPS": 2.27,
        "ebit": 1879.1,
        "grossIncome": 4449.6,
        "interestExpense": 257,
        "interestIncomeExpense": -256.5,
        "netIncome": 1285.5,
        "netIncomeAfterTaxes": 1285.5,
        "nonRecurringItems": -142.9,
        "period": "2022-03-31",
        "pretaxIncome": 1482.5,
        "provisionforIncomeTaxes": 197,
        "researchDevelopment": 989.1,
        "revenue": 6820.9,
        "sgaExpense": 718.9,
        "totalOperatingExpense": 2570.5,
        "totalOtherIncomeExpenseNet": 2.8,
        "year": 2022
      },
      {
        "costOfGoodsSold": 2059.6,
        "depreciationAmortization": 932.3,
        "dilutedAverageSharesOutstanding": 541.2,
        "dilutedEPS": 0.65,
        "ebit": 999.8,
        "grossIncome": 3378.8,
        "interestExpense": 356.9,
        "interestIncomeExpense": -355.2,
        "netIncome": 349.4,
        "netIncomeAfterTaxes": 349.4,
        "nonRecurringItems": -301.3,
        "period": "2021-03-31",
        "pretaxIncome": 339.5,
        "provisionforIncomeTaxes": -9.9,
        "researchDevelopment": 836.4,
        "revenue": 5438.4,
        "sgaExpense": 610.3,
        "totalOperatingExpense": 2379,
        "totalOtherIncomeExpenseNet": -3.8,
        "year": 2021
      },
      {
        "costOfGoodsSold": 2032.1,
        "depreciationAmortization": 993.9,
        "dilutedAverageSharesOutstanding": 512.4,
        "dilutedEPS": 1.11,
        "ebit": 693.8,
        "grossIncome": 3242.1,
        "interestExpense": 497.3,
        "interestIncomeExpense": -494.5,
        "netIncome": 570.6,
        "netIncomeAfterTaxes": 570.6,
        "nonRecurringItems": -52.1,
        "period": "2020-03-31",
        "pretaxIncome": 150.4,
        "provisionforIncomeTaxes": -420.2,
        "researchDevelopment": 877.8,
        "revenue": 5274.2,
        "sgaExpense": 676.6,
        "totalOperatingExpense": 2548.3,
        "totalOtherIncomeExpenseNet": 3.2,
        "year": 2020
      },
      {
        "costOfGoodsSold": 2418.2,
        "depreciationAmortization": 674.1,
        "dilutedAverageSharesOutstanding": 499.8,
        "dilutedEPS": 0.71,
        "ebit": 748,
        "grossIncome": 2931.3,
        "interestExpense": 502.9,
        "interestIncomeExpense": -495,
        "netIncome": 355.9,
        "netIncomeAfterTaxes": 369,
        "nonRecurringItems": -46.3,
        "period": "2019-03-31",
        "pretaxIncome": 204.5,
        "provisionforIncomeTaxes": -164.5,
        "researchDevelopment": 826.3,
        "revenue": 5349.5,
        "sgaExpense": 682.9,
        "totalOperatingExpense": 2183.3,
        "totalOtherIncomeExpenseNet": -2.2,
        "year": 2019
      },
      {
        "costOfGoodsSold": 1560.1,
        "depreciationAmortization": 485.5,
        "dilutedAverageSharesOutstanding": 497.8,
        "dilutedEPS": 0.51,
        "ebit": 953.8,
        "grossIncome": 2420.7,
        "interestExpense": 199,
        "interestIncomeExpense": -177.2,
        "minorityInterest": 0,
        "netIncome": 255.4,
        "netIncomeAfterTaxes": 772.4,
        "nonRecurringItems": -33.5,
        "period": "2018-03-31",
        "pretaxIncome": 737.3,
        "provisionforIncomeTaxes": -35.1,
        "researchDevelopment": 529.3,
        "revenue": 3980.8,
        "sgaExpense": 452.1,
        "totalOperatingExpense": 1466.9,
        "totalOtherIncomeExpenseNet": -5.8,
        "year": 2018
      },
      {
        "costOfGoodsSold": 1650.6,
        "depreciationAmortization": 337.7,
        "dilutedAverageSharesOutstanding": 469.6,
        "dilutedEPS": 0.36,
        "ebit": 374.4,
        "grossIncome": 1757.2,
        "interestExpense": 146.346,
        "interestIncomeExpense": -143.5,
        "minorityInterest": 0,
        "netIncome": 164.6,
        "netIncomeAfterTaxes": 170.6,
        "nonRecurringItems": -142.5,
        "period": "2017-03-31",
        "pretaxIncome": 89.8,
        "provisionforIncomeTaxes": -80.8,
        "researchDevelopment": 545.3,
        "revenue": 3407.8,
        "sgaExpense": 499.8,
        "totalOperatingExpense": 1382.8,
        "totalOtherIncomeExpenseNet": 1.3,
        "year": 2017
      },
      {
        "costOfGoodsSold": 967.9,
        "depreciationAmortization": 174.9,
        "dilutedAverageSharesOutstanding": 434.8,
        "dilutedEPS": 0.75,
        "ebit": 356.3,
        "grossIncome": 1205.5,
        "interestExpense": 104.018,
        "interestIncomeExpense": -79.9,
        "minorityInterest": 0.2,
        "netIncome": 324.1,
        "netIncomeAfterTaxes": 323.9,
        "nonRecurringItems": -4,
        "period": "2016-03-31",
        "pretaxIncome": 281.3,
        "provisionforIncomeTaxes": -42.6,
        "researchDevelopment": 372.6,
        "revenue": 2173.3,
        "sgaExpense": 301.7,
        "totalOperatingExpense": 849.1,
        "totalOtherIncomeExpenseNet": 8.9,
        "year": 2016
      }
    ],
    "symbol": "MCHP"
  }
}