{
  "symbol": "DG",
  "statement": "ic",
  "frequency": "quarterly",
  "timestamp": "2025-09-19T13:59:12.233359",
  "data": {
    "financials": [
      {
        "costOfGoodsSold": 7366.069,
        "dilutedAverageSharesOutstanding": 220.854,
        "dilutedEPS": 1.86,
        "ebit": 595.428,
        "grossIncome": 3361.668,
        "interestExpense": 57.727,
        "interestIncomeExpense": -57.727,
        "netIncome": 411.426,
        "netIncomeAfterTaxes": 411.426,
        "period": "2025-08-01",
        "pretaxIncome": 537.701,
        "provisionforIncomeTaxes": 126.275,
        "revenue": 10727.737,
        "sgaExpense": 2766.24,
        "totalOperatingExpense": 2766.24
      },
      {
        "costOfGoodsSold": 7204.691,
        "dilutedAverageSharesOutstanding": 220.135,
        "dilutedEPS": 1.78,
        "ebit": 576.113,
        "grossIncome": 3231.288,
        "interestExpense": 64.604,
        "interestIncomeExpense": -64.604,
        "netIncome": 391.928,
        "netIncomeAfterTaxes": 391.928,
        "period": "2025-05-02",
        "pretaxIncome": 511.509,
        "provisionforIncomeTaxes": 119.581,
        "revenue": 10435.979,
        "sgaExpense": 2655.175,
        "totalOperatingExpense": 2655.175
      },
      {
        "costOfGoodsSold": 7274.929,
        "dilutedAverageSharesOutstanding": 219.994,
        "dilutedEPS": 0.87,
        "ebit": 294.206,
        "grossIncome": 3029.569,
        "interestExpense": 65.908,
        "interestIncomeExpense": -65.908,
        "netIncome": 191.217,
        "netIncomeAfterTaxes": 191.217,
        "period": "2025-01-31",
        "pretaxIncome": 228.298,
        "provisionforIncomeTaxes": 37.081,
        "revenue": 10304.498,
        "sgaExpense": 2735.363,
        "totalOperatingExpense": 2735.363,
        "totalOtherIncomeExpenseNet": 0
      },
      {
        "costOfGoodsSold": 7247.128,
        "dilutedAverageSharesOutstanding": 219.997,
        "dilutedEPS": 0.89,
        "ebit": 323.802,
        "grossIncome": 2936.3,
        "interestExpense": 67.849,
        "interestIncomeExpense": -67.849,
        "netIncome": 196.529,
        "netIncomeAfterTaxes": 196.529,
        "period": "2024-11-01",
        "pretaxIncome": 255.953,
        "provisionforIncomeTaxes": 59.424,
        "revenue": 10183.428,
        "sgaExpense": 2612.498,
        "totalOperatingExpense": 2612.498
      },
      {
        "costOfGoodsSold": 7150.882,
        "dilutedAverageSharesOutstanding": 220.065,
        "dilutedEPS": 1.7,
        "ebit": 549.962,
        "grossIncome": 3059.479,
        "interestExpense": 68.13,
        "interestIncomeExpense": -68.13,
        "netIncome": 374.19,
        "netIncomeAfterTaxes": 374.19,
        "period": "2024-08-02",
        "pretaxIncome": 481.832,
        "provisionforIncomeTaxes": 107.642,
        "revenue": 10210.361,
        "sgaExpense": 2509.517,
        "totalOperatingExpense": 2509.517
      },
      {
        "costOfGoodsSold": 6921.872,
        "dilutedAverageSharesOutstanding": 220.052,
        "dilutedEPS": 1.65,
        "ebit": 546.104,
        "grossIncome": 2992.149,
        "interestExpense": 72.433,
        "interestIncomeExpense": -72.433,
        "netIncome": 363.317,
        "netIncomeAfterTaxes": 363.317,
        "period": "2024-05-03",
        "pretaxIncome": 473.671,
        "provisionforIncomeTaxes": 110.354,
        "revenue": 9914.021,
        "sgaExpense": 2446.045,
        "totalOperatingExpense": 2446.045
      },
      {
        "costOfGoodsSold": 6952.178,
        "dilutedAverageSharesOutstanding": 219.893,
        "dilutedEPS": 1.83,
        "ebit": 579.654,
        "grossIncome": 2906.336,
        "interestExpense": 77.117,
        "interestIncomeExpense": -77.117,
        "netIncome": 401.813,
        "netIncomeAfterTaxes": 401.813,
        "period": "2024-02-02",
        "pretaxIncome": 502.537,
        "provisionforIncomeTaxes": 100.724,
        "revenue": 9858.514,
        "sgaExpense": 2326.682,
        "totalOperatingExpense": 2326.682,
        "totalOtherIncomeExpenseNet": 0
      },
      {
        "costOfGoodsSold": 6881.554,
        "dilutedAverageSharesOutstanding": 219.799,
        "dilutedEPS": 1.26,
        "ebit": 433.474,
        "grossIncome": 2812.528,
        "interestExpense": 82.289,
        "interestIncomeExpense": -82.289,
        "netIncome": 276.246,
        "netIncomeAfterTaxes": 276.246,
        "period": "2023-11-03",
        "pretaxIncome": 351.185,
        "provisionforIncomeTaxes": 74.939,
        "revenue": 9694.082,
        "sgaExpense": 2379.054,
        "totalOperatingExpense": 2379.054,
        "totalOtherIncomeExpenseNet": 0
      },
      {
        "costOfGoodsSold": 6751.495,
        "dilutedAverageSharesOutstanding": 219.952,
        "dilutedEPS": 2.13,
        "ebit": 692.314,
        "grossIncome": 3044.686,
        "interestExpense": 84.337,
        "interestIncomeExpense": -84.337,
        "netIncome": 468.835,
        "netIncomeAfterTaxes": 468.835,
        "period": "2023-08-04",
        "pretaxIncome": 607.977,
        "provisionforIncomeTaxes": 139.142,
        "revenue": 9796.181,
        "sgaExpense": 2352.372,
        "totalOperatingExpense": 2352.372
      },
      {
        "costOfGoodsSold": 6387.358,
        "dilutedAverageSharesOutstanding": 220.107,
        "dilutedEPS": 2.34,
        "ebit": 740.858,
        "grossIncome": 2955.474,
        "interestExpense": 83.038,
        "interestIncomeExpense": -83.038,
        "netIncome": 514.38,
        "netIncomeAfterTaxes": 514.38,
        "period": "2023-05-05",
        "pretaxIncome": 657.82,
        "provisionforIncomeTaxes": 143.44,
        "revenue": 9342.832,
        "sgaExpense": 2214.616,
        "totalOperatingExpense": 2214.616
      },
      {
        "costOfGoodsSold": 7054.59,
        "dilutedAverageSharesOutstanding": 222.427,
        "dilutedEPS": 2.96,
        "ebit": 933.174,
        "grossIncome": 3148.317,
        "interestExpense": 74.818,
        "interestIncomeExpense": -74.818,
        "netIncome": 659.135,
        "netIncomeAfterTaxes": 659.135,
        "period": "2023-02-03",
        "pretaxIncome": 858.356,
        "provisionforIncomeTaxes": 199.221,
        "revenue": 10202.907,
        "sgaExpense": 2215.143,
        "totalOperatingExpense": 2215.143,
        "totalOtherIncomeExpenseNet": 0
      },
      {
        "costOfGoodsSold": 6579.696,
        "dilutedAverageSharesOutstanding": 225.697,
        "dilutedEPS": 2.33,
        "ebit": 735.545,
        "grossIncome": 2885.195,
        "interestExpense": 53.681,
        "interestIncomeExpense": -53.681,
        "netIncome": 526.167,
        "netIncomeAfterTaxes": 526.167,
        "period": "2022-10-28",
        "pretaxIncome": 681.449,
        "provisionforIncomeTaxes": 155.282,
        "revenue": 9464.891,
        "sgaExpense": 2149.65,
        "totalOperatingExpense": 2149.65,
        "totalOtherIncomeExpenseNet": -0.415
      },
      {
        "costOfGoodsSold": 6377.49,
        "dilutedAverageSharesOutstanding": 227.456,
        "dilutedEPS": 2.98,
        "ebit": 913.426,
        "grossIncome": 3048.223,
        "interestExpense": 43.098,
        "interestIncomeExpense": -43.098,
        "netIncome": 678.03,
        "netIncomeAfterTaxes": 678.03,
        "period": "2022-07-29",
        "pretaxIncome": 870.328,
        "provisionforIncomeTaxes": 192.298,
        "revenue": 9425.713,
        "sgaExpense": 2134.797,
        "totalOperatingExpense": 2134.797
      },
      {
        "costOfGoodsSold": 6012.989,
        "dilutedAverageSharesOutstanding": 229.609,
        "dilutedEPS": 2.41,
        "ebit": 746.157,
        "grossIncome": 2738.363,
        "interestExpense": 39.676,
        "interestIncomeExpense": -39.676,
        "netIncome": 552.657,
        "netIncomeAfterTaxes": 552.657,
        "period": "2022-04-29",
        "pretaxIncome": 706.481,
        "provisionforIncomeTaxes": 153.824,
        "revenue": 8751.352,
        "sgaExpense": 1992.206,
        "totalOperatingExpense": 1992.206
      },
      {
        "costOfGoodsSold": 5951.208,
        "dilutedAverageSharesOutstanding": 232.515,
        "dilutedEPS": 2.57,
        "ebit": 796.669,
        "grossIncome": 2700.24,
        "interestExpense": 38.506,
        "interestIncomeExpense": -38.506,
        "netIncome": 597.433,
        "netIncomeAfterTaxes": 597.433,
        "period": "2022-01-28",
        "pretaxIncome": 758.163,
        "provisionforIncomeTaxes": 160.73,
        "revenue": 8651.448,
        "sgaExpense": 1903.571,
        "totalOperatingExpense": 1903.571
      },
      {
        "costOfGoodsSold": 5898.4,
        "dilutedAverageSharesOutstanding": 234.026,
        "dilutedEPS": 2.08,
        "ebit": 665.588,
        "grossIncome": 2619.439,
        "interestExpense": 39.198,
        "interestIncomeExpense": -39.198,
        "netIncome": 487.031,
        "netIncomeAfterTaxes": 487.031,
        "period": "2021-10-29",
        "pretaxIncome": 626.39,
        "provisionforIncomeTaxes": 139.359,
        "revenue": 8517.839,
        "sgaExpense": 1953.851,
        "totalOperatingExpense": 1953.851
      },
      {
        "costOfGoodsSold": 5912.539,
        "dilutedAverageSharesOutstanding": 236.406,
        "dilutedEPS": 2.69,
        "ebit": 849.568,
        "grossIncome": 2737.659,
        "interestExpense": 39.43,
        "interestIncomeExpense": -39.43,
        "netIncome": 637.019,
        "netIncomeAfterTaxes": 637.019,
        "period": "2021-07-30",
        "pretaxIncome": 810.138,
        "provisionforIncomeTaxes": 173.119,
        "revenue": 8650.198,
        "sgaExpense": 1888.091,
        "totalOperatingExpense": 1888.091
      },
      {
        "costOfGoodsSold": 5645.296,
        "dilutedAverageSharesOutstanding": 240.301,
        "dilutedEPS": 2.82,
        "ebit": 908.85,
        "grossIncome": 2755.668,
        "interestExpense": 40.392,
        "interestIncomeExpense": -40.392,
        "netIncome": 677.749,
        "netIncomeAfterTaxes": 677.749,
        "period": "2021-04-30",
        "pretaxIncome": 868.458,
        "provisionforIncomeTaxes": 190.709,
        "revenue": 8400.964,
        "sgaExpense": 1846.818,
        "totalOperatingExpense": 1846.818
      },
      {
        "costOfGoodsSold": 5677.829,
        "dilutedAverageSharesOutstanding": 245.423,
        "dilutedEPS": 2.62,
        "ebit": 872.224,
        "grossIncome": 2736.695,
        "interestExpense": 40.268,
        "interestIncomeExpense": -40.268,
        "netIncome": 642.743,
        "netIncomeAfterTaxes": 642.743,
        "period": "2021-01-29",
        "pretaxIncome": 831.956,
        "provisionforIncomeTaxes": 189.213,
        "revenue": 8414.524,
        "sgaExpense": 1864.471,
        "totalOperatingExpense": 1864.471
      },
      {
        "costOfGoodsSold": 5631.385,
        "dilutedAverageSharesOutstanding": 249.063,
        "dilutedEPS": 2.31,
        "ebit": 773.13,
        "grossIncome": 2568.24,
        "interestExpense": 40.298,
        "interestIncomeExpense": -40.298,
        "netIncome": 574.26,
        "netIncomeAfterTaxes": 574.26,
        "period": "2020-10-30",
        "pretaxIncome": 732.832,
        "provisionforIncomeTaxes": 158.572,
        "revenue": 8199.625,
        "sgaExpense": 1795.11,
        "totalOperatingExpense": 1795.11
      },
      {
        "costOfGoodsSold": 5866.006,
        "dilutedAverageSharesOutstanding": 252.19,
        "dilutedEPS": 3.12,
        "ebit": 1042.627,
        "grossIncome": 2818.235,
        "interestExpense": 39.326,
        "interestIncomeExpense": -39.326,
        "netIncome": 787.601,
        "netIncomeAfterTaxes": 787.601,
        "period": "2020-07-31",
        "pretaxIncome": 1003.301,
        "provisionforIncomeTaxes": 215.7,
        "revenue": 8684.241,
        "sgaExpense": 1775.608,
        "totalOperatingExpense": 1775.608
      },
      {
        "costOfGoodsSold": 5852.757,
        "dilutedAverageSharesOutstanding": 253.627,
        "dilutedEPS": 2.56,
        "ebit": 866.784,
        "grossIncome": 2595.692,
        "interestExpense": 30.493,
        "interestIncomeExpense": -30.493,
        "netIncome": 650.446,
        "netIncomeAfterTaxes": 650.446,
        "period": "2020-05-01",
        "pretaxIncome": 836.291,
        "provisionforIncomeTaxes": 185.845,
        "revenue": 8448.449,
        "sgaExpense": 1728.908,
        "totalOperatingExpense": 1728.908
      },
      {
        "costOfGoodsSold": 4884.879,
        "dilutedAverageSharesOutstanding": 255.146,
        "dilutedEPS": 2.1,
        "ebit": 720.875,
        "grossIncome": 2272.763,
        "interestExpense": 25.567,
        "interestIncomeExpense": -25.567,
        "netIncome": 535.437,
        "netIncomeAfterTaxes": 535.437,
        "nonRecurringItems": 0,
        "period": "2020-01-31",
        "pretaxIncome": 695.308,
        "provisionforIncomeTaxes": 159.871,
        "revenue": 7157.642,
        "sgaExpense": 1551.888,
        "totalOperatingExpense": 1551.888,
        "totalOtherIncomeExpenseNet": 0
      },
      {
        "costOfGoodsSold": 4926.307,
        "dilutedAverageSharesOutstanding": 257.699,
        "dilutedEPS": 1.42,
        "ebit": 491.417,
        "grossIncome": 2065.086,
        "interestExpense": 24.264,
        "interestIncomeExpense": -24.264,
        "netIncome": 365.55,
        "netIncomeAfterTaxes": 365.55,
        "nonRecurringItems": 0,
        "period": "2019-11-01",
        "pretaxIncome": 467.153,
        "provisionforIncomeTaxes": 101.603,
        "revenue": 6991.393,
        "sgaExpense": 1573.669,
        "totalOperatingExpense": 1573.669,
        "totalOtherIncomeExpenseNet": 0
      },
      {
        "costOfGoodsSold": 4832.817,
        "dilutedAverageSharesOutstanding": 259.102,
        "dilutedEPS": 1.65,
        "ebit": 608.775,
        "grossIncome": 2148.936,
        "interestExpense": 24.81,
        "interestIncomeExpense": -24.81,
        "netIncome": 426.555,
        "netIncomeAfterTaxes": 426.555,
        "nonRecurringItems": -31,
        "period": "2019-08-02",
        "pretaxIncome": 552.965,
        "provisionforIncomeTaxes": 126.41,
        "revenue": 6981.753,
        "sgaExpense": 1540.161,
        "totalOperatingExpense": 1540.161,
        "totalOtherIncomeExpenseNet": 0
      },
      {
        "costOfGoodsSold": 4620.909,
        "dilutedAverageSharesOutstanding": 260.265,
        "dilutedEPS": 1.48,
        "ebit": 512.237,
        "grossIncome": 2002.276,
        "interestExpense": 25.933,
        "interestIncomeExpense": -25.933,
        "netIncome": 385.013,
        "netIncomeAfterTaxes": 385.013,
        "period": "2019-05-03",
        "pretaxIncome": 486.304,
        "provisionforIncomeTaxes": 101.291,
        "revenue": 6623.185,
        "sgaExpense": 1490.039,
        "totalOperatingExpense": 1490.039
      },
      {
        "costOfGoodsSold": 4578.12,
        "dilutedAverageSharesOutstanding": 262.538,
        "dilutedEPS": 1.84,
        "ebit": 638.503,
        "grossIncome": 2071.689,
        "interestExpense": 25.061,
        "interestIncomeExpense": -25.061,
        "netIncome": 483.241,
        "netIncomeAfterTaxes": 471.019,
        "period": "2019-02-01",
        "pretaxIncome": 613.442,
        "provisionforIncomeTaxes": 142.423,
        "revenue": 6649.809,
        "sgaExpense": 1433.186,
        "totalOperatingExpense": 1433.186,
        "totalOtherIncomeExpenseNet": 0
      },
      {
        "costOfGoodsSold": 4522.403,
        "dilutedAverageSharesOutstanding": 265.522,
        "dilutedEPS": 1.26,
        "ebit": 442.143,
        "grossIncome": 1895.059,
        "interestExpense": 24.586,
        "interestIncomeExpense": -24.586,
        "netIncome": 334.142,
        "netIncomeAfterTaxes": 334.142,
        "period": "2018-11-02",
        "pretaxIncome": 417.557,
        "provisionforIncomeTaxes": 83.415,
        "revenue": 6417.462,
        "sgaExpense": 1452.916,
        "totalOperatingExpense": 1452.916,
        "totalOtherIncomeExpenseNet": 0
      },
      {
        "costOfGoodsSold": 4468.436,
        "dilutedAverageSharesOutstanding": 267.226,
        "dilutedEPS": 1.52,
        "ebit": 545.476,
        "grossIncome": 1974.873,
        "interestExpense": 25.451,
        "interestIncomeExpense": -25.451,
        "netIncome": 407.237,
        "netIncomeAfterTaxes": 407.237,
        "period": "2018-08-03",
        "pretaxIncome": 519.006,
        "provisionforIncomeTaxes": 111.769,
        "revenue": 6443.309,
        "sgaExpense": 1429.397,
        "totalOperatingExpense": 1429.397,
        "totalOtherIncomeExpenseNet": -1.019
      },
      {
        "costOfGoodsSold": 4252.214,
        "dilutedAverageSharesOutstanding": 269.135,
        "dilutedEPS": 1.36,
        "ebit": 490.184,
        "grossIncome": 1862.249,
        "interestExpense": 24.773,
        "interestIncomeExpense": -24.773,
        "netIncome": 364.852,
        "netIncomeAfterTaxes": 364.852,
        "period": "2018-05-04",
        "pretaxIncome": 465.411,
        "provisionforIncomeTaxes": 100.559,
        "revenue": 6114.463,
        "sgaExpense": 1372.065,
        "totalOperatingExpense": 1372.065,
        "totalOtherIncomeExpenseNet": 0
      },
      {
        "costOfGoodsSold": 4164.033,
        "dilutedAverageSharesOutstanding": 271.22,
        "dilutedEPS": 2.62,
        "ebit": 623.446,
        "grossIncome": 1965.398,
        "interestExpense": 24.289,
        "interestIncomeExpense": -24.289,
        "netIncome": 712.155,
        "netIncomeAfterTaxes": 401.399,
        "period": "2018-02-02",
        "pretaxIncome": 599.157,
        "provisionforIncomeTaxes": 197.758,
        "revenue": 6129.431,
        "sgaExpense": 1341.952,
        "totalOperatingExpense": 1341.952,
        "totalOtherIncomeExpenseNet": 0
      },
      {
        "costOfGoodsSold": 4137.15,
        "dilutedAverageSharesOutstanding": 272.881,
        "dilutedEPS": 0.93,
        "ebit": 417.431,
        "grossIncome": 1766.456,
        "interestExpense": 23.995,
        "interestIncomeExpense": -23.995,
        "netIncome": 252.533,
        "netIncomeAfterTaxes": 252.533,
        "period": "2017-11-03",
        "pretaxIncome": 393.436,
        "provisionforIncomeTaxes": 140.903,
        "revenue": 5903.606,
        "sgaExpense": 1349.025,
        "totalOperatingExpense": 1349.025,
        "totalOtherIncomeExpenseNet": 0
      },
      {
        "costOfGoodsSold": 4037.783,
        "dilutedAverageSharesOutstanding": 274.132,
        "dilutedEPS": 1.08,
        "ebit": 493.146,
        "grossIncome": 1790.522,
        "interestExpense": 23.748,
        "interestIncomeExpense": -23.748,
        "netIncome": 294.783,
        "netIncomeAfterTaxes": 294.783,
        "period": "2017-08-04",
        "pretaxIncome": 469.398,
        "provisionforIncomeTaxes": 174.615,
        "revenue": 5828.305,
        "sgaExpense": 1297.376,
        "totalOperatingExpense": 1297.376,
        "totalOtherIncomeExpenseNet": 0
      },
      {
        "costOfGoodsSold": 3910.642,
        "dilutedAverageSharesOutstanding": 275.215,
        "dilutedEPS": 1.02,
        "ebit": 473.795,
        "grossIncome": 1698.983,
        "interestExpense": 25.004,
        "interestIncomeExpense": -25.004,
        "netIncome": 279.489,
        "netIncomeAfterTaxes": 279.489,
        "period": "2017-05-05",
        "pretaxIncome": 445.289,
        "provisionforIncomeTaxes": 165.8,
        "revenue": 5609.625,
        "sgaExpense": 1225.188,
        "totalOperatingExpense": 1225.188,
        "totalOtherIncomeExpenseNet": -3.502
      },
      {
        "costOfGoodsSold": 4108.499,
        "dilutedAverageSharesOutstanding": 276.666,
        "dilutedEPS": 1.5,
        "ebit": 680.618,
        "grossIncome": 1900.747,
        "interestExpense": 25.511,
        "interestIncomeExpense": -25.511,
        "netIncome": 414.176,
        "netIncomeAfterTaxes": 414.176,
        "period": "2017-02-03",
        "pretaxIncome": 655.107,
        "provisionforIncomeTaxes": 240.931,
        "revenue": 6009.246,
        "sgaExpense": 1220.129,
        "totalOperatingExpense": 1220.129,
        "totalOtherIncomeExpenseNet": 0
      },
      {
        "costOfGoodsSold": 3732.519,
        "dilutedAverageSharesOutstanding": 281.283,
        "dilutedEPS": 0.84,
        "ebit": 392.991,
        "grossIncome": 1587.51,
        "interestExpense": 23.877,
        "interestIncomeExpense": -23.877,
        "netIncome": 235.315,
        "netIncomeAfterTaxes": 235.315,
        "period": "2016-10-28",
        "pretaxIncome": 369.114,
        "provisionforIncomeTaxes": 133.799,
        "revenue": 5320.029,
        "sgaExpense": 1194.519,
        "totalOperatingExpense": 1194.519,
        "totalOtherIncomeExpenseNet": 0
      },
      {
        "costOfGoodsSold": 3710.124,
        "dilutedAverageSharesOutstanding": 284.116,
        "dilutedEPS": 1.08,
        "ebit": 509.097,
        "grossIncome": 1681.767,
        "interestExpense": 24.352,
        "interestIncomeExpense": -24.352,
        "netIncome": 306.518,
        "netIncomeAfterTaxes": 306.518,
        "period": "2016-07-29",
        "pretaxIncome": 484.745,
        "provisionforIncomeTaxes": 178.227,
        "revenue": 5391.891,
        "sgaExpense": 1172.67,
        "totalOperatingExpense": 1172.67
      },
      {
        "costOfGoodsSold": 3652.818,
        "dilutedAverageSharesOutstanding": 286.978,
        "dilutedEPS": 1.03,
        "ebit": 480.743,
        "grossIncome": 1612.614,
        "interestExpense": 24.081,
        "interestIncomeExpense": -24.081,
        "netIncome": 295.124,
        "netIncomeAfterTaxes": 295.124,
        "period": "2016-04-29",
        "pretaxIncome": 456.662,
        "provisionforIncomeTaxes": 161.538,
        "revenue": 5265.432,
        "sgaExpense": 1131.871,
        "totalOperatingExpense": 1131.871
      },
      {
        "costOfGoodsSold": 3604.669,
        "dilutedAverageSharesOutstanding": 289.365,
        "dilutedEPS": 1.3,
        "ebit": 612.429,
        "grossIncome": 1682.269,
        "interestExpense": 23.275,
        "interestIncomeExpense": -23.275,
        "netIncome": 376.175,
        "netIncomeAfterTaxes": 376.175,
        "nonRecurringItems": 0,
        "period": "2016-01-29",
        "pretaxIncome": 589.154,
        "provisionforIncomeTaxes": 212.979,
        "revenue": 5286.938,
        "sgaExpense": 1069.84,
        "totalOperatingExpense": 1069.84,
        "totalOtherIncomeExpenseNet": 0
      },
      {
        "costOfGoodsSold": 3530.086,
        "dilutedAverageSharesOutstanding": 292.904,
        "dilutedEPS": 0.86,
        "ebit": 429.959,
        "grossIncome": 1536.962,
        "interestExpense": 21.394,
        "interestIncomeExpense": -21.394,
        "netIncome": 253.321,
        "netIncomeAfterTaxes": 253.321,
        "nonRecurringItems": -6.1,
        "period": "2015-10-30",
        "pretaxIncome": 402.139,
        "provisionforIncomeTaxes": 148.818,
        "revenue": 5067.048,
        "sgaExpense": 1107.003,
        "totalOperatingExpense": 1107.003,
        "totalOtherIncomeExpenseNet": -0.326
      }
    ],
    "symbol": "DG"
  }
}