{
  "symbol": "CBRE",
  "statement": "ic",
  "frequency": "quarterly",
  "timestamp": "2025-09-19T13:57:33.774275",
  "data": {
    "financials": [
      {
        "costOfGoodsSold": 7942,
        "depreciationAmortization": 182,
        "dilutedAverageSharesOutstanding": 300.0084,
        "dilutedEPS": 0.7167,
        "ebit": 355,
        "grossIncome": 1812,
        "interestIncomeExpense": -77,
        "minorityInterest": -24,
        "netIncome": 215,
        "netIncomeAfterTaxes": 239,
        "nonRecurringItems": 17,
        "period": "2025-06-30",
        "pretaxIncome": 300,
        "provisionforIncomeTaxes": 61,
        "revenue": 9754,
        "sgaExpense": 1275,
        "totalOperatingExpense": 1457,
        "totalOtherIncomeExpenseNet": 5
      },
      {
        "costOfGoodsSold": 7265,
        "depreciationAmortization": 177,
        "dilutedAverageSharesOutstanding": 302.9147,
        "dilutedEPS": 0.5381,
        "ebit": 276,
        "grossIncome": 1645,
        "interestIncomeExpense": -34,
        "minorityInterest": -28,
        "netIncome": 163,
        "netIncomeAfterTaxes": 191,
        "nonRecurringItems": 0,
        "period": "2025-03-31",
        "pretaxIncome": 243,
        "provisionforIncomeTaxes": 52,
        "revenue": 8910,
        "sgaExpense": 1192,
        "totalOperatingExpense": 1369,
        "totalOtherIncomeExpenseNet": 1
      },
      {
        "costOfGoodsSold": 8255,
        "depreciationAmortization": 177,
        "dilutedAverageSharesOutstanding": 307.2911,
        "dilutedEPS": 1.5848,
        "ebit": 568,
        "grossIncome": 2149,
        "interestIncomeExpense": 6,
        "minorityInterest": -14,
        "netIncome": 487,
        "netIncomeAfterTaxes": 501,
        "nonRecurringItems": 26,
        "period": "2024-12-31",
        "pretaxIncome": 613,
        "provisionforIncomeTaxes": 112,
        "revenue": 10404,
        "sgaExpense": 1404,
        "totalOperatingExpense": 1581,
        "totalOtherIncomeExpenseNet": 13
      },
      {
        "costOfGoodsSold": 7240.4,
        "depreciationAmortization": 178,
        "dilutedAverageSharesOutstanding": 308.305,
        "dilutedEPS": 0.7298,
        "ebit": 426.1,
        "grossIncome": 1795.6,
        "interestIncomeExpense": -68,
        "minorityInterest": -20,
        "netIncome": 225,
        "netIncomeAfterTaxes": 245,
        "nonRecurringItems": -58.1,
        "period": "2024-09-30",
        "pretaxIncome": 312,
        "provisionforIncomeTaxes": 67,
        "revenue": 9036,
        "sgaExpense": 1191.5,
        "totalOperatingExpense": 1369.5,
        "totalOtherIncomeExpenseNet": 12
      },
      {
        "costOfGoodsSold": 6782.1,
        "depreciationAmortization": 161,
        "dilutedAverageSharesOutstanding": 308.0352,
        "dilutedEPS": 0.422,
        "ebit": 307.7,
        "grossIncome": 1608.9,
        "interestIncomeExpense": -78,
        "minorityInterest": -12,
        "netIncome": 130,
        "netIncomeAfterTaxes": 142,
        "nonRecurringItems": -61.7,
        "period": "2024-06-30",
        "pretaxIncome": 174,
        "provisionforIncomeTaxes": 32,
        "revenue": 8391,
        "sgaExpense": 1140.2,
        "totalOperatingExpense": 1301.2,
        "totalOtherIncomeExpenseNet": 6
      },
      {
        "costOfGoodsSold": 6468.5,
        "depreciationAmortization": 158,
        "dilutedAverageSharesOutstanding": 308.5025,
        "dilutedEPS": 0.4084,
        "ebit": 222.2,
        "grossIncome": 1466.5,
        "interestIncomeExpense": -94,
        "minorityInterest": -22,
        "netIncome": 126,
        "netIncomeAfterTaxes": 148,
        "nonRecurringItems": -18.2,
        "period": "2024-03-31",
        "pretaxIncome": 119,
        "provisionforIncomeTaxes": -29,
        "revenue": 7935,
        "sgaExpense": 1086.3,
        "totalOperatingExpense": 1244.3,
        "totalOtherIncomeExpenseNet": 9
      },
      {
        "costOfGoodsSold": 7092.267,
        "depreciationAmortization": 156.962,
        "dilutedAverageSharesOutstanding": 308.3692,
        "dilutedEPS": 1.5473,
        "ebit": 494.504,
        "grossIncome": 1857.708,
        "interestIncomeExpense": 87.786,
        "minorityInterest": -17.678,
        "netIncome": 477.151,
        "netIncomeAfterTaxes": 494.829,
        "nonRecurringItems": 9.262,
        "period": "2023-12-31",
        "pretaxIncome": 630.838,
        "provisionforIncomeTaxes": 136.009,
        "revenue": 8949.975,
        "sgaExpense": 1206.242,
        "totalOperatingExpense": 1363.204,
        "totalOtherIncomeExpenseNet": 39.286
      },
      {
        "costOfGoodsSold": 6396.824,
        "depreciationAmortization": 149.161,
        "dilutedAverageSharesOutstanding": 312.2211,
        "dilutedEPS": 0.6103,
        "ebit": 264.018,
        "grossIncome": 1471.222,
        "interestIncomeExpense": -51.567,
        "minorityInterest": -10.392,
        "netIncome": 190.553,
        "netIncomeAfterTaxes": 200.945,
        "nonRecurringItems": 5.417,
        "period": "2023-09-30",
        "pretaxIncome": 231.496,
        "provisionforIncomeTaxes": 30.551,
        "revenue": 7868.046,
        "sgaExpense": 1058.043,
        "totalOperatingExpense": 1207.204,
        "totalOtherIncomeExpenseNet": 13.628
      },
      {
        "costOfGoodsSold": 6179.496,
        "depreciationAmortization": 154.387,
        "dilutedAverageSharesOutstanding": 314.2822,
        "dilutedEPS": 0.6408,
        "ebit": 297.168,
        "grossIncome": 1540.367,
        "interestIncomeExpense": -50.484,
        "minorityInterest": -4.75,
        "netIncome": 201.403,
        "netIncomeAfterTaxes": 206.153,
        "nonRecurringItems": 9.261,
        "period": "2023-06-30",
        "pretaxIncome": 261.557,
        "provisionforIncomeTaxes": 55.404,
        "revenue": 7719.863,
        "sgaExpense": 1088.812,
        "totalOperatingExpense": 1243.199,
        "totalOtherIncomeExpenseNet": 5.612
      },
      {
        "costOfGoodsSold": 6006.413,
        "depreciationAmortization": 161.491,
        "dilutedAverageSharesOutstanding": 315.3582,
        "dilutedEPS": 0.3707,
        "ebit": 34.306,
        "grossIncome": 1404.701,
        "interestIncomeExpense": 113.268,
        "minorityInterest": -8.18,
        "netIncome": 116.892,
        "netIncomeAfterTaxes": 125.072,
        "nonRecurringItems": 3.059,
        "period": "2023-03-31",
        "pretaxIncome": 153.108,
        "provisionforIncomeTaxes": 28.036,
        "revenue": 7411.114,
        "sgaExpense": 1208.904,
        "totalOperatingExpense": 1370.395,
        "totalOtherIncomeExpenseNet": 2.475
      },
      {
        "costOfGoodsSold": 6498.82,
        "depreciationAmortization": 159.561,
        "dilutedAverageSharesOutstanding": 319.1095,
        "dilutedEPS": 0.2542,
        "ebit": 221.779,
        "grossIncome": 1695.669,
        "interestIncomeExpense": -184.711,
        "minorityInterest": -4.981,
        "netIncome": 81.112,
        "netIncomeAfterTaxes": 86.093,
        "nonRecurringItems": 21.899,
        "period": "2022-12-31",
        "pretaxIncome": 60.632,
        "provisionforIncomeTaxes": -25.461,
        "revenue": 8194.489,
        "sgaExpense": 1314.329,
        "totalOperatingExpense": 1473.89,
        "totalOtherIncomeExpenseNet": 1.665
      },
      {
        "costOfGoodsSold": 5934.49,
        "depreciationAmortization": 142.136,
        "dilutedAverageSharesOutstanding": 324.7426,
        "dilutedEPS": 1.3754,
        "ebit": 372.604,
        "grossIncome": 1595.056,
        "interestIncomeExpense": 214.015,
        "minorityInterest": -5.041,
        "netIncome": 446.639,
        "netIncomeAfterTaxes": 451.68,
        "nonRecurringItems": -0.116,
        "period": "2022-09-30",
        "pretaxIncome": 594.347,
        "provisionforIncomeTaxes": 142.667,
        "revenue": 7529.546,
        "sgaExpense": 1080.316,
        "totalOperatingExpense": 1222.452,
        "totalOtherIncomeExpenseNet": 7.844
      },
      {
        "costOfGoodsSold": 6053.984,
        "depreciationAmortization": 162.359,
        "dilutedAverageSharesOutstanding": 329.8437,
        "dilutedEPS": 1.4774,
        "ebit": 366.116,
        "grossIncome": 1717.294,
        "interestIncomeExpense": 100.65,
        "minorityInterest": -2.594,
        "netIncome": 487.322,
        "netIncomeAfterTaxes": 489.916,
        "nonRecurringItems": 150.821,
        "period": "2022-06-30",
        "pretaxIncome": 610.678,
        "provisionforIncomeTaxes": 120.762,
        "revenue": 7771.278,
        "sgaExpense": 1188.819,
        "totalOperatingExpense": 1351.178,
        "totalOtherIncomeExpenseNet": -6.909
      },
      {
        "costOfGoodsSold": 5752.194,
        "depreciationAmortization": 149.032,
        "dilutedAverageSharesOutstanding": 337.1403,
        "dilutedEPS": 1.1636,
        "ebit": 365.711,
        "grossIncome": 1580.739,
        "interestIncomeExpense": 30.045,
        "minorityInterest": -3.974,
        "netIncome": 392.297,
        "netIncomeAfterTaxes": 396.271,
        "nonRecurringItems": 11.241,
        "period": "2022-03-31",
        "pretaxIncome": 392.533,
        "provisionforIncomeTaxes": -3.738,
        "revenue": 7332.933,
        "sgaExpense": 1065.996,
        "totalOperatingExpense": 1215.028,
        "totalOtherIncomeExpenseNet": -14.464
      },
      {
        "costOfGoodsSold": 6584.255,
        "depreciationAmortization": 162.144,
        "dilutedAverageSharesOutstanding": 339.4537,
        "dilutedEPS": 2.0386,
        "ebit": 540.858,
        "grossIncome": 1965.962,
        "interestIncomeExpense": 143.726,
        "minorityInterest": -0.882,
        "netIncome": 691.992,
        "netIncomeAfterTaxes": 692.874,
        "nonRecurringItems": 51.378,
        "period": "2021-12-31",
        "pretaxIncome": 917.101,
        "provisionforIncomeTaxes": 224.227,
        "revenue": 8550.217,
        "sgaExpense": 1262.96,
        "totalOperatingExpense": 1425.104,
        "totalOtherIncomeExpenseNet": 181.139
      },
      {
        "costOfGoodsSold": 5258.947,
        "depreciationAmortization": 122.564,
        "dilutedAverageSharesOutstanding": 340.3372,
        "dilutedEPS": 1.2803,
        "ebit": 391.135,
        "grossIncome": 1539.38,
        "interestIncomeExpense": 152.771,
        "minorityInterest": -0.879,
        "netIncome": 435.743,
        "netIncomeAfterTaxes": 436.622,
        "nonRecurringItems": 18.53,
        "period": "2021-09-30",
        "pretaxIncome": 570.129,
        "provisionforIncomeTaxes": 133.507,
        "revenue": 6798.327,
        "sgaExpense": 1025.681,
        "totalOperatingExpense": 1148.245,
        "totalOtherIncomeExpenseNet": 7.693
      },
      {
        "costOfGoodsSold": 5016.759,
        "depreciationAmortization": 119.085,
        "dilutedAverageSharesOutstanding": 339.5029,
        "dilutedEPS": 1.3038,
        "ebit": 365.553,
        "grossIncome": 1441.854,
        "interestIncomeExpense": 198.36,
        "minorityInterest": -0.805,
        "netIncome": 442.637,
        "netIncomeAfterTaxes": 443.442,
        "nonRecurringItems": 0.929,
        "period": "2021-06-30",
        "pretaxIncome": 576.887,
        "provisionforIncomeTaxes": 133.445,
        "revenue": 6458.613,
        "sgaExpense": 957.216,
        "totalOperatingExpense": 1076.301,
        "totalOtherIncomeExpenseNet": 12.045
      },
      {
        "costOfGoodsSold": 4719.5,
        "depreciationAmortization": 122.1,
        "dilutedAverageSharesOutstanding": 339.6,
        "dilutedEPS": 0.78,
        "ebit": 268.9,
        "grossIncome": 1219.3,
        "interestIncomeExpense": 73.5,
        "minorityInterest": -2.8,
        "netIncome": 266.2,
        "netIncomeAfterTaxes": 269,
        "nonRecurringItems": 0.2,
        "period": "2021-03-31",
        "pretaxIncome": 345.3,
        "provisionforIncomeTaxes": 76.3,
        "revenue": 5938.9,
        "sgaExpense": 828.3,
        "totalOperatingExpense": 950.5,
        "totalOtherIncomeExpenseNet": 2.7
      },
      {
        "costOfGoodsSold": 5370.8,
        "depreciationAmortization": 143.8,
        "dilutedAverageSharesOutstanding": 338.8,
        "dilutedEPS": 0.93,
        "ebit": 444.7,
        "grossIncome": 1539.7,
        "interestIncomeExpense": 37.7,
        "minorityInterest": -1.6,
        "netIncome": 313.8,
        "netIncomeAfterTaxes": 315.4,
        "nonRecurringItems": -76.4,
        "period": "2020-12-31",
        "pretaxIncome": 410.4,
        "provisionforIncomeTaxes": 95.1,
        "revenue": 6910.5,
        "sgaExpense": 951.1,
        "totalOperatingExpense": 1095,
        "totalOtherIncomeExpenseNet": 4.4
      },
      {
        "costOfGoodsSold": 4564.6,
        "depreciationAmortization": 127.7,
        "dilutedAverageSharesOutstanding": 337.7,
        "dilutedEPS": 0.55,
        "ebit": 158.6,
        "grossIncome": 1080.6,
        "interestIncomeExpense": 14.5,
        "minorityInterest": -0.7,
        "netIncome": 184.1,
        "netIncomeAfterTaxes": 184.8,
        "nonRecurringItems": 52.8,
        "period": "2020-09-30",
        "pretaxIncome": 233.9,
        "provisionforIncomeTaxes": 49.1,
        "revenue": 5645.1,
        "sgaExpense": 794.2,
        "totalOperatingExpense": 921.9,
        "totalOtherIncomeExpenseNet": 7.9
      },
      {
        "costOfGoodsSold": 4392.1,
        "depreciationAmortization": 116.4,
        "dilutedAverageSharesOutstanding": 337.4,
        "dilutedEPS": 0.24,
        "ebit": 132.3,
        "grossIncome": 989.2,
        "interestIncomeExpense": 1.5,
        "minorityInterest": -0.2,
        "netIncome": 81.9,
        "netIncomeAfterTaxes": 82.1,
        "nonRecurringItems": -38.1,
        "period": "2020-06-30",
        "pretaxIncome": 100.9,
        "provisionforIncomeTaxes": 18.8,
        "revenue": 5381.4,
        "sgaExpense": 740.6,
        "totalOperatingExpense": 857,
        "totalOtherIncomeExpenseNet": 5.2
      },
      {
        "costOfGoodsSold": 4712.7,
        "depreciationAmortization": 113.8,
        "dilutedAverageSharesOutstanding": 339.7,
        "dilutedEPS": 0.51,
        "ebit": 272.6,
        "grossIncome": 1176.5,
        "interestIncomeExpense": 4.6,
        "minorityInterest": -1.3,
        "netIncome": 172.2,
        "netIncomeAfterTaxes": 173.5,
        "nonRecurringItems": -52.3,
        "period": "2020-03-31",
        "pretaxIncome": 224.7,
        "provisionforIncomeTaxes": 51.2,
        "revenue": 5889.2,
        "sgaExpense": 790.1,
        "totalOperatingExpense": 903.9,
        "totalOtherIncomeExpenseNet": -0.2
      },
      {
        "costOfGoodsSold": 5520.8,
        "depreciationAmortization": 122.7,
        "dilutedAverageSharesOutstanding": 340.3,
        "dilutedEPS": 1.87,
        "ebit": 514,
        "grossIncome": 1598.7,
        "interestIncomeExpense": 22.6,
        "minorityInterest": -1.5,
        "netIncome": 637.6,
        "netIncomeAfterTaxes": 639.1,
        "nonRecurringItems": -0.2,
        "period": "2019-12-31",
        "pretaxIncome": 539.2,
        "provisionforIncomeTaxes": -100,
        "revenue": 7119.4,
        "sgaExpense": 962,
        "totalOperatingExpense": 1084.6,
        "totalOtherIncomeExpenseNet": 2.7
      },
      {
        "costOfGoodsSold": 4675.9,
        "depreciationAmortization": 118.2,
        "dilutedAverageSharesOutstanding": 341.1,
        "dilutedEPS": 0.75,
        "ebit": 316.6,
        "grossIncome": 1249.2,
        "interestIncomeExpense": 4,
        "minorityInterest": -1.5,
        "netIncome": 256.6,
        "netIncomeAfterTaxes": 258.1,
        "nonRecurringItems": 0,
        "period": "2019-09-30",
        "pretaxIncome": 321.5,
        "provisionforIncomeTaxes": 63.5,
        "revenue": 5925.1,
        "sgaExpense": 814.4,
        "totalOperatingExpense": 932.6,
        "totalOtherIncomeExpenseNet": 0.9
      },
      {
        "costOfGoodsSold": 4436.3,
        "depreciationAmortization": 112.2,
        "dilutedAverageSharesOutstanding": 340.5,
        "dilutedEPS": 0.66,
        "ebit": 284.4,
        "grossIncome": 1277.8,
        "interestIncomeExpense": -2.8,
        "minorityInterest": 0.3,
        "netIncome": 223.7,
        "netIncomeAfterTaxes": 223.4,
        "nonRecurringItems": 0,
        "period": "2019-06-30",
        "pretaxIncome": 286,
        "provisionforIncomeTaxes": 62.5,
        "revenue": 5714.1,
        "sgaExpense": 881.2,
        "totalOperatingExpense": 993.4,
        "totalOtherIncomeExpenseNet": 4.4
      },
      {
        "costOfGoodsSold": 4013,
        "depreciationAmortization": 111.7,
        "dilutedAverageSharesOutstanding": 340.2,
        "dilutedEPS": 0.48,
        "ebit": 214.8,
        "grossIncome": 1122.5,
        "interestExpense": 22.726,
        "interestIncomeExpense": 51.5,
        "minorityInterest": -6.4,
        "netIncome": 164.4,
        "netIncomeAfterTaxes": 170.8,
        "nonRecurringItems": -72.4,
        "period": "2019-03-31",
        "pretaxIncome": 214.7,
        "provisionforIncomeTaxes": 43.9,
        "revenue": 5135.5,
        "sgaExpense": 796,
        "totalOperatingExpense": 907.7,
        "totalOtherIncomeExpenseNet": 20.9
      },
      {
        "costOfGoodsSold": 4771.6,
        "depreciationAmortization": 116.9,
        "dilutedAverageSharesOutstanding": 342.7,
        "dilutedEPS": 1.14,
        "ebit": 457,
        "grossIncome": 1522.1,
        "interestExpense": 24.876,
        "interestIncomeExpense": 39,
        "minorityInterest": -0.7,
        "netIncome": 393.8,
        "netIncomeAfterTaxes": 407.3,
        "nonRecurringItems": 2.3,
        "period": "2018-12-31",
        "pretaxIncome": 496.1,
        "provisionforIncomeTaxes": 88.9,
        "revenue": 6293.7,
        "sgaExpense": 948.2,
        "totalOperatingExpense": 1065.1,
        "totalOtherIncomeExpenseNet": -2.2
      },
      {
        "costOfGoodsSold": 4098.9,
        "depreciationAmortization": 113.5,
        "dilutedAverageSharesOutstanding": 343.7,
        "dilutedEPS": 0.85,
        "ebit": 189.5,
        "grossIncome": 1162.1,
        "interestExpense": 26.651,
        "interestIncomeExpense": 101.4,
        "minorityInterest": -1.2,
        "netIncome": 290.5,
        "netIncomeAfterTaxes": 291.7,
        "nonRecurringItems": 0.2,
        "period": "2018-09-30",
        "pretaxIncome": 386.7,
        "provisionforIncomeTaxes": 95,
        "revenue": 5261,
        "sgaExpense": 859.1,
        "totalOperatingExpense": 972.5,
        "totalOtherIncomeExpenseNet": 95.5
      },
      {
        "costOfGoodsSold": 3958.7,
        "depreciationAmortization": 113.4,
        "dilutedAverageSharesOutstanding": 343.5,
        "dilutedEPS": 0.67,
        "ebit": 213,
        "grossIncome": 1152.7,
        "interestExpense": 26.885,
        "interestIncomeExpense": 70.6,
        "minorityInterest": -1,
        "netIncome": 228.7,
        "netIncomeAfterTaxes": 229.6,
        "nonRecurringItems": 12.3,
        "period": "2018-06-30",
        "pretaxIncome": 300,
        "provisionforIncomeTaxes": 70.3,
        "revenue": 5111.4,
        "sgaExpense": 826.3,
        "totalOperatingExpense": 939.7,
        "totalOtherIncomeExpenseNet": 4
      },
      {
        "costOfGoodsSold": 3620,
        "depreciationAmortization": 108.2,
        "dilutedAverageSharesOutstanding": 342.6,
        "dilutedEPS": 0.44,
        "ebit": 213.6,
        "grossIncome": 1054,
        "interestExpense": 28.858,
        "interestIncomeExpense": 14.9,
        "minorityInterest": 0.2,
        "netIncome": 150.3,
        "netIncomeAfterTaxes": 150.7,
        "nonRecurringItems": -28,
        "period": "2018-03-31",
        "pretaxIncome": 196.3,
        "provisionforIncomeTaxes": 45.6,
        "revenue": 4674,
        "sgaExpense": 732.2,
        "totalOperatingExpense": 840.3,
        "totalOtherIncomeExpenseNet": -4.3
      },
      {
        "costOfGoodsSold": 4150.8,
        "depreciationAmortization": 109.1,
        "dilutedAverageSharesOutstanding": 341.6,
        "dilutedEPS": 0.46,
        "ebit": 405.2,
        "grossIncome": 1348.9,
        "interestExpense": 32.891,
        "interestIncomeExpense": 22,
        "minorityInterest": -2.3,
        "netIncome": 159.2,
        "netIncomeAfterTaxes": 304.9,
        "nonRecurringItems": 1,
        "period": "2017-12-31",
        "pretaxIncome": 428.5,
        "provisionforIncomeTaxes": 123.6,
        "revenue": 5499.7,
        "sgaExpense": 834.5,
        "totalOperatingExpense": 943.7,
        "totalOtherIncomeExpenseNet": 0.3
      },
      {
        "costOfGoodsSold": 3598.3,
        "depreciationAmortization": 102.6,
        "dilutedAverageSharesOutstanding": 341.2,
        "dilutedEPS": 0.58,
        "ebit": 232.8,
        "grossIncome": 1040.3,
        "interestExpense": 34.483,
        "interestIncomeExpense": 36.5,
        "minorityInterest": -1,
        "netIncome": 199.1,
        "netIncomeAfterTaxes": 200.1,
        "nonRecurringItems": 6.2,
        "period": "2017-09-30",
        "pretaxIncome": 277.2,
        "provisionforIncomeTaxes": 77.1,
        "revenue": 4638.6,
        "sgaExpense": 705,
        "totalOperatingExpense": 807.5,
        "totalOtherIncomeExpenseNet": 1.8
      },
      {
        "costOfGoodsSold": 3409.5,
        "depreciationAmortization": 100.4,
        "dilutedAverageSharesOutstanding": 340.9,
        "dilutedEPS": 0.59,
        "ebit": 217,
        "grossIncome": 1030,
        "interestExpense": 35.43,
        "interestIncomeExpense": 41.4,
        "minorityInterest": -1.2,
        "netIncome": 201.8,
        "netIncomeAfterTaxes": 203,
        "nonRecurringItems": 11.3,
        "period": "2017-06-30",
        "pretaxIncome": 272.9,
        "provisionforIncomeTaxes": 69.9,
        "revenue": 4439.6,
        "sgaExpense": 712.6,
        "totalOperatingExpense": 813,
        "totalOtherIncomeExpenseNet": 3.2
      },
      {
        "costOfGoodsSold": 3146.5,
        "depreciationAmortization": 94,
        "dilutedAverageSharesOutstanding": 339.7,
        "dilutedEPS": 0.4,
        "ebit": 203.8,
        "grossIncome": 904.5,
        "interestExpense": 34.01,
        "interestIncomeExpense": -16.6,
        "minorityInterest": -1.9,
        "netIncome": 137,
        "netIncomeAfterTaxes": 138.9,
        "nonRecurringItems": 1.4,
        "period": "2017-03-31",
        "pretaxIncome": 192.7,
        "provisionforIncomeTaxes": 53.8,
        "revenue": 4051,
        "sgaExpense": 606.6,
        "totalOperatingExpense": 700.7,
        "totalOtherIncomeExpenseNet": 4.1
      },
      {
        "costOfGoodsSold": 6900.3,
        "depreciationAmortization": 96.9,
        "dilutedAverageSharesOutstanding": 339.5,
        "dilutedEPS": 0.78,
        "ebit": 354.2,
        "grossIncome": 1221.1,
        "interestExpense": 35.801,
        "interestIncomeExpense": 47.2,
        "minorityInterest": -1.2,
        "netIncome": 265.1,
        "netIncomeAfterTaxes": 266.2,
        "nonRecurringItems": 0,
        "period": "2016-12-31",
        "pretaxIncome": 397.6,
        "provisionforIncomeTaxes": 131.3,
        "revenue": 8121.4,
        "sgaExpense": 770,
        "totalOperatingExpense": 866.9,
        "totalOtherIncomeExpenseNet": -3.8
      },
      {
        "costOfGoodsSold": 2252.8,
        "depreciationAmortization": 92.7,
        "dilutedAverageSharesOutstanding": 338.5,
        "dilutedEPS": 0.31,
        "ebit": 161.5,
        "grossIncome": 940.7,
        "interestExpense": 37.273,
        "interestIncomeExpense": -11.6,
        "minorityInterest": -6.7,
        "netIncome": 104.2,
        "netIncomeAfterTaxes": 110.9,
        "nonRecurringItems": 11,
        "period": "2016-09-30",
        "pretaxIncome": 162.3,
        "provisionforIncomeTaxes": 51.4,
        "revenue": 3193.5,
        "sgaExpense": 686.5,
        "totalOperatingExpense": 779.2,
        "totalOtherIncomeExpenseNet": 1.4
      },
      {
        "costOfGoodsSold": 2254.2,
        "depreciationAmortization": 90.3,
        "dilutedAverageSharesOutstanding": 338.1,
        "dilutedEPS": 0.36,
        "ebit": 182.6,
        "grossIncome": 953.3,
        "interestExpense": 36.987,
        "interestIncomeExpense": 1,
        "minorityInterest": -1.8,
        "netIncome": 121.7,
        "netIncomeAfterTaxes": 123.4,
        "nonRecurringItems": 0,
        "period": "2016-06-30",
        "pretaxIncome": 187.5,
        "provisionforIncomeTaxes": 64,
        "revenue": 3207.5,
        "sgaExpense": 680.4,
        "totalOperatingExpense": 770.7,
        "totalOtherIncomeExpenseNet": 3.9
      },
      {
        "costOfGoodsSold": 2013.6,
        "depreciationAmortization": 87,
        "dilutedAverageSharesOutstanding": 337.5,
        "dilutedEPS": 0.24,
        "ebit": 102.8,
        "grossIncome": 833.1,
        "interestExpense": 34.79,
        "interestIncomeExpense": 24,
        "minorityInterest": -2.5,
        "netIncome": 82.2,
        "netIncomeAfterTaxes": 84.6,
        "nonRecurringItems": 4.8,
        "period": "2016-03-31",
        "pretaxIncome": 134.8,
        "provisionforIncomeTaxes": 50.1,
        "revenue": 2846.7,
        "sgaExpense": 643.4,
        "totalOperatingExpense": 730.4,
        "totalOtherIncomeExpenseNet": 3.2
      },
      {
        "costOfGoodsSold": 2530.5,
        "depreciationAmortization": 98.6,
        "dilutedAverageSharesOutstanding": 337.2,
        "dilutedEPS": 0.53,
        "ebit": 206.4,
        "grossIncome": 1169.7,
        "interestExpense": 35.813,
        "interestIncomeExpense": 89.1,
        "minorityInterest": -2.6,
        "netIncome": 180,
        "netIncomeAfterTaxes": 182.6,
        "nonRecurringItems": 0.6,
        "period": "2015-12-31",
        "pretaxIncome": 297.2,
        "provisionforIncomeTaxes": 114.6,
        "revenue": 3700.2,
        "sgaExpense": 864.8,
        "totalOperatingExpense": 963.4,
        "totalOtherIncomeExpenseNet": 1.1
      },
      {
        "costOfGoodsSold": 1773.7,
        "depreciationAmortization": 75,
        "dilutedAverageSharesOutstanding": 336.6,
        "dilutedEPS": 0.44,
        "ebit": 236.9,
        "grossIncome": 938.9,
        "interestExpense": 30.699,
        "interestIncomeExpense": -12.3,
        "minorityInterest": -0.9,
        "netIncome": 149.1,
        "netIncomeAfterTaxes": 150,
        "nonRecurringItems": 3.2,
        "period": "2015-09-30",
        "pretaxIncome": 222.9,
        "provisionforIncomeTaxes": 72.9,
        "revenue": 2712.6,
        "sgaExpense": 626.9,
        "totalOperatingExpense": 702,
        "totalOtherIncomeExpenseNet": -4.9
      }
    ],
    "symbol": "CBRE"
  }
}