{
  "symbol": "CRL",
  "statement": "ic",
  "frequency": "quarterly",
  "timestamp": "2025-09-19T13:57:43.159017",
  "data": {
    "financials": [
      {
        "costOfGoodsSold": 648.595,
        "depreciationAmortization": 65.384,
        "dilutedAverageSharesOutstanding": 49.316,
        "dilutedEPS": 1.061,
        "ebit": 132.334,
        "grossIncome": 383.54,
        "interestExpense": 29.967,
        "interestIncomeExpense": -28.87,
        "minorityInterest": -0.367,
        "netIncome": 52.326,
        "netIncomeAfterTaxes": 52.693,
        "nonRecurringItems": -32.2,
        "period": "2025-06-28",
        "pretaxIncome": 71.418,
        "provisionforIncomeTaxes": 18.725,
        "revenue": 1032.135,
        "sgaExpense": 185.822,
        "totalOperatingExpense": 251.206,
        "totalOtherIncomeExpenseNet": 0.154
      },
      {
        "costOfGoodsSold": 644.069,
        "depreciationAmortization": 65.264,
        "dilutedAverageSharesOutstanding": 50.853,
        "dilutedEPS": 0.5008,
        "ebit": 98.514,
        "grossIncome": 340.099,
        "interestExpense": 27.884,
        "interestIncomeExpense": -35.08,
        "minorityInterest": -0.409,
        "netIncome": 25.469,
        "netIncomeAfterTaxes": 25.878,
        "nonRecurringItems": -23.845,
        "period": "2025-03-29",
        "pretaxIncome": 35.978,
        "provisionforIncomeTaxes": 10.1,
        "revenue": 984.168,
        "sgaExpense": 176.321,
        "totalOperatingExpense": 241.585,
        "totalOtherIncomeExpenseNet": -3.611
      },
      {
        "costOfGoodsSold": 682.87,
        "depreciationAmortization": 41.223,
        "dilutedAverageSharesOutstanding": 51.138,
        "dilutedEPS": -4.218,
        "ebit": 90.198,
        "grossIncome": 319.679,
        "interestExpense": 28.234,
        "interestIncomeExpense": -39.299,
        "minorityInterest": -1.952,
        "netIncome": -215.699,
        "netIncomeAfterTaxes": -213.747,
        "nonRecurringItems": -257.885,
        "period": "2024-12-28",
        "pretaxIncome": -216.791,
        "provisionforIncomeTaxes": -3.044,
        "revenue": 1002.549,
        "sgaExpense": 188.258,
        "totalOperatingExpense": 229.481,
        "totalOtherIncomeExpenseNet": -9.805
      },
      {
        "costOfGoodsSold": 641.997,
        "depreciationAmortization": 32.403,
        "dilutedAverageSharesOutstanding": 51.583,
        "dilutedEPS": 1.3314,
        "ebit": 148.051,
        "grossIncome": 367.766,
        "interestExpense": 30.284,
        "interestIncomeExpense": -28.756,
        "minorityInterest": -1.616,
        "netIncome": 68.679,
        "netIncomeAfterTaxes": 70.295,
        "nonRecurringItems": -30.646,
        "period": "2024-09-28",
        "pretaxIncome": 91.241,
        "provisionforIncomeTaxes": 20.946,
        "revenue": 1009.763,
        "sgaExpense": 187.312,
        "totalOperatingExpense": 219.715,
        "totalOtherIncomeExpenseNet": 2.592
      },
      {
        "costOfGoodsSold": 658.385,
        "depreciationAmortization": 32.27,
        "dilutedAverageSharesOutstanding": 51.846,
        "dilutedEPS": 1.7357,
        "ebit": 169.607,
        "grossIncome": 367.732,
        "interestExpense": 32.769,
        "interestIncomeExpense": -29.759,
        "minorityInterest": -4.273,
        "netIncome": 89.988,
        "netIncomeAfterTaxes": 94.261,
        "nonRecurringItems": -17.955,
        "period": "2024-06-29",
        "pretaxIncome": 119.653,
        "provisionforIncomeTaxes": 25.392,
        "revenue": 1026.117,
        "sgaExpense": 165.855,
        "totalOperatingExpense": 198.125,
        "totalOtherIncomeExpenseNet": -2.24
      },
      {
        "costOfGoodsSold": 658.791,
        "depreciationAmortization": 32.575,
        "dilutedAverageSharesOutstanding": 51.842,
        "dilutedEPS": 1.2987,
        "ebit": 142.976,
        "grossIncome": 352.769,
        "interestExpense": 35.001,
        "interestIncomeExpense": -32.799,
        "minorityInterest": -7.153,
        "netIncome": 67.329,
        "netIncomeAfterTaxes": 74.482,
        "nonRecurringItems": -16.999,
        "period": "2024-03-30",
        "pretaxIncome": 99.011,
        "provisionforIncomeTaxes": 24.529,
        "revenue": 1011.56,
        "sgaExpense": 177.218,
        "totalOperatingExpense": 209.793,
        "totalOtherIncomeExpenseNet": 5.833
      },
      {
        "costOfGoodsSold": 642.723,
        "depreciationAmortization": 34.021,
        "dilutedAverageSharesOutstanding": 51.325,
        "dilutedEPS": 3.6451,
        "ebit": 150.31,
        "grossIncome": 370.753,
        "interestExpense": 33.544,
        "interestIncomeExpense": -31.953,
        "minorityInterest": -1.868,
        "netIncome": 187.084,
        "netIncomeAfterTaxes": 188.952,
        "nonRecurringItems": -17.388,
        "period": "2023-12-30",
        "pretaxIncome": 208.706,
        "provisionforIncomeTaxes": 19.754,
        "revenue": 1013.476,
        "sgaExpense": 186.422,
        "totalOperatingExpense": 220.443,
        "totalOtherIncomeExpenseNet": 107.737
      },
      {
        "costOfGoodsSold": 650.551,
        "depreciationAmortization": 34.229,
        "dilutedAverageSharesOutstanding": 51.607,
        "dilutedEPS": 1.6934,
        "ebit": 167.702,
        "grossIncome": 376.072,
        "interestExpense": 33.742,
        "interestIncomeExpense": -32.369,
        "minorityInterest": -0.632,
        "netIncome": 87.389,
        "netIncomeAfterTaxes": 88.021,
        "nonRecurringItems": -16.2,
        "period": "2023-09-30",
        "pretaxIncome": 112.873,
        "provisionforIncomeTaxes": 24.852,
        "revenue": 1026.623,
        "sgaExpense": 174.141,
        "totalOperatingExpense": 208.37,
        "totalOtherIncomeExpenseNet": -6.26
      },
      {
        "costOfGoodsSold": 660.96,
        "depreciationAmortization": 34.274,
        "dilutedAverageSharesOutstanding": 51.467,
        "dilutedEPS": 1.8851,
        "ebit": 166.169,
        "grossIncome": 398.977,
        "interestExpense": 35.044,
        "interestIncomeExpense": -33.618,
        "minorityInterest": -2.423,
        "netIncome": 97.02,
        "netIncomeAfterTaxes": 99.443,
        "nonRecurringItems": -1.224,
        "period": "2023-07-01",
        "pretaxIncome": 128.664,
        "provisionforIncomeTaxes": 29.221,
        "revenue": 1059.937,
        "sgaExpense": 198.534,
        "totalOperatingExpense": 232.808,
        "totalOtherIncomeExpenseNet": -2.663
      },
      {
        "costOfGoodsSold": 651.719,
        "depreciationAmortization": 34.916,
        "dilutedAverageSharesOutstanding": 51.428,
        "dilutedEPS": 2.0054,
        "ebit": 168.956,
        "grossIncome": 377.654,
        "interestExpense": 34.38,
        "interestIncomeExpense": -33.574,
        "minorityInterest": -0.823,
        "netIncome": 103.131,
        "netIncomeAfterTaxes": 103.954,
        "nonRecurringItems": 122.336,
        "period": "2023-04-01",
        "pretaxIncome": 131.041,
        "provisionforIncomeTaxes": 27.087,
        "revenue": 1029.373,
        "sgaExpense": 173.782,
        "totalOperatingExpense": 208.698,
        "totalOtherIncomeExpenseNet": -126.677
      },
      {
        "costOfGoodsSold": 700.959,
        "depreciationAmortization": 35.434,
        "dilutedAverageSharesOutstanding": 51.349,
        "dilutedEPS": 3.6497,
        "ebit": 163.81,
        "grossIncome": 398.884,
        "interestExpense": 34.779,
        "interestIncomeExpense": -34.436,
        "minorityInterest": -1.696,
        "netIncome": 187.41,
        "netIncomeAfterTaxes": 189.106,
        "period": "2022-12-31",
        "pretaxIncome": 244.921,
        "provisionforIncomeTaxes": 55.815,
        "revenue": 1099.843,
        "sgaExpense": 199.64,
        "totalOperatingExpense": 235.074,
        "totalOtherIncomeExpenseNet": 115.547
      },
      {
        "costOfGoodsSold": 618.934,
        "depreciationAmortization": 35.533,
        "dilutedAverageSharesOutstanding": 51.283,
        "dilutedEPS": 1.8812,
        "ebit": 150.976,
        "grossIncome": 370.223,
        "interestExpense": 11.375,
        "interestIncomeExpense": -11.253,
        "minorityInterest": -1.139,
        "netIncome": 96.473,
        "netIncomeAfterTaxes": 97.612,
        "period": "2022-09-24",
        "pretaxIncome": 123.107,
        "provisionforIncomeTaxes": 25.495,
        "revenue": 989.157,
        "sgaExpense": 183.714,
        "totalOperatingExpense": 219.247,
        "totalOtherIncomeExpenseNet": -16.616
      },
      {
        "costOfGoodsSold": 616.405,
        "depreciationAmortization": 37.604,
        "dilutedAverageSharesOutstanding": 51.283,
        "dilutedEPS": 2.1317,
        "ebit": 187.411,
        "grossIncome": 356.726,
        "interestExpense": 3.703,
        "interestIncomeExpense": -3.515,
        "minorityInterest": -1.343,
        "netIncome": 109.321,
        "netIncomeAfterTaxes": 110.664,
        "period": "2022-06-25",
        "pretaxIncome": 144.113,
        "provisionforIncomeTaxes": 33.449,
        "revenue": 973.131,
        "sgaExpense": 131.711,
        "totalOperatingExpense": 169.315,
        "totalOtherIncomeExpenseNet": -39.783
      },
      {
        "costOfGoodsSold": 577.111,
        "depreciationAmortization": 38.007,
        "dilutedAverageSharesOutstanding": 51.325,
        "dilutedEPS": 1.8124,
        "ebit": 148.778,
        "grossIncome": 336.818,
        "interestExpense": 9.434,
        "interestIncomeExpense": -9.307,
        "minorityInterest": -2.204,
        "netIncome": 93.022,
        "netIncomeAfterTaxes": 95.226,
        "period": "2022-03-26",
        "pretaxIncome": 110.846,
        "provisionforIncomeTaxes": 15.62,
        "revenue": 913.929,
        "sgaExpense": 150.033,
        "totalOperatingExpense": 188.04,
        "totalOtherIncomeExpenseNet": -28.625
      },
      {
        "costOfGoodsSold": 557.938,
        "depreciationAmortization": 30.193,
        "dilutedAverageSharesOutstanding": 51.62,
        "dilutedEPS": 2.6652,
        "ebit": 181.93,
        "grossIncome": 347.112,
        "interestExpense": 11.546,
        "interestIncomeExpense": -11.237,
        "minorityInterest": -2.249,
        "netIncome": 137.578,
        "netIncomeAfterTaxes": 139.827,
        "nonRecurringItems": 13.577,
        "period": "2021-12-25",
        "pretaxIncome": 163.642,
        "provisionforIncomeTaxes": 23.815,
        "revenue": 905.05,
        "sgaExpense": 134.989,
        "totalOperatingExpense": 165.182,
        "totalOtherIncomeExpenseNet": -20.628
      },
      {
        "costOfGoodsSold": 558.71,
        "depreciationAmortization": 32.852,
        "dilutedAverageSharesOutstanding": 51.558,
        "dilutedEPS": 2.006,
        "ebit": 164,
        "grossIncome": 337.227,
        "interestExpense": 16.455,
        "interestIncomeExpense": -16.318,
        "minorityInterest": -1.733,
        "netIncome": 103.426,
        "netIncomeAfterTaxes": 105.159,
        "nonRecurringItems": -8.198,
        "period": "2021-09-25",
        "pretaxIncome": 123.27,
        "provisionforIncomeTaxes": 18.111,
        "revenue": 895.937,
        "sgaExpense": 140.375,
        "totalOperatingExpense": 173.227,
        "totalOtherIncomeExpenseNet": -16.214
      },
      {
        "costOfGoodsSold": 572.586,
        "depreciationAmortization": 32.97,
        "dilutedAverageSharesOutstanding": 51.334,
        "dilutedEPS": 1.723,
        "ebit": 154.066,
        "grossIncome": 342.021,
        "interestExpense": 16.19,
        "interestIncomeExpense": -16.019,
        "minorityInterest": -1.468,
        "netIncome": 88.448,
        "netIncomeAfterTaxes": 89.916,
        "nonRecurringItems": -16.516,
        "period": "2021-06-26",
        "pretaxIncome": 127.496,
        "provisionforIncomeTaxes": 37.58,
        "revenue": 914.607,
        "sgaExpense": 154.985,
        "totalOperatingExpense": 187.955,
        "totalOtherIncomeExpenseNet": 5.965
      },
      {
        "costOfGoodsSold": 516.3,
        "depreciationAmortization": 28.8,
        "dilutedAverageSharesOutstanding": 51.1,
        "dilutedEPS": 1.2,
        "ebit": 124,
        "grossIncome": 308.3,
        "interestExpense": 29.719,
        "interestIncomeExpense": -29.7,
        "minorityInterest": -2.4,
        "netIncome": 61.5,
        "netIncomeAfterTaxes": 63.9,
        "nonRecurringItems": -0.3,
        "period": "2021-03-27",
        "pretaxIncome": 66.3,
        "provisionforIncomeTaxes": 2.4,
        "revenue": 824.6,
        "sgaExpense": 155.4,
        "totalOperatingExpense": 184.3,
        "totalOtherIncomeExpenseNet": -27.7
      },
      {
        "costOfGoodsSold": 491,
        "depreciationAmortization": 28,
        "dilutedAverageSharesOutstanding": 51.3,
        "dilutedEPS": 2.79,
        "ebit": 138.5,
        "grossIncome": 300,
        "interestExpense": 33.147,
        "interestIncomeExpense": -33.1,
        "minorityInterest": -1,
        "netIncome": 143.2,
        "netIncomeAfterTaxes": 144.2,
        "nonRecurringItems": -9.6,
        "period": "2020-12-26",
        "pretaxIncome": 172.4,
        "provisionforIncomeTaxes": 28.2,
        "revenue": 791,
        "sgaExpense": 133.4,
        "totalOperatingExpense": 161.5,
        "totalOtherIncomeExpenseNet": 76.6
      },
      {
        "costOfGoodsSold": 454,
        "depreciationAmortization": 28.2,
        "dilutedAverageSharesOutstanding": 50.7,
        "dilutedEPS": 2.03,
        "ebit": 133.6,
        "grossIncome": 289.3,
        "interestExpense": 18.867,
        "interestIncomeExpense": -18.7,
        "minorityInterest": 0.3,
        "netIncome": 102.9,
        "netIncomeAfterTaxes": 102.6,
        "nonRecurringItems": -0.8,
        "period": "2020-09-26",
        "pretaxIncome": 135.3,
        "provisionforIncomeTaxes": 32.7,
        "revenue": 743.3,
        "sgaExpense": 127.5,
        "totalOperatingExpense": 155.7,
        "totalOtherIncomeExpenseNet": 21.2
      },
      {
        "costOfGoodsSold": 450.3,
        "depreciationAmortization": 27.8,
        "dilutedAverageSharesOutstanding": 50.2,
        "dilutedEPS": 1.34,
        "ebit": 81.9,
        "grossIncome": 232.2,
        "interestExpense": 19.352,
        "interestIncomeExpense": -19.1,
        "minorityInterest": -0.2,
        "netIncome": 67.4,
        "netIncomeAfterTaxes": 67.7,
        "nonRecurringItems": -5.1,
        "period": "2020-06-27",
        "pretaxIncome": 84,
        "provisionforIncomeTaxes": 16.3,
        "revenue": 682.6,
        "sgaExpense": 122.6,
        "totalOperatingExpense": 150.4,
        "totalOtherIncomeExpenseNet": 26.3
      },
      {
        "costOfGoodsSold": 455,
        "depreciationAmortization": 27.9,
        "dilutedAverageSharesOutstanding": 50,
        "dilutedEPS": 1.02,
        "ebit": 100.1,
        "grossIncome": 252.1,
        "interestExpense": 15.067,
        "interestIncomeExpense": -14.8,
        "minorityInterest": -0.1,
        "netIncome": 50.8,
        "netIncomeAfterTaxes": 50.8,
        "nonRecurringItems": -5.8,
        "period": "2020-03-28",
        "pretaxIncome": 55.5,
        "provisionforIncomeTaxes": 4.6,
        "revenue": 707.1,
        "sgaExpense": 124.1,
        "totalOperatingExpense": 152,
        "totalOtherIncomeExpenseNet": -24.1
      },
      {
        "costOfGoodsSold": 428.8,
        "depreciationAmortization": 23.9,
        "dilutedAverageSharesOutstanding": 49.9,
        "dilutedEPS": 1.61,
        "ebit": 118,
        "grossIncome": 262.3,
        "interestExpense": 24.362,
        "interestIncomeExpense": -23.7,
        "minorityInterest": -0.2,
        "netIncome": 80.3,
        "netIncomeAfterTaxes": 80.5,
        "nonRecurringItems": -9.2,
        "period": "2019-12-28",
        "pretaxIncome": 105.6,
        "provisionforIncomeTaxes": 25.1,
        "revenue": 691.1,
        "sgaExpense": 120.4,
        "totalOperatingExpense": 144.3,
        "totalOtherIncomeExpenseNet": 20.5
      },
      {
        "costOfGoodsSold": 421.8,
        "depreciationAmortization": 23.8,
        "dilutedAverageSharesOutstanding": 49.7,
        "dilutedEPS": 1.46,
        "ebit": 96.7,
        "grossIncome": 246.1,
        "interestExpense": 5.698,
        "interestIncomeExpense": -5.3,
        "minorityInterest": -0.7,
        "netIncome": 72.8,
        "netIncomeAfterTaxes": 73.6,
        "nonRecurringItems": -3.9,
        "period": "2019-09-28",
        "pretaxIncome": 73.2,
        "provisionforIncomeTaxes": -0.3,
        "revenue": 668,
        "sgaExpense": 125.6,
        "totalOperatingExpense": 149.4,
        "totalOtherIncomeExpenseNet": -14.3
      },
      {
        "costOfGoodsSold": 419.5,
        "depreciationAmortization": 22.4,
        "dilutedAverageSharesOutstanding": 49.7,
        "dilutedEPS": 0.88,
        "ebit": 92.9,
        "grossIncome": 238.1,
        "interestExpense": 20.835,
        "interestIncomeExpense": -20.6,
        "minorityInterest": -0.6,
        "netIncome": 43.7,
        "netIncomeAfterTaxes": 44.3,
        "nonRecurringItems": -13.1,
        "period": "2019-06-29",
        "pretaxIncome": 59,
        "provisionforIncomeTaxes": 14.7,
        "revenue": 657.6,
        "sgaExpense": 122.9,
        "totalOperatingExpense": 145.2,
        "totalOtherIncomeExpenseNet": -0.2
      },
      {
        "costOfGoodsSold": 392.8,
        "depreciationAmortization": 19.4,
        "dilutedAverageSharesOutstanding": 49.5,
        "dilutedEPS": 1.11,
        "ebit": 75.1,
        "grossIncome": 211.8,
        "interestExpense": 9.987,
        "interestIncomeExpense": -9.8,
        "minorityInterest": -0.6,
        "netIncome": 55.1,
        "netIncomeAfterTaxes": 55.7,
        "nonRecurringItems": -5.3,
        "period": "2019-03-30",
        "pretaxIncome": 66.3,
        "provisionforIncomeTaxes": 10.6,
        "revenue": 604.6,
        "sgaExpense": 117.2,
        "totalOperatingExpense": 136.7,
        "totalOtherIncomeExpenseNet": 6.3
      },
      {
        "costOfGoodsSold": 375.1,
        "depreciationAmortization": 17,
        "dilutedAverageSharesOutstanding": 48.7,
        "dilutedEPS": 1.22,
        "ebit": 104.2,
        "grossIncome": 226.4,
        "interestExpense": 16.741,
        "interestIncomeExpense": -16.6,
        "minorityInterest": -0.5,
        "netIncome": 59.7,
        "netIncomeAfterTaxes": 57.5,
        "nonRecurringItems": -1.7,
        "period": "2018-12-29",
        "pretaxIncome": 75,
        "provisionforIncomeTaxes": 17.6,
        "revenue": 601.5,
        "sgaExpense": 105.2,
        "totalOperatingExpense": 122.2,
        "totalOtherIncomeExpenseNet": -10.8
      },
      {
        "costOfGoodsSold": 369.1,
        "depreciationAmortization": 18.8,
        "dilutedAverageSharesOutstanding": 49.3,
        "dilutedEPS": 1.22,
        "ebit": 89.9,
        "grossIncome": 216.2,
        "interestExpense": 17.197,
        "interestIncomeExpense": -17,
        "minorityInterest": -0.5,
        "netIncome": 60.4,
        "netIncomeAfterTaxes": 58.1,
        "nonRecurringItems": -5.5,
        "period": "2018-09-29",
        "pretaxIncome": 73.3,
        "provisionforIncomeTaxes": 15.2,
        "revenue": 585.3,
        "sgaExpense": 107.5,
        "totalOperatingExpense": 126.3,
        "totalOtherIncomeExpenseNet": 5.9
      },
      {
        "costOfGoodsSold": 369.3,
        "depreciationAmortization": 18.7,
        "dilutedAverageSharesOutstanding": 49,
        "dilutedEPS": 1.09,
        "ebit": 90.2,
        "grossIncome": 216,
        "interestExpense": 18.643,
        "interestIncomeExpense": -18.5,
        "minorityInterest": -0.7,
        "netIncome": 53.7,
        "netIncomeAfterTaxes": 52.9,
        "nonRecurringItems": -13.5,
        "period": "2018-06-30",
        "pretaxIncome": 70.3,
        "provisionforIncomeTaxes": 17.4,
        "revenue": 585.3,
        "sgaExpense": 107,
        "totalOperatingExpense": 125.8,
        "totalOtherIncomeExpenseNet": 12
      },
      {
        "costOfGoodsSold": 312.5,
        "depreciationAmortization": 10.3,
        "dilutedAverageSharesOutstanding": 48.8,
        "dilutedEPS": 1.08,
        "ebit": 71.2,
        "grossIncome": 181.5,
        "interestExpense": 11.191,
        "interestIncomeExpense": -10.9,
        "minorityInterest": -0.6,
        "netIncome": 52.6,
        "netIncomeAfterTaxes": 53.3,
        "nonRecurringItems": -3.4,
        "period": "2018-03-31",
        "pretaxIncome": 63,
        "provisionforIncomeTaxes": 9.8,
        "revenue": 494,
        "sgaExpense": 99.9,
        "totalOperatingExpense": 110.2,
        "totalOtherIncomeExpenseNet": 6.1
      },
      {
        "costOfGoodsSold": 311.1,
        "depreciationAmortization": 10.5,
        "dilutedAverageSharesOutstanding": 47.3,
        "dilutedEPS": -0.63,
        "ebit": 66.4,
        "grossIncome": 167.4,
        "interestExpense": 7.724,
        "interestIncomeExpense": -7.5,
        "minorityInterest": -0.8,
        "netIncome": -29.8,
        "netIncomeAfterTaxes": 49.5,
        "nonRecurringItems": -3.6,
        "period": "2017-12-30",
        "pretaxIncome": 69.1,
        "provisionforIncomeTaxes": 19.6,
        "revenue": 478.5,
        "sgaExpense": 90.5,
        "totalOperatingExpense": 100.9,
        "totalOtherIncomeExpenseNet": 13.8
      },
      {
        "costOfGoodsSold": 287.4,
        "depreciationAmortization": 10.4,
        "dilutedAverageSharesOutstanding": 48.4,
        "dilutedEPS": 1.09,
        "ebit": 75.7,
        "grossIncome": 176.8,
        "interestExpense": 7.667,
        "interestIncomeExpense": -7.5,
        "minorityInterest": -0.5,
        "netIncome": 52.5,
        "netIncomeAfterTaxes": 53,
        "nonRecurringItems": -1.6,
        "period": "2017-09-30",
        "pretaxIncome": 72.9,
        "provisionforIncomeTaxes": 19.9,
        "revenue": 464.2,
        "sgaExpense": 90.8,
        "totalOperatingExpense": 101.2,
        "totalOtherIncomeExpenseNet": 6.4
      },
      {
        "costOfGoodsSold": 283.8,
        "depreciationAmortization": 9.8,
        "dilutedAverageSharesOutstanding": 48.3,
        "dilutedEPS": 1.12,
        "ebit": 81.9,
        "grossIncome": 185.3,
        "interestExpense": 7.403,
        "interestIncomeExpense": -7.2,
        "minorityInterest": -0.7,
        "netIncome": 54,
        "netIncomeAfterTaxes": 54.7,
        "nonRecurringItems": -0.2,
        "period": "2017-07-01",
        "pretaxIncome": 76.9,
        "provisionforIncomeTaxes": 22.2,
        "revenue": 469.1,
        "sgaExpense": 93.6,
        "totalOperatingExpense": 103.4,
        "totalOtherIncomeExpenseNet": 2.5
      },
      {
        "costOfGoodsSold": 274.4,
        "depreciationAmortization": 10.7,
        "dilutedAverageSharesOutstanding": 48.4,
        "dilutedEPS": 0.97,
        "ebit": 70.5,
        "grossIncome": 171.4,
        "interestExpense": 6.983,
        "interestIncomeExpense": -6.8,
        "minorityInterest": -0.2,
        "netIncome": 46.8,
        "netIncomeAfterTaxes": 47,
        "nonRecurringItems": -0.8,
        "period": "2017-04-01",
        "pretaxIncome": 78,
        "provisionforIncomeTaxes": 31.1,
        "revenue": 445.8,
        "sgaExpense": 90.1,
        "totalOperatingExpense": 100.9,
        "totalOtherIncomeExpenseNet": 15.1
      },
      {
        "costOfGoodsSold": 286.7,
        "depreciationAmortization": 12.3,
        "dilutedAverageSharesOutstanding": 48.3,
        "dilutedEPS": 0.93,
        "ebit": 73.5,
        "grossIncome": 180.1,
        "interestExpense": 7.51,
        "interestIncomeExpense": -7.2,
        "minorityInterest": -0.5,
        "netIncome": 44.7,
        "netIncomeAfterTaxes": 45.3,
        "nonRecurringItems": -4.4,
        "period": "2016-12-31",
        "pretaxIncome": 63.7,
        "provisionforIncomeTaxes": 18.5,
        "revenue": 466.8,
        "sgaExpense": 94.3,
        "totalOperatingExpense": 106.6,
        "totalOtherIncomeExpenseNet": 1.8
      },
      {
        "costOfGoodsSold": 265.6,
        "depreciationAmortization": 11.8,
        "dilutedAverageSharesOutstanding": 48,
        "dilutedEPS": 0.78,
        "ebit": 65.2,
        "grossIncome": 160.2,
        "interestExpense": 7.079,
        "interestIncomeExpense": -6.6,
        "minorityInterest": -0.3,
        "netIncome": 37.7,
        "netIncomeAfterTaxes": 37.7,
        "nonRecurringItems": -6.4,
        "period": "2016-09-24",
        "pretaxIncome": 53.3,
        "provisionforIncomeTaxes": 15.6,
        "revenue": 425.7,
        "sgaExpense": 83.2,
        "totalOperatingExpense": 94.9,
        "totalOtherIncomeExpenseNet": 1
      },
      {
        "costOfGoodsSold": 264.3,
        "depreciationAmortization": 11.2,
        "dilutedAverageSharesOutstanding": 47.9,
        "dilutedEPS": 0.73,
        "ebit": 67.1,
        "grossIncome": 169.7,
        "interestExpense": 8.909,
        "interestIncomeExpense": -7.6,
        "minorityInterest": -0.4,
        "netIncome": 35.2,
        "netIncomeAfterTaxes": 35.5,
        "nonRecurringItems": -9,
        "period": "2016-06-25",
        "pretaxIncome": 54.4,
        "provisionforIncomeTaxes": 18.8,
        "revenue": 434.1,
        "sgaExpense": 91.5,
        "totalOperatingExpense": 102.7,
        "totalOtherIncomeExpenseNet": 3.9
      },
      {
        "costOfGoodsSold": 214.1,
        "depreciationAmortization": 6.4,
        "dilutedAverageSharesOutstanding": 47.6,
        "dilutedEPS": 0.78,
        "ebit": 55.5,
        "grossIncome": 140.8,
        "interestExpense": 4.211,
        "interestIncomeExpense": -1.7,
        "minorityInterest": -0.4,
        "netIncome": 37.1,
        "netIncomeAfterTaxes": 37.6,
        "nonRecurringItems": -4,
        "period": "2016-03-26",
        "pretaxIncome": 51.6,
        "provisionforIncomeTaxes": 14,
        "revenue": 354.9,
        "sgaExpense": 78.9,
        "totalOperatingExpense": 85.3,
        "totalOtherIncomeExpenseNet": 1.8
      },
      {
        "costOfGoodsSold": 210,
        "depreciationAmortization": 6.8,
        "dilutedAverageSharesOutstanding": 47.8,
        "dilutedEPS": 0.66,
        "ebit": 65.3,
        "grossIncome": 143.8,
        "interestExpense": 3.821,
        "interestIncomeExpense": -3.5,
        "minorityInterest": -0.5,
        "netIncome": 31.9,
        "netIncomeAfterTaxes": 33.3,
        "nonRecurringItems": -13,
        "period": "2015-12-26",
        "pretaxIncome": 50,
        "provisionforIncomeTaxes": 16.7,
        "revenue": 353.9,
        "sgaExpense": 71.7,
        "totalOperatingExpense": 78.6,
        "totalOtherIncomeExpenseNet": 1.3
      },
      {
        "costOfGoodsSold": 210.3,
        "depreciationAmortization": 6.4,
        "dilutedAverageSharesOutstanding": 47.2,
        "dilutedEPS": 0.79,
        "ebit": 60.5,
        "grossIncome": 139.2,
        "interestExpense": 3.851,
        "interestIncomeExpense": -3.7,
        "minorityInterest": -0.5,
        "netIncome": 37.4,
        "netIncomeAfterTaxes": 37.9,
        "nonRecurringItems": -5.1,
        "period": "2015-09-26",
        "pretaxIncome": 53.2,
        "provisionforIncomeTaxes": 15.3,
        "revenue": 349.5,
        "sgaExpense": 72.2,
        "totalOperatingExpense": 78.6,
        "totalOtherIncomeExpenseNet": 1.4
      }
    ],
    "symbol": "CRL"
  }
}