{
  "symbol": "BALL",
  "statement": "ic",
  "frequency": "annual",
  "timestamp": "2025-09-19T13:56:37.437798",
  "data": {
    "financials": [
      {
        "costOfGoodsSold": 9354,
        "depreciationAmortization": 611,
        "dilutedAverageSharesOutstanding": 308.206,
        "dilutedEPS": 13,
        "ebit": 1183,
        "equityEarningsAffiliates": 28,
        "grossIncome": 2441,
        "interestExpense": 293,
        "interestIncomeExpense": -225,
        "minorityInterest": -6,
        "netIncome": 4008,
        "netIncomeAfterTaxes": 402,
        "nonRecurringItems": -423,
        "period": "2024-12-31",
        "pretaxIncome": 535,
        "provisionforIncomeTaxes": 133,
        "revenue": 11795,
        "sgaExpense": 647,
        "totalOperatingExpense": 1258,
        "year": 2024
      },
      {
        "costOfGoodsSold": 9754,
        "depreciationAmortization": 605,
        "dilutedAverageSharesOutstanding": 317.022,
        "dilutedEPS": 2.23,
        "ebit": 1171,
        "equityEarningsAffiliates": 20,
        "grossIncome": 2308,
        "interestExpense": 460,
        "interestIncomeExpense": -446,
        "minorityInterest": -4,
        "netIncome": 707,
        "netIncomeAfterTaxes": 468,
        "nonRecurringItems": -111,
        "period": "2023-12-31",
        "pretaxIncome": 614,
        "provisionforIncomeTaxes": 146,
        "revenue": 12062,
        "sgaExpense": 532,
        "totalOperatingExpense": 1137,
        "year": 2023
      },
      {
        "costOfGoodsSold": 12766,
        "depreciationAmortization": 672,
        "dilutedAverageSharesOutstanding": 320,
        "dilutedEPS": 2.25,
        "ebit": 1285,
        "equityEarningsAffiliates": 7,
        "grossIncome": 2583,
        "interestExpense": 313,
        "interestIncomeExpense": -312,
        "minorityInterest": -13,
        "netIncome": 719,
        "netIncomeAfterTaxes": 725,
        "nonRecurringItems": -89,
        "period": "2022-12-31",
        "pretaxIncome": 884,
        "provisionforIncomeTaxes": 159,
        "revenue": 15349,
        "sgaExpense": 626,
        "totalOperatingExpense": 1298,
        "year": 2022
      },
      {
        "costOfGoodsSold": 11085,
        "depreciationAmortization": 700,
        "dilutedAverageSharesOutstanding": 332,
        "dilutedEPS": 2.64,
        "ebit": 1433,
        "equityEarningsAffiliates": 26,
        "grossIncome": 2726,
        "interestExpense": 270,
        "interestIncomeExpense": -270,
        "minorityInterest": 0,
        "netIncome": 878,
        "netIncomeAfterTaxes": 840,
        "nonRecurringItems": -155,
        "period": "2021-12-31",
        "pretaxIncome": 1008,
        "provisionforIncomeTaxes": 168,
        "revenue": 13811,
        "sgaExpense": 593,
        "totalOperatingExpense": 1293,
        "year": 2021
      },
      {
        "costOfGoodsSold": 9323,
        "depreciationAmortization": 668,
        "dilutedAverageSharesOutstanding": 333,
        "dilutedEPS": 1.75,
        "ebit": 1265,
        "equityEarningsAffiliates": -6,
        "grossIncome": 2458,
        "interestExpense": 275,
        "interestIncomeExpense": -275,
        "minorityInterest": 3,
        "netIncome": 585,
        "netIncomeAfterTaxes": 563,
        "nonRecurringItems": -303,
        "period": "2020-12-31",
        "pretaxIncome": 687,
        "provisionforIncomeTaxes": 124,
        "revenue": 11781,
        "sgaExpense": 525,
        "totalOperatingExpense": 1193,
        "year": 2020
      },
      {
        "costOfGoodsSold": 9205,
        "depreciationAmortization": 678,
        "dilutedAverageSharesOutstanding": 340,
        "dilutedEPS": 1.66,
        "ebit": 1017,
        "equityEarningsAffiliates": -1,
        "grossIncome": 2269,
        "interestExpense": 317,
        "interestIncomeExpense": -158,
        "minorityInterest": 30,
        "netIncome": 566,
        "netIncomeAfterTaxes": 537,
        "nonRecurringItems": -251,
        "period": "2019-12-31",
        "pretaxIncome": 608,
        "provisionforIncomeTaxes": 71,
        "revenue": 11474,
        "sgaExpense": 574,
        "totalOperatingExpense": 1252,
        "year": 2019
      },
      {
        "costOfGoodsSold": 9337,
        "depreciationAmortization": 702,
        "dilutedAverageSharesOutstanding": 352,
        "dilutedEPS": 1.28,
        "ebit": 1029,
        "equityEarningsAffiliates": 5,
        "grossIncome": 2298,
        "interestExpense": 301,
        "interestIncomeExpense": -204,
        "minorityInterest": 1,
        "netIncome": 454,
        "netIncomeAfterTaxes": 503,
        "nonRecurringItems": -191,
        "period": "2018-12-31",
        "pretaxIncome": 633,
        "provisionforIncomeTaxes": 130,
        "revenue": 11635,
        "sgaExpense": 567,
        "totalOperatingExpense": 1269,
        "totalOtherIncomeExpenseNet": -1,
        "year": 2018
      },
      {
        "costOfGoodsSold": 8712,
        "depreciationAmortization": 729,
        "dilutedAverageSharesOutstanding": 357,
        "dilutedEPS": 1.04,
        "ebit": 1086,
        "equityEarningsAffiliates": 31,
        "grossIncome": 2271,
        "interestExpense": 285,
        "interestIncomeExpense": -348,
        "minorityInterest": -6,
        "netIncome": 374,
        "netIncomeAfterTaxes": 432,
        "nonRecurringItems": -221,
        "period": "2017-12-31",
        "pretaxIncome": 514,
        "provisionforIncomeTaxes": 82,
        "revenue": 10983,
        "sgaExpense": 456,
        "totalOperatingExpense": 1185,
        "totalOtherIncomeExpenseNet": -3,
        "year": 2017
      },
      {
        "costOfGoodsSold": 7292,
        "depreciationAmortization": 453,
        "dilutedAverageSharesOutstanding": 323,
        "dilutedEPS": 0.81,
        "ebit": 856,
        "equityEarningsAffiliates": 15,
        "grossIncome": 1769,
        "interestExpense": 229,
        "interestIncomeExpense": -460,
        "minorityInterest": -3,
        "netIncome": 263,
        "netIncomeAfterTaxes": 251,
        "nonRecurringItems": -142,
        "period": "2016-12-31",
        "pretaxIncome": 125,
        "provisionforIncomeTaxes": -126,
        "revenue": 9061,
        "sgaExpense": 460,
        "totalOperatingExpense": 913,
        "totalOtherIncomeExpenseNet": -129,
        "year": 2016
      },
      {
        "costOfGoodsSold": 6460,
        "depreciationAmortization": 286,
        "dilutedAverageSharesOutstanding": 282,
        "dilutedEPS": 1,
        "ebit": 800,
        "equityEarningsAffiliates": 4,
        "grossIncome": 1537,
        "interestExpense": 143.2,
        "interestIncomeExpense": -143,
        "minorityInterest": -22,
        "netIncome": 281,
        "netIncomeAfterTaxes": 299,
        "nonRecurringItems": -195,
        "period": "2015-12-31",
        "pretaxIncome": 346,
        "provisionforIncomeTaxes": 47,
        "revenue": 7997,
        "sgaExpense": 451,
        "totalOperatingExpense": 737,
        "totalOtherIncomeExpenseNet": -117,
        "year": 2015
      }
    ],
    "symbol": "BALL"
  }
}