{
  "symbol": "TDG",
  "statement": "ic",
  "frequency": "annual",
  "timestamp": "2025-09-19T14:07:41.285575",
  "data": {
    "financials": [
      {
        "costOfGoodsSold": 3198,
        "depreciationAmortization": 161,
        "dilutedAverageSharesOutstanding": 57.8,
        "dilutedEPS": 25.6228,
        "ebit": 3647,
        "grossIncome": 4742,
        "interestExpense": 16,
        "interestIncomeExpense": -1286,
        "minorityInterest": -1,
        "netIncome": 1481,
        "netIncomeAfterTaxes": 1715,
        "nonRecurringItems": -174,
        "period": "2024-09-30",
        "pretaxIncome": 2215,
        "provisionforIncomeTaxes": 500,
        "researchDevelopment": 107,
        "revenue": 7940,
        "sgaExpense": 827,
        "totalOperatingExpense": 1095,
        "totalOtherIncomeExpenseNet": 28,
        "year": 2024
      },
      {
        "costOfGoodsSold": 2725,
        "depreciationAmortization": 139,
        "dilutedAverageSharesOutstanding": 57.2,
        "dilutedEPS": 22.03,
        "ebit": 2955,
        "grossIncome": 3860,
        "interestExpense": 13,
        "interestIncomeExpense": -1164,
        "minorityInterest": -1,
        "netIncome": 1260,
        "netIncomeAfterTaxes": 1299,
        "nonRecurringItems": -88,
        "period": "2023-09-30",
        "pretaxIncome": 1716,
        "provisionforIncomeTaxes": 417,
        "researchDevelopment": 105,
        "revenue": 6585,
        "sgaExpense": 661,
        "totalOperatingExpense": 905,
        "totalOtherIncomeExpenseNet": 13,
        "year": 2023
      },
      {
        "costOfGoodsSold": 2323,
        "depreciationAmortization": 136,
        "dilutedAverageSharesOutstanding": 58.2,
        "dilutedEPS": 13.4,
        "ebit": 2233,
        "grossIncome": 3106,
        "interestExpense": 9,
        "interestIncomeExpense": -1076,
        "minorityInterest": -1,
        "netIncome": 780,
        "netIncomeAfterTaxes": 866,
        "nonRecurringItems": -12,
        "period": "2022-09-30",
        "pretaxIncome": 1127,
        "provisionforIncomeTaxes": 261,
        "researchDevelopment": 94.9,
        "revenue": 5429,
        "sgaExpense": 642.1,
        "totalOperatingExpense": 873,
        "totalOtherIncomeExpenseNet": -18,
        "year": 2022
      },
      {
        "costOfGoodsSold": 2249,
        "depreciationAmortization": 137,
        "dilutedAverageSharesOutstanding": 58.4,
        "dilutedEPS": 10.39,
        "ebit": 1762,
        "grossIncome": 2549,
        "interestExpense": 6,
        "interestIncomeExpense": -1059,
        "minorityInterest": -1,
        "netIncome": 607,
        "netIncomeAfterTaxes": 681,
        "nonRecurringItems": -39,
        "period": "2021-09-30",
        "pretaxIncome": 715,
        "provisionforIncomeTaxes": 34,
        "researchDevelopment": 105.6,
        "revenue": 4798,
        "sgaExpense": 544.4,
        "totalOperatingExpense": 787,
        "totalOtherIncomeExpenseNet": 51,
        "year": 2021
      },
      {
        "costOfGoodsSold": 2409,
        "depreciationAmortization": 169,
        "dilutedAverageSharesOutstanding": 57.3,
        "dilutedEPS": 8.97,
        "ebit": 1828,
        "grossIncome": 2694,
        "interestExpense": 4,
        "interestIncomeExpense": -1029,
        "minorityInterest": -1,
        "netIncome": 514,
        "netIncomeAfterTaxes": 653,
        "nonRecurringItems": -105,
        "period": "2020-09-30",
        "pretaxIncome": 740,
        "provisionforIncomeTaxes": 87,
        "researchDevelopment": 130.9,
        "revenue": 5103,
        "sgaExpense": 566.1,
        "totalOperatingExpense": 866,
        "totalOtherIncomeExpenseNet": 46,
        "year": 2020
      },
      {
        "costOfGoodsSold": 2323.9,
        "depreciationAmortization": 135,
        "dilutedAverageSharesOutstanding": 56.3,
        "dilutedEPS": 13.83,
        "ebit": 2095.3,
        "grossIncome": 2899.3,
        "interestIncomeExpense": -859.8,
        "minorityInterest": -1.5,
        "netIncome": 778.7,
        "netIncomeAfterTaxes": 840.9,
        "nonRecurringItems": -171.8,
        "period": "2019-09-30",
        "pretaxIncome": 1062.9,
        "provisionforIncomeTaxes": 222,
        "researchDevelopment": 116.8,
        "revenue": 5223.2,
        "sgaExpense": 552.2,
        "totalOperatingExpense": 804,
        "totalOtherIncomeExpenseNet": -0.9,
        "year": 2019
      },
      {
        "costOfGoodsSold": 1612.7,
        "depreciationAmortization": 72.5,
        "dilutedAverageSharesOutstanding": 55.6,
        "dilutedEPS": 16.2,
        "ebit": 1683.9,
        "grossIncome": 2198.4,
        "interestIncomeExpense": -663,
        "minorityInterest": 0,
        "netIncome": 900.9,
        "netIncomeAfterTaxes": 815.1,
        "nonRecurringItems": -34.9,
        "period": "2018-09-30",
        "pretaxIncome": 985.6,
        "provisionforIncomeTaxes": 170.4,
        "researchDevelopment": 73.8,
        "revenue": 3811.1,
        "sgaExpense": 368.3,
        "totalOperatingExpense": 514.5,
        "totalOtherIncomeExpenseNet": -0.4,
        "year": 2018
      },
      {
        "costOfGoodsSold": 1519.7,
        "depreciationAmortization": 89.2,
        "dilutedAverageSharesOutstanding": 55.5,
        "dilutedEPS": 7.88,
        "ebit": 1482.8,
        "grossIncome": 1984.6,
        "interestIncomeExpense": -602.6,
        "minorityInterest": 0,
        "netIncome": 437.6,
        "netIncomeAfterTaxes": 628.5,
        "nonRecurringItems": -39.8,
        "period": "2017-09-30",
        "pretaxIncome": 837.4,
        "provisionforIncomeTaxes": 208.9,
        "researchDevelopment": 73.8,
        "revenue": 3504.3,
        "sgaExpense": 338.8,
        "totalOperatingExpense": 501.7,
        "totalOtherIncomeExpenseNet": -3,
        "year": 2017
      },
      {
        "costOfGoodsSold": 1411.6,
        "depreciationAmortization": 77.4,
        "dilutedAverageSharesOutstanding": 56.2,
        "dilutedEPS": 10.39,
        "ebit": 1325.5,
        "grossIncome": 1759.8,
        "interestIncomeExpense": -483.9,
        "netIncome": 583.4,
        "netIncomeAfterTaxes": 586.4,
        "nonRecurringItems": -73.5,
        "period": "2016-09-30",
        "pretaxIncome": 768.1,
        "provisionforIncomeTaxes": 181.7,
        "researchDevelopment": 58.6,
        "revenue": 3171.4,
        "sgaExpense": 298.3,
        "totalOperatingExpense": 434.3,
        "year": 2016
      },
      {
        "costOfGoodsSold": 1239.8,
        "depreciationAmortization": 54.2,
        "dilutedAverageSharesOutstanding": 56.6,
        "dilutedEPS": 7.84,
        "ebit": 1110.2,
        "grossIncome": 1467.3,
        "interestIncomeExpense": -418.8,
        "netIncome": 443.8,
        "netIncomeAfterTaxes": 447.2,
        "nonRecurringItems": -54.6,
        "period": "2015-09-30",
        "pretaxIncome": 636.8,
        "provisionforIncomeTaxes": 189.6,
        "researchDevelopment": 48.3,
        "revenue": 2707.1,
        "sgaExpense": 254.6,
        "totalOperatingExpense": 357.1,
        "year": 2015
      }
    ],
    "symbol": "TDG"
  }
}