{
  "symbol": "YUM",
  "statement": "ic",
  "frequency": "quarterly",
  "timestamp": "2025-09-19T14:09:05.310595",
  "data": {
    "financials": [
      {
        "costOfGoodsSold": 1027,
        "dilutedAverageSharesOutstanding": 281,
        "dilutedEPS": 1.33,
        "ebit": 640,
        "grossIncome": 906,
        "interestIncomeExpense": -123,
        "netIncome": 374,
        "netIncomeAfterTaxes": 374,
        "nonRecurringItems": -18,
        "otherOperatingExpensesTotal": -7,
        "period": "2025-06-30",
        "pretaxIncome": 499,
        "provisionforIncomeTaxes": 125,
        "revenue": 1933,
        "sgaExpense": 273,
        "totalOperatingExpense": 266,
        "totalOtherIncomeExpenseNet": 0
      },
      {
        "costOfGoodsSold": 950,
        "dilutedAverageSharesOutstanding": 282,
        "dilutedEPS": 0.9,
        "ebit": 560,
        "grossIncome": 837,
        "interestIncomeExpense": -116,
        "netIncome": 253,
        "netIncomeAfterTaxes": 253,
        "nonRecurringItems": -15,
        "otherOperatingExpensesTotal": -1,
        "period": "2025-03-31",
        "pretaxIncome": 429,
        "provisionforIncomeTaxes": 176,
        "revenue": 1787,
        "sgaExpense": 278,
        "totalOperatingExpense": 277,
        "totalOtherIncomeExpenseNet": 0
      },
      {
        "costOfGoodsSold": 1295,
        "dilutedAverageSharesOutstanding": 285,
        "dilutedEPS": 1.48,
        "ebit": 730,
        "grossIncome": 1067,
        "interestIncomeExpense": -135,
        "netIncome": 423,
        "netIncomeAfterTaxes": 423,
        "nonRecurringItems": -69,
        "otherOperatingExpensesTotal": -8,
        "period": "2024-12-31",
        "pretaxIncome": 528,
        "provisionforIncomeTaxes": 105,
        "revenue": 2362,
        "sgaExpense": 345,
        "totalOperatingExpense": 337,
        "totalOtherIncomeExpenseNet": 2
      },
      {
        "costOfGoodsSold": 960,
        "dilutedAverageSharesOutstanding": 285,
        "dilutedEPS": 1.34,
        "ebit": 606,
        "grossIncome": 866,
        "interestIncomeExpense": -116,
        "netIncome": 382,
        "netIncomeAfterTaxes": 382,
        "nonRecurringItems": 10,
        "otherOperatingExpensesTotal": -3,
        "period": "2024-09-30",
        "pretaxIncome": 502,
        "provisionforIncomeTaxes": 120,
        "revenue": 1826,
        "sgaExpense": 263,
        "totalOperatingExpense": 260,
        "totalOtherIncomeExpenseNet": 2
      },
      {
        "costOfGoodsSold": 894,
        "dilutedAverageSharesOutstanding": 286,
        "dilutedEPS": 1.28,
        "ebit": 593,
        "grossIncome": 869,
        "interestIncomeExpense": -121,
        "netIncome": 367,
        "netIncomeAfterTaxes": 367,
        "nonRecurringItems": 14,
        "otherOperatingExpensesTotal": -5,
        "period": "2024-06-30",
        "pretaxIncome": 487,
        "provisionforIncomeTaxes": 120,
        "revenue": 1763,
        "sgaExpense": 281,
        "totalOperatingExpense": 276,
        "totalOtherIncomeExpenseNet": 1
      },
      {
        "costOfGoodsSold": 798,
        "dilutedAverageSharesOutstanding": 286,
        "dilutedEPS": 1.1,
        "ebit": 520,
        "grossIncome": 800,
        "interestIncomeExpense": -144,
        "netIncome": 314,
        "netIncomeAfterTaxes": 314,
        "nonRecurringItems": 5,
        "otherOperatingExpensesTotal": -6,
        "period": "2024-03-31",
        "pretaxIncome": 383,
        "provisionforIncomeTaxes": 69,
        "revenue": 1598,
        "sgaExpense": 286,
        "totalOperatingExpense": 280,
        "totalOtherIncomeExpenseNet": 2
      },
      {
        "costOfGoodsSold": 1063,
        "dilutedAverageSharesOutstanding": 282,
        "dilutedEPS": 1.64,
        "ebit": 627,
        "grossIncome": 973,
        "interestIncomeExpense": -143,
        "netIncome": 463,
        "netIncomeAfterTaxes": 463,
        "nonRecurringItems": -21,
        "otherOperatingExpensesTotal": -7,
        "period": "2023-12-31",
        "pretaxIncome": 464,
        "provisionforIncomeTaxes": 1,
        "revenue": 2036,
        "sgaExpense": 353,
        "totalOperatingExpense": 346,
        "totalOtherIncomeExpenseNet": 1
      },
      {
        "costOfGoodsSold": 848,
        "dilutedAverageSharesOutstanding": 286,
        "dilutedEPS": 1.45,
        "ebit": 599,
        "grossIncome": 860,
        "interestIncomeExpense": -114,
        "netIncome": 416,
        "netIncomeAfterTaxes": 416,
        "nonRecurringItems": 18,
        "otherOperatingExpensesTotal": -6,
        "period": "2023-09-30",
        "pretaxIncome": 505,
        "provisionforIncomeTaxes": 89,
        "revenue": 1708,
        "sgaExpense": 267,
        "totalOperatingExpense": 261,
        "totalOtherIncomeExpenseNet": 2
      },
      {
        "costOfGoodsSold": 835,
        "dilutedAverageSharesOutstanding": 286,
        "dilutedEPS": 1.46,
        "ebit": 557,
        "grossIncome": 852,
        "interestIncomeExpense": -97,
        "netIncome": 418,
        "netIncomeAfterTaxes": 418,
        "nonRecurringItems": 17,
        "otherOperatingExpensesTotal": 4,
        "period": "2023-06-30",
        "pretaxIncome": 478,
        "provisionforIncomeTaxes": 60,
        "revenue": 1687,
        "sgaExpense": 291,
        "totalOperatingExpense": 295,
        "totalOtherIncomeExpenseNet": 1
      },
      {
        "costOfGoodsSold": 834,
        "dilutedAverageSharesOutstanding": 285,
        "dilutedEPS": 1.05,
        "ebit": 523,
        "grossIncome": 811,
        "interestIncomeExpense": -157,
        "netIncome": 300,
        "netIncomeAfterTaxes": 300,
        "nonRecurringItems": 3,
        "otherOperatingExpensesTotal": 6,
        "period": "2023-03-31",
        "pretaxIncome": 371,
        "provisionforIncomeTaxes": 71,
        "revenue": 1645,
        "sgaExpense": 282,
        "totalOperatingExpense": 288,
        "totalOtherIncomeExpenseNet": 2
      },
      {
        "costOfGoodsSold": 1074,
        "dilutedAverageSharesOutstanding": 287,
        "dilutedEPS": 1.29,
        "ebit": 573,
        "grossIncome": 945,
        "interestIncomeExpense": -144,
        "netIncome": 371,
        "netIncomeAfterTaxes": 371,
        "nonRecurringItems": 4,
        "otherOperatingExpensesTotal": 0,
        "period": "2022-12-31",
        "pretaxIncome": 427,
        "provisionforIncomeTaxes": 56,
        "revenue": 2019,
        "sgaExpense": 372,
        "totalOperatingExpense": 372,
        "totalOtherIncomeExpenseNet": -6
      },
      {
        "costOfGoodsSold": 826,
        "dilutedAverageSharesOutstanding": 289,
        "dilutedEPS": 1.15,
        "ebit": 548,
        "grossIncome": 814,
        "interestIncomeExpense": -101,
        "netIncome": 331,
        "netIncomeAfterTaxes": 331,
        "nonRecurringItems": 2,
        "otherOperatingExpensesTotal": 5,
        "period": "2022-09-30",
        "pretaxIncome": 447,
        "provisionforIncomeTaxes": 116,
        "revenue": 1640,
        "sgaExpense": 261,
        "totalOperatingExpense": 266,
        "totalOtherIncomeExpenseNet": -2
      },
      {
        "costOfGoodsSold": 840,
        "dilutedAverageSharesOutstanding": 290,
        "dilutedEPS": 0.77,
        "ebit": 537,
        "grossIncome": 796,
        "interestIncomeExpense": -155,
        "netIncome": 224,
        "netIncomeAfterTaxes": 224,
        "nonRecurringItems": 9,
        "otherOperatingExpensesTotal": 5,
        "period": "2022-06-30",
        "pretaxIncome": 390,
        "provisionforIncomeTaxes": 166,
        "revenue": 1636,
        "sgaExpense": 254,
        "totalOperatingExpense": 259,
        "totalOtherIncomeExpenseNet": -1
      },
      {
        "costOfGoodsSold": 795,
        "dilutedAverageSharesOutstanding": 294,
        "dilutedEPS": 1.36,
        "ebit": 501,
        "grossIncome": 752,
        "interestIncomeExpense": -107,
        "netIncome": 399,
        "netIncomeAfterTaxes": 399,
        "nonRecurringItems": 4,
        "otherOperatingExpensesTotal": -2,
        "period": "2022-03-31",
        "pretaxIncome": 398,
        "provisionforIncomeTaxes": -1,
        "revenue": 1547,
        "sgaExpense": 253,
        "totalOperatingExpense": 251,
        "totalOtherIncomeExpenseNet": 0
      },
      {
        "costOfGoodsSold": 1017,
        "dilutedAverageSharesOutstanding": 296,
        "dilutedEPS": 1.11,
        "ebit": 488,
        "grossIncome": 873,
        "interestIncomeExpense": -94,
        "netIncome": 330,
        "netIncomeAfterTaxes": 330,
        "nonRecurringItems": 14,
        "otherOperatingExpensesTotal": 14,
        "period": "2021-12-31",
        "pretaxIncome": 407,
        "provisionforIncomeTaxes": 77,
        "revenue": 1890,
        "sgaExpense": 371,
        "totalOperatingExpense": 385,
        "totalOtherIncomeExpenseNet": -1
      },
      {
        "costOfGoodsSold": 827,
        "dilutedAverageSharesOutstanding": 302,
        "dilutedEPS": 1.75,
        "ebit": 526,
        "grossIncome": 779,
        "interestIncomeExpense": -72,
        "netIncome": 528,
        "netIncomeAfterTaxes": 528,
        "nonRecurringItems": -2,
        "period": "2021-09-30",
        "pretaxIncome": 451,
        "provisionforIncomeTaxes": -77,
        "revenue": 1606,
        "sgaExpense": 253,
        "totalOperatingExpense": 253,
        "totalOtherIncomeExpenseNet": -1
      },
      {
        "costOfGoodsSold": 816,
        "dilutedAverageSharesOutstanding": 304,
        "dilutedEPS": 1.29,
        "ebit": 556,
        "grossIncome": 786,
        "interestIncomeExpense": -154,
        "netIncome": 391,
        "netIncomeAfterTaxes": 391,
        "nonRecurringItems": 7,
        "period": "2021-06-30",
        "pretaxIncome": 407,
        "provisionforIncomeTaxes": 16,
        "revenue": 1602,
        "sgaExpense": 230,
        "totalOperatingExpense": 230,
        "totalOtherIncomeExpenseNet": -2
      },
      {
        "costOfGoodsSold": 758,
        "dilutedAverageSharesOutstanding": 305,
        "dilutedEPS": 1.07,
        "ebit": 522,
        "grossIncome": 728,
        "interestIncomeExpense": -124,
        "netIncome": 326,
        "netIncomeAfterTaxes": 326,
        "nonRecurringItems": 14,
        "period": "2021-03-31",
        "pretaxIncome": 409,
        "provisionforIncomeTaxes": 83,
        "revenue": 1486,
        "sgaExpense": 206,
        "totalOperatingExpense": 206,
        "totalOtherIncomeExpenseNet": -3
      },
      {
        "costOfGoodsSold": 925,
        "dilutedAverageSharesOutstanding": 307,
        "dilutedEPS": 1.08,
        "ebit": 466,
        "grossIncome": 818,
        "interestIncomeExpense": -109,
        "netIncome": 332,
        "netIncomeAfterTaxes": 332,
        "nonRecurringItems": -1,
        "otherOperatingExpensesTotal": 16,
        "period": "2020-12-31",
        "pretaxIncome": 352,
        "provisionforIncomeTaxes": 20,
        "revenue": 1743,
        "sgaExpense": 336,
        "totalOperatingExpense": 352,
        "totalOtherIncomeExpenseNet": -4
      },
      {
        "costOfGoodsSold": 725,
        "dilutedAverageSharesOutstanding": 307,
        "dilutedEPS": 0.92,
        "ebit": 498,
        "grossIncome": 723,
        "interestIncomeExpense": -145,
        "netIncome": 283,
        "netIncomeAfterTaxes": 283,
        "nonRecurringItems": -34,
        "period": "2020-09-30",
        "pretaxIncome": 316,
        "provisionforIncomeTaxes": 33,
        "revenue": 1448,
        "sgaExpense": 225,
        "totalOperatingExpense": 225,
        "totalOtherIncomeExpenseNet": -3
      },
      {
        "costOfGoodsSold": 649,
        "dilutedAverageSharesOutstanding": 307,
        "dilutedEPS": 0.67,
        "ebit": 290,
        "grossIncome": 549,
        "interestIncomeExpense": -33,
        "netIncome": 206,
        "netIncomeAfterTaxes": 206,
        "nonRecurringItems": 2,
        "period": "2020-06-30",
        "pretaxIncome": 257,
        "provisionforIncomeTaxes": 51,
        "revenue": 1198,
        "sgaExpense": 259,
        "totalOperatingExpense": 259,
        "totalOtherIncomeExpenseNet": -2
      },
      {
        "costOfGoodsSold": 666,
        "dilutedAverageSharesOutstanding": 307,
        "dilutedEPS": 0.27,
        "ebit": 389,
        "grossIncome": 597,
        "interestIncomeExpense": -164,
        "netIncome": 83,
        "netIncomeAfterTaxes": 83,
        "nonRecurringItems": -127,
        "period": "2020-03-31",
        "pretaxIncome": 95,
        "provisionforIncomeTaxes": 12,
        "revenue": 1263,
        "sgaExpense": 208,
        "totalOperatingExpense": 208,
        "totalOtherIncomeExpenseNet": -3
      },
      {
        "costOfGoodsSold": 868,
        "dilutedAverageSharesOutstanding": 310,
        "dilutedEPS": 1.57,
        "ebit": 527,
        "grossIncome": 826,
        "interestExpense": 1,
        "interestIncomeExpense": -149,
        "netIncome": 488,
        "netIncomeAfterTaxes": 488,
        "nonRecurringItems": 19,
        "otherOperatingExpensesTotal": -1,
        "period": "2019-12-31",
        "pretaxIncome": 397,
        "provisionforIncomeTaxes": -91,
        "revenue": 1694,
        "sgaExpense": 300,
        "totalOperatingExpense": 299,
        "totalOtherIncomeExpenseNet": 0
      },
      {
        "costOfGoodsSold": 660,
        "dilutedAverageSharesOutstanding": 313,
        "dilutedEPS": 0.81,
        "ebit": 472,
        "grossIncome": 679,
        "interestExpense": 1,
        "interestIncomeExpense": -179,
        "netIncome": 255,
        "netIncomeAfterTaxes": 255,
        "nonRecurringItems": 8,
        "otherOperatingExpensesTotal": -1,
        "period": "2019-09-30",
        "pretaxIncome": 300,
        "provisionforIncomeTaxes": 45,
        "revenue": 1339,
        "sgaExpense": 208,
        "totalOperatingExpense": 207,
        "totalOtherIncomeExpenseNet": -1
      },
      {
        "costOfGoodsSold": 639,
        "dilutedAverageSharesOutstanding": 314,
        "dilutedEPS": 0.92,
        "ebit": 467,
        "grossIncome": 671,
        "interestIncomeExpense": -94,
        "netIncome": 289,
        "netIncomeAfterTaxes": 289,
        "nonRecurringItems": 4,
        "otherOperatingExpensesTotal": 6,
        "period": "2019-06-30",
        "pretaxIncome": 377,
        "provisionforIncomeTaxes": 88,
        "revenue": 1310,
        "sgaExpense": 198,
        "totalOperatingExpense": 204,
        "totalOtherIncomeExpenseNet": 0
      },
      {
        "costOfGoodsSold": 616,
        "dilutedAverageSharesOutstanding": 315,
        "dilutedEPS": 0.83,
        "ebit": 427,
        "grossIncome": 638,
        "interestExpense": 1,
        "interestIncomeExpense": -131,
        "netIncome": 262,
        "netIncomeAfterTaxes": 262,
        "nonRecurringItems": 6,
        "otherOperatingExpensesTotal": 0,
        "period": "2019-03-31",
        "pretaxIncome": 299,
        "provisionforIncomeTaxes": 37,
        "revenue": 1254,
        "sgaExpense": 211,
        "totalOperatingExpense": 211,
        "totalOtherIncomeExpenseNet": -3
      },
      {
        "costOfGoodsSold": 811,
        "dilutedAverageSharesOutstanding": 320,
        "dilutedEPS": 1.03,
        "ebit": 492,
        "grossIncome": 747,
        "interestIncomeExpense": -298,
        "netIncome": 334,
        "netIncomeAfterTaxes": 330,
        "nonRecurringItems": 249,
        "otherOperatingExpensesTotal": -3,
        "period": "2018-12-31",
        "pretaxIncome": 439,
        "provisionforIncomeTaxes": 109,
        "revenue": 1558,
        "sgaExpense": 258,
        "totalOperatingExpense": 255,
        "totalOtherIncomeExpenseNet": -4
      },
      {
        "costOfGoodsSold": 727,
        "dilutedAverageSharesOutstanding": 325,
        "dilutedEPS": 1.39,
        "ebit": 454,
        "grossIncome": 664,
        "interestIncomeExpense": -15,
        "netIncome": 454,
        "netIncomeAfterTaxes": 426,
        "nonRecurringItems": 99,
        "otherOperatingExpensesTotal": 7,
        "period": "2018-09-30",
        "pretaxIncome": 534,
        "provisionforIncomeTaxes": 108,
        "revenue": 1391,
        "sgaExpense": 203,
        "totalOperatingExpense": 210,
        "totalOtherIncomeExpenseNet": -4
      },
      {
        "costOfGoodsSold": 735,
        "dilutedAverageSharesOutstanding": 331,
        "dilutedEPS": 0.96,
        "ebit": 420,
        "grossIncome": 633,
        "interestIncomeExpense": -89,
        "netIncome": 321,
        "netIncomeAfterTaxes": 281,
        "nonRecurringItems": 29,
        "otherOperatingExpensesTotal": 5,
        "period": "2018-06-30",
        "pretaxIncome": 357,
        "provisionforIncomeTaxes": 76,
        "revenue": 1368,
        "sgaExpense": 208,
        "totalOperatingExpense": 213,
        "totalOtherIncomeExpenseNet": -3
      },
      {
        "costOfGoodsSold": 757,
        "dilutedAverageSharesOutstanding": 340,
        "dilutedEPS": 1.29,
        "ebit": 398,
        "grossIncome": 614,
        "interestIncomeExpense": -41,
        "netIncome": 433,
        "netIncomeAfterTaxes": 439,
        "nonRecurringItems": 155,
        "otherOperatingExpensesTotal": -2,
        "period": "2018-03-31",
        "pretaxIncome": 509,
        "provisionforIncomeTaxes": 70,
        "revenue": 1371,
        "sgaExpense": 218,
        "totalOperatingExpense": 216,
        "totalOtherIncomeExpenseNet": -3
      },
      {
        "costOfGoodsSold": 580,
        "dilutedAverageSharesOutstanding": 346,
        "dilutedEPS": 1.26,
        "ebit": 469,
        "grossIncome": 997,
        "interestIncomeExpense": -122,
        "netIncome": 436,
        "netIncomeAfterTaxes": 870,
        "nonRecurringItems": 750,
        "otherOperatingExpensesTotal": 1,
        "period": "2017-12-31",
        "pretaxIncome": 1092,
        "provisionforIncomeTaxes": 222,
        "revenue": 1577,
        "sgaExpense": 527,
        "totalOperatingExpense": 528,
        "totalOtherIncomeExpenseNet": -5
      },
      {
        "costOfGoodsSold": 560,
        "dilutedAverageSharesOutstanding": 353,
        "dilutedEPS": 1.18,
        "ebit": 443,
        "grossIncome": 876,
        "interestIncomeExpense": -109,
        "netIncome": 418,
        "netIncomeAfterTaxes": 418,
        "nonRecurringItems": 200,
        "otherOperatingExpensesTotal": 0,
        "period": "2017-09-30",
        "pretaxIncome": 524,
        "provisionforIncomeTaxes": 106,
        "revenue": 1436,
        "sgaExpense": 433,
        "totalOperatingExpense": 433,
        "totalOtherIncomeExpenseNet": -10
      },
      {
        "costOfGoodsSold": 573,
        "dilutedAverageSharesOutstanding": 358,
        "dilutedEPS": 0.58,
        "ebit": 401,
        "grossIncome": 875,
        "interestIncomeExpense": -104,
        "netIncome": 206,
        "netIncomeAfterTaxes": 206,
        "nonRecurringItems": 18,
        "otherOperatingExpensesTotal": -2,
        "period": "2017-06-30",
        "pretaxIncome": 311,
        "provisionforIncomeTaxes": 105,
        "revenue": 1448,
        "sgaExpense": 476,
        "totalOperatingExpense": 474,
        "totalOtherIncomeExpenseNet": -4
      },
      {
        "costOfGoodsSold": 566,
        "dilutedAverageSharesOutstanding": 364,
        "dilutedEPS": 0.77,
        "ebit": 374,
        "grossIncome": 851,
        "interestIncomeExpense": -109,
        "netIncome": 280,
        "netIncomeAfterTaxes": 280,
        "nonRecurringItems": 110,
        "otherOperatingExpensesTotal": 2,
        "period": "2017-03-31",
        "pretaxIncome": 347,
        "provisionforIncomeTaxes": 67,
        "revenue": 1417,
        "sgaExpense": 475,
        "totalOperatingExpense": 477,
        "totalOtherIncomeExpenseNet": -28
      },
      {
        "costOfGoodsSold": -1528,
        "dilutedAverageSharesOutstanding": 372.25,
        "dilutedEPS": 0.78,
        "ebit": -84,
        "grossIncome": -1059,
        "interestIncomeExpense": -185,
        "netIncome": 291,
        "netIncomeAfterTaxes": -344,
        "nonRecurringItems": 101,
        "otherOperatingExpensesTotal": 24,
        "period": "2016-12-31",
        "pretaxIncome": -200,
        "provisionforIncomeTaxes": 144,
        "revenue": -2587,
        "sgaExpense": -999,
        "totalOperatingExpense": -975,
        "totalOtherIncomeExpenseNet": -32
      },
      {
        "costOfGoodsSold": 1502,
        "dilutedAverageSharesOutstanding": 398,
        "dilutedEPS": 1.56,
        "ebit": 621,
        "grossIncome": 1814,
        "interestIncomeExpense": -72,
        "minorityInterest": -10,
        "netIncome": 622,
        "netIncomeAfterTaxes": 632,
        "nonRecurringItems": 18,
        "period": "2016-09-03",
        "pretaxIncome": 567,
        "provisionforIncomeTaxes": -65,
        "revenue": 3316,
        "sgaExpense": 1193,
        "totalOperatingExpense": 1193
      },
      {
        "costOfGoodsSold": 1417,
        "dilutedAverageSharesOutstanding": 417,
        "dilutedEPS": 0.81,
        "ebit": 447,
        "grossIncome": 1591,
        "interestIncomeExpense": -12,
        "minorityInterest": 4,
        "netIncome": 339,
        "netIncomeAfterTaxes": 335,
        "nonRecurringItems": 16,
        "period": "2016-06-11",
        "pretaxIncome": 451,
        "provisionforIncomeTaxes": 116,
        "revenue": 3008,
        "sgaExpense": 1144,
        "totalOperatingExpense": 1144
      },
      {
        "costOfGoodsSold": 1183,
        "dilutedAverageSharesOutstanding": 422,
        "dilutedEPS": 0.93,
        "ebit": 553,
        "grossIncome": 1436,
        "interestIncomeExpense": -30,
        "minorityInterest": -4,
        "netIncome": 391,
        "netIncomeAfterTaxes": 395,
        "nonRecurringItems": 4,
        "period": "2016-03-19",
        "pretaxIncome": 527,
        "provisionforIncomeTaxes": 132,
        "revenue": 2619,
        "sgaExpense": 883,
        "totalOperatingExpense": 883
      },
      {
        "costOfGoodsSold": -1623,
        "dilutedAverageSharesOutstanding": 438.5,
        "dilutedEPS": 0.6,
        "ebit": -65,
        "grossIncome": -1113,
        "interestIncomeExpense": -74,
        "netIncome": 265,
        "netIncomeAfterTaxes": -97,
        "nonRecurringItems": 51,
        "otherOperatingExpensesTotal": 25,
        "period": "2015-12-26",
        "pretaxIncome": -128,
        "provisionforIncomeTaxes": -31,
        "revenue": -2736,
        "sgaExpense": -1073,
        "totalOperatingExpense": -1048,
        "totalOtherIncomeExpenseNet": -40
      },
      {
        "costOfGoodsSold": 1623,
        "dilutedAverageSharesOutstanding": 444,
        "dilutedEPS": 0.95,
        "ebit": 605,
        "grossIncome": 1804,
        "interestIncomeExpense": -29,
        "minorityInterest": -5,
        "netIncome": 421,
        "netIncomeAfterTaxes": 426,
        "nonRecurringItems": -5,
        "period": "2015-09-05",
        "pretaxIncome": 571,
        "provisionforIncomeTaxes": 145,
        "researchDevelopment": 0,
        "revenue": 3427,
        "sgaExpense": 1199,
        "totalOperatingExpense": 1199
      }
    ],
    "symbol": "YUM"
  }
}