{
  "symbol": "GDDY",
  "statement": "ic",
  "frequency": "quarterly",
  "timestamp": "2025-09-19T14:01:14.063554",
  "data": {
    "financials": [
      {
        "costOfGoodsSold": 442.3,
        "depreciationAmortization": 30.6,
        "dilutedAverageSharesOutstanding": 141.408,
        "dilutedEPS": 1.4136,
        "ebit": 266.6,
        "grossIncome": 775.3,
        "interestExpense": 38.3,
        "interestIncomeExpense": -38.3,
        "netIncome": 199.9,
        "netIncomeAfterTaxes": 199.9,
        "nonRecurringItems": -0.3,
        "period": "2025-06-30",
        "pretaxIncome": 239.1,
        "provisionforIncomeTaxes": 39.2,
        "researchDevelopment": 214.3,
        "revenue": 1217.6,
        "sgaExpense": 263.8,
        "totalOperatingExpense": 508.7,
        "totalOtherIncomeExpenseNet": 11.1
      },
      {
        "costOfGoodsSold": 440.5,
        "depreciationAmortization": 30.8,
        "dilutedAverageSharesOutstanding": 145.173,
        "dilutedEPS": 1.512,
        "ebit": 249.4,
        "grossIncome": 753.8,
        "interestExpense": 37.2,
        "interestIncomeExpense": -37.2,
        "netIncome": 219.5,
        "netIncomeAfterTaxes": 219.5,
        "nonRecurringItems": -2.1,
        "period": "2025-03-31",
        "pretaxIncome": 220,
        "provisionforIncomeTaxes": 0.5,
        "researchDevelopment": 205.3,
        "revenue": 1194.3,
        "sgaExpense": 268.3,
        "totalOperatingExpense": 504.4,
        "totalOtherIncomeExpenseNet": 9.9
      },
      {
        "costOfGoodsSold": 421.8,
        "depreciationAmortization": 32.2,
        "dilutedAverageSharesOutstanding": 145.611,
        "dilutedEPS": 1.3639,
        "ebit": 265.3,
        "grossIncome": 770.8,
        "interestExpense": 38.1,
        "interestIncomeExpense": -38.1,
        "minorityInterest": 0,
        "netIncome": 198.6,
        "netIncomeAfterTaxes": 198.6,
        "nonRecurringItems": -11.2,
        "period": "2024-12-31",
        "pretaxIncome": 226.3,
        "provisionforIncomeTaxes": 27.7,
        "researchDevelopment": 200.5,
        "revenue": 1192.6,
        "sgaExpense": 272.8,
        "totalOperatingExpense": 505.5,
        "totalOtherIncomeExpenseNet": 10.3
      },
      {
        "costOfGoodsSold": 407.4,
        "depreciationAmortization": 32.8,
        "dilutedAverageSharesOutstanding": 144.138,
        "dilutedEPS": 1.3217,
        "ebit": 254.2,
        "grossIncome": 740.2,
        "interestExpense": 39.4,
        "interestIncomeExpense": -39.4,
        "minorityInterest": 0,
        "netIncome": 190.5,
        "netIncomeAfterTaxes": 190.5,
        "nonRecurringItems": -0.4,
        "period": "2024-09-30",
        "pretaxIncome": 221,
        "provisionforIncomeTaxes": 30.5,
        "researchDevelopment": 205.1,
        "revenue": 1147.6,
        "sgaExpense": 248.1,
        "totalOperatingExpense": 486,
        "totalOtherIncomeExpenseNet": 6.6
      },
      {
        "costOfGoodsSold": 408.3,
        "depreciationAmortization": 33.1,
        "dilutedAverageSharesOutstanding": 144.644,
        "dilutedEPS": 1.0115,
        "ebit": 215.1,
        "grossIncome": 716.2,
        "interestExpense": 39.5,
        "interestIncomeExpense": -39.5,
        "minorityInterest": 0,
        "netIncome": 146.3,
        "netIncomeAfterTaxes": 146.3,
        "nonRecurringItems": -9,
        "period": "2024-06-30",
        "pretaxIncome": 174.9,
        "provisionforIncomeTaxes": 28.6,
        "researchDevelopment": 205.9,
        "revenue": 1124.5,
        "sgaExpense": 262.1,
        "totalOperatingExpense": 501.1,
        "totalOtherIncomeExpenseNet": 8.3
      },
      {
        "costOfGoodsSold": 414.5,
        "depreciationAmortization": 37.2,
        "dilutedAverageSharesOutstanding": 145.676,
        "dilutedEPS": 2.7561,
        "ebit": 198.3,
        "grossIncome": 694,
        "interestExpense": 41.3,
        "interestIncomeExpense": -41.3,
        "minorityInterest": 0,
        "netIncome": 401.5,
        "netIncomeAfterTaxes": 401.5,
        "nonRecurringItems": -23.4,
        "period": "2024-03-31",
        "pretaxIncome": 143.2,
        "provisionforIncomeTaxes": -258.3,
        "researchDevelopment": 202.9,
        "revenue": 1108.5,
        "sgaExpense": 255.6,
        "totalOperatingExpense": 495.7,
        "totalOtherIncomeExpenseNet": 9.6
      },
      {
        "costOfGoodsSold": 402.2,
        "depreciationAmortization": 38.7,
        "dilutedAverageSharesOutstanding": 145.899,
        "dilutedEPS": 7.6347,
        "ebit": 201.1,
        "grossIncome": 698.1,
        "interestExpense": 43.6,
        "interestIncomeExpense": -43.6,
        "minorityInterest": -0.2,
        "netIncome": 1113.9,
        "netIncomeAfterTaxes": 1114.1,
        "nonRecurringItems": -11.2,
        "period": "2023-12-31",
        "pretaxIncome": 147.5,
        "provisionforIncomeTaxes": -966.6,
        "researchDevelopment": 203.8,
        "revenue": 1100.3,
        "sgaExpense": 254.5,
        "totalOperatingExpense": 497,
        "totalOtherIncomeExpenseNet": 1.2
      },
      {
        "costOfGoodsSold": 396.9,
        "depreciationAmortization": 40.6,
        "dilutedAverageSharesOutstanding": 147.3,
        "dilutedEPS": 0.89,
        "ebit": 176.9,
        "grossIncome": 672.8,
        "interestExpense": 44,
        "interestIncomeExpense": -44,
        "minorityInterest": -0.3,
        "netIncome": 130.7,
        "netIncomeAfterTaxes": 131,
        "nonRecurringItems": -11.3,
        "period": "2023-09-30",
        "pretaxIncome": 127.9,
        "provisionforIncomeTaxes": -3.1,
        "researchDevelopment": 201.6,
        "revenue": 1069.7,
        "sgaExpense": 253.7,
        "totalOperatingExpense": 495.9,
        "totalOtherIncomeExpenseNet": 6.3
      },
      {
        "costOfGoodsSold": 388.4,
        "depreciationAmortization": 43.5,
        "dilutedAverageSharesOutstanding": 154.1,
        "dilutedEPS": 0.54,
        "ebit": 137.1,
        "grossIncome": 659.7,
        "interestExpense": 45.6,
        "interestIncomeExpense": -45.6,
        "minorityInterest": -0.2,
        "netIncome": 82.9,
        "netIncomeAfterTaxes": 83.1,
        "nonRecurringItems": -17.5,
        "period": "2023-06-30",
        "pretaxIncome": 80.8,
        "provisionforIncomeTaxes": -2.3,
        "researchDevelopment": 219.2,
        "revenue": 1048.1,
        "sgaExpense": 259.9,
        "totalOperatingExpense": 522.6,
        "totalOtherIncomeExpenseNet": 6.8
      },
      {
        "costOfGoodsSold": 386.1,
        "depreciationAmortization": 48.5,
        "dilutedAverageSharesOutstanding": 156.6,
        "dilutedEPS": 0.3,
        "ebit": 120.8,
        "grossIncome": 649.9,
        "interestExpense": 45.8,
        "interestIncomeExpense": -45.8,
        "minorityInterest": -0.1,
        "netIncome": 47.3,
        "netIncomeAfterTaxes": 47.4,
        "nonRecurringItems": -50,
        "period": "2023-03-31",
        "pretaxIncome": 47.6,
        "provisionforIncomeTaxes": 0.2,
        "researchDevelopment": 215,
        "revenue": 1036,
        "sgaExpense": 265.6,
        "totalOperatingExpense": 529.1,
        "totalOtherIncomeExpenseNet": 22.6
      },
      {
        "costOfGoodsSold": 379.5,
        "depreciationAmortization": 49.5,
        "dilutedAverageSharesOutstanding": 157.8,
        "dilutedEPS": 0.59,
        "ebit": 135.8,
        "grossIncome": 660.4,
        "interestExpense": 42.2,
        "interestIncomeExpense": -42.2,
        "minorityInterest": -0.2,
        "netIncome": 93.6,
        "netIncomeAfterTaxes": 93.8,
        "nonRecurringItems": -4.5,
        "period": "2022-12-31",
        "pretaxIncome": 95.9,
        "provisionforIncomeTaxes": 2.1,
        "researchDevelopment": 206.3,
        "revenue": 1039.9,
        "sgaExpense": 268.8,
        "totalOperatingExpense": 524.6,
        "totalOtherIncomeExpenseNet": 6.8
      },
      {
        "costOfGoodsSold": 374.3,
        "depreciationAmortization": 48.5,
        "dilutedAverageSharesOutstanding": 158.4,
        "dilutedEPS": 0.63,
        "ebit": 134.9,
        "grossIncome": 658.9,
        "interestExpense": 35.6,
        "interestIncomeExpense": -35.6,
        "minorityInterest": -0.2,
        "netIncome": 99.8,
        "netIncomeAfterTaxes": 100,
        "nonRecurringItems": -5.2,
        "period": "2022-09-30",
        "pretaxIncome": 97.2,
        "provisionforIncomeTaxes": -2.8,
        "researchDevelopment": 199.5,
        "revenue": 1033.2,
        "sgaExpense": 276,
        "totalOperatingExpense": 524,
        "totalOtherIncomeExpenseNet": 3.1
      },
      {
        "costOfGoodsSold": 360.5,
        "depreciationAmortization": 48.4,
        "dilutedAverageSharesOutstanding": 161.7,
        "dilutedEPS": 0.56,
        "ebit": 134.2,
        "grossIncome": 655,
        "interestExpense": 34.9,
        "interestIncomeExpense": -34.9,
        "minorityInterest": -0.1,
        "netIncome": 90.4,
        "netIncomeAfterTaxes": 90.5,
        "nonRecurringItems": -9.6,
        "period": "2022-06-30",
        "pretaxIncome": 88.5,
        "provisionforIncomeTaxes": -2,
        "researchDevelopment": 198.1,
        "revenue": 1015.5,
        "sgaExpense": 274.3,
        "totalOperatingExpense": 520.8,
        "totalOtherIncomeExpenseNet": -1.2
      },
      {
        "costOfGoodsSold": 370.2,
        "depreciationAmortization": 48.2,
        "dilutedAverageSharesOutstanding": 166.8,
        "dilutedEPS": 0.41,
        "ebit": 109.6,
        "grossIncome": 632.5,
        "interestExpense": 33.6,
        "interestIncomeExpense": -33.6,
        "minorityInterest": -0.2,
        "netIncome": 68.4,
        "netIncomeAfterTaxes": 68.6,
        "period": "2022-03-31",
        "pretaxIncome": 74.9,
        "provisionforIncomeTaxes": 6.3,
        "researchDevelopment": 190.1,
        "revenue": 1002.7,
        "sgaExpense": 284.6,
        "totalOperatingExpense": 522.9,
        "totalOtherIncomeExpenseNet": -1.1
      },
      {
        "costOfGoodsSold": 373.2,
        "depreciationAmortization": 49.9,
        "dilutedAverageSharesOutstanding": 169.2,
        "dilutedEPS": 0.52,
        "ebit": 139.9,
        "grossIncome": 646.1,
        "interestExpense": 32.2,
        "interestIncomeExpense": -32.2,
        "minorityInterest": -0.2,
        "netIncome": 87.2,
        "netIncomeAfterTaxes": 87.4,
        "nonRecurringItems": -15.1,
        "period": "2021-12-31",
        "pretaxIncome": 91.5,
        "provisionforIncomeTaxes": 4.1,
        "researchDevelopment": 175.5,
        "revenue": 1019.3,
        "sgaExpense": 280.8,
        "totalOperatingExpense": 506.2,
        "totalOtherIncomeExpenseNet": -1.1
      },
      {
        "costOfGoodsSold": 345.8,
        "depreciationAmortization": 50.7,
        "dilutedAverageSharesOutstanding": 169.8,
        "dilutedEPS": 0.57,
        "ebit": 115.9,
        "grossIncome": 618.2,
        "interestExpense": 32.5,
        "interestIncomeExpense": -32.5,
        "minorityInterest": -0.2,
        "netIncome": 97.5,
        "netIncomeAfterTaxes": 97.7,
        "nonRecurringItems": 15.4,
        "period": "2021-09-30",
        "pretaxIncome": 97.6,
        "provisionforIncomeTaxes": -0.1,
        "researchDevelopment": 172.4,
        "revenue": 964,
        "sgaExpense": 279.2,
        "totalOperatingExpense": 502.3,
        "totalOtherIncomeExpenseNet": -1.2
      },
      {
        "costOfGoodsSold": 332,
        "depreciationAmortization": 50,
        "dilutedAverageSharesOutstanding": 171.1,
        "dilutedEPS": 0.27,
        "ebit": 88,
        "grossIncome": 599.3,
        "interestExpense": 32.6,
        "interestIncomeExpense": -32.6,
        "minorityInterest": -0.1,
        "netIncome": 46.8,
        "netIncomeAfterTaxes": 46.9,
        "nonRecurringItems": 0,
        "period": "2021-06-30",
        "pretaxIncome": 54.5,
        "provisionforIncomeTaxes": 7.6,
        "researchDevelopment": 172,
        "revenue": 931.3,
        "sgaExpense": 289.3,
        "totalOperatingExpense": 511.3,
        "totalOtherIncomeExpenseNet": -0.9
      },
      {
        "costOfGoodsSold": 321.2,
        "depreciationAmortization": 49,
        "dilutedAverageSharesOutstanding": 173.1,
        "dilutedEPS": 0.06,
        "ebit": 38,
        "grossIncome": 579.9,
        "interestExpense": 28.7,
        "interestIncomeExpense": -28.7,
        "minorityInterest": 0,
        "netIncome": 10.8,
        "netIncomeAfterTaxes": 10.8,
        "period": "2021-03-31",
        "pretaxIncome": 10,
        "provisionforIncomeTaxes": -0.8,
        "researchDevelopment": 186.4,
        "revenue": 901.1,
        "sgaExpense": 306.5,
        "totalOperatingExpense": 541.9,
        "totalOtherIncomeExpenseNet": 0.7
      },
      {
        "costOfGoodsSold": 301.9,
        "depreciationAmortization": 51.4,
        "dilutedAverageSharesOutstanding": 168.3,
        "dilutedEPS": 0.42,
        "ebit": 94.8,
        "grossIncome": 572,
        "interestExpense": 26.8,
        "interestIncomeExpense": -26.8,
        "minorityInterest": -0.3,
        "netIncome": 70.5,
        "netIncomeAfterTaxes": 70.8,
        "nonRecurringItems": -2.3,
        "period": "2020-12-31",
        "pretaxIncome": 65.4,
        "provisionforIncomeTaxes": -5.4,
        "researchDevelopment": 148.6,
        "revenue": 873.9,
        "sgaExpense": 277.2,
        "totalOperatingExpense": 477.2,
        "totalOtherIncomeExpenseNet": -0.3
      },
      {
        "costOfGoodsSold": 290.2,
        "depreciationAmortization": 50.7,
        "dilutedAverageSharesOutstanding": 171.4,
        "dilutedEPS": 0.38,
        "ebit": 97.2,
        "grossIncome": 554.2,
        "interestExpense": 23.9,
        "interestIncomeExpense": -23.9,
        "minorityInterest": -0.4,
        "netIncome": 64.7,
        "netIncomeAfterTaxes": 65.1,
        "nonRecurringItems": -4.8,
        "period": "2020-09-30",
        "pretaxIncome": 69.7,
        "provisionforIncomeTaxes": 4.6,
        "researchDevelopment": 141.4,
        "revenue": 844.4,
        "sgaExpense": 264.9,
        "totalOperatingExpense": 457,
        "totalOtherIncomeExpenseNet": 1.2
      },
      {
        "costOfGoodsSold": 289.4,
        "depreciationAmortization": 48.4,
        "dilutedAverageSharesOutstanding": 165.8,
        "dilutedEPS": -4.06,
        "ebit": 22.9,
        "grossIncome": 517,
        "interestExpense": 19.4,
        "interestIncomeExpense": -19.4,
        "minorityInterest": 0,
        "netIncome": -673.2,
        "netIncomeAfterTaxes": -673.2,
        "nonRecurringItems": 0,
        "period": "2020-06-30",
        "pretaxIncome": -672.3,
        "provisionforIncomeTaxes": 0.9,
        "researchDevelopment": 135.9,
        "revenue": 806.4,
        "sgaExpense": 309.8,
        "totalOperatingExpense": 494.1,
        "totalOtherIncomeExpenseNet": -675.8
      },
      {
        "costOfGoodsSold": 277.1,
        "depreciationAmortization": 52.2,
        "dilutedAverageSharesOutstanding": 177.9,
        "dilutedEPS": 0.24,
        "ebit": 67.3,
        "grossIncome": 514.9,
        "interestExpense": 21.2,
        "interestIncomeExpense": -21.2,
        "minorityInterest": -0.3,
        "netIncome": 42.9,
        "netIncomeAfterTaxes": 43.2,
        "nonRecurringItems": -2.9,
        "period": "2020-03-31",
        "pretaxIncome": 41.8,
        "provisionforIncomeTaxes": -1.4,
        "researchDevelopment": 134.5,
        "revenue": 792,
        "sgaExpense": 260.9,
        "totalOperatingExpense": 447.6,
        "totalOtherIncomeExpenseNet": -1.4
      },
      {
        "costOfGoodsSold": 270.8,
        "depreciationAmortization": 48.8,
        "dilutedAverageSharesOutstanding": 178.1,
        "dilutedEPS": 0.34,
        "ebit": 73.5,
        "grossIncome": 509.6,
        "interestExpense": 21.7,
        "interestIncomeExpense": -21.7,
        "minorityInterest": -0.6,
        "netIncome": 60.5,
        "netIncomeAfterTaxes": 61.1,
        "nonRecurringItems": -0.3,
        "period": "2019-12-31",
        "pretaxIncome": 56.5,
        "provisionforIncomeTaxes": -4.6,
        "researchDevelopment": 125,
        "revenue": 780.4,
        "sgaExpense": 262.3,
        "totalOperatingExpense": 436.1,
        "totalOtherIncomeExpenseNet": 5
      },
      {
        "costOfGoodsSold": 265,
        "depreciationAmortization": 49.9,
        "dilutedAverageSharesOutstanding": 181.7,
        "dilutedEPS": 0.42,
        "ebit": 91.4,
        "grossIncome": 495.5,
        "interestExpense": 22.9,
        "interestIncomeExpense": -22.9,
        "minorityInterest": -0.6,
        "netIncome": 76.2,
        "netIncomeAfterTaxes": 76.8,
        "nonRecurringItems": 0,
        "period": "2019-09-30",
        "pretaxIncome": 74.1,
        "provisionforIncomeTaxes": -2.7,
        "researchDevelopment": 116.4,
        "revenue": 760.5,
        "sgaExpense": 237.8,
        "totalOperatingExpense": 404.1,
        "totalOtherIncomeExpenseNet": 5.6
      },
      {
        "costOfGoodsSold": 254.6,
        "depreciationAmortization": 53.8,
        "dilutedAverageSharesOutstanding": 176,
        "dilutedEPS": -0.07,
        "ebit": 37,
        "grossIncome": 482.6,
        "interestExpense": 23.1,
        "interestIncomeExpense": -23.1,
        "minorityInterest": 0.1,
        "netIncome": -12.6,
        "netIncomeAfterTaxes": -12.7,
        "nonRecurringItems": -32.6,
        "period": "2019-06-30",
        "pretaxIncome": -13.5,
        "provisionforIncomeTaxes": -0.8,
        "researchDevelopment": 127.2,
        "revenue": 737.2,
        "sgaExpense": 264.6,
        "totalOperatingExpense": 445.6,
        "totalOtherIncomeExpenseNet": 5.2
      },
      {
        "costOfGoodsSold": 236.4,
        "depreciationAmortization": 57.2,
        "dilutedAverageSharesOutstanding": 183.1,
        "dilutedEPS": 0.07,
        "ebit": 18.8,
        "grossIncome": 473.6,
        "interestExpense": 24.4,
        "interestIncomeExpense": -24.4,
        "minorityInterest": -0.3,
        "netIncome": 12.9,
        "netIncomeAfterTaxes": 13.2,
        "period": "2019-03-31",
        "pretaxIncome": 9.3,
        "provisionforIncomeTaxes": -3.9,
        "researchDevelopment": 124,
        "revenue": 710,
        "sgaExpense": 273.6,
        "totalOperatingExpense": 454.8,
        "totalOtherIncomeExpenseNet": 14.9
      },
      {
        "costOfGoodsSold": 230.4,
        "depreciationAmortization": 58,
        "dilutedAverageSharesOutstanding": 182.6,
        "dilutedEPS": 0.23,
        "ebit": 41.8,
        "grossIncome": 465.4,
        "interestExpense": 24.9,
        "interestIncomeExpense": -24.9,
        "minorityInterest": -1,
        "netIncome": 42.5,
        "netIncomeAfterTaxes": 43.5,
        "nonRecurringItems": 0,
        "period": "2018-12-31",
        "pretaxIncome": 36.9,
        "provisionforIncomeTaxes": -6.6,
        "researchDevelopment": 114.7,
        "revenue": 695.8,
        "sgaExpense": 250.9,
        "totalOperatingExpense": 423.6,
        "totalOtherIncomeExpenseNet": 20
      },
      {
        "costOfGoodsSold": 226.9,
        "depreciationAmortization": 61.3,
        "dilutedAverageSharesOutstanding": 182.4,
        "dilutedEPS": 0.07,
        "ebit": 37.5,
        "grossIncome": 452.6,
        "interestExpense": 25,
        "interestIncomeExpense": -25,
        "minorityInterest": -0.9,
        "netIncome": 13.2,
        "netIncomeAfterTaxes": 14.1,
        "nonRecurringItems": 0,
        "period": "2018-09-30",
        "pretaxIncome": 13.2,
        "provisionforIncomeTaxes": -0.9,
        "researchDevelopment": 112.2,
        "revenue": 679.5,
        "sgaExpense": 241.6,
        "totalOperatingExpense": 415.1,
        "totalOtherIncomeExpenseNet": 0.7
      },
      {
        "costOfGoodsSold": 221.3,
        "depreciationAmortization": 57,
        "dilutedAverageSharesOutstanding": 180.9,
        "dilutedEPS": 0.1,
        "ebit": 43.5,
        "grossIncome": 430.3,
        "interestExpense": 24.7,
        "interestIncomeExpense": -24.7,
        "minorityInterest": -2.1,
        "netIncome": 18.1,
        "netIncomeAfterTaxes": 20.2,
        "nonRecurringItems": 0,
        "period": "2018-06-30",
        "pretaxIncome": 19,
        "provisionforIncomeTaxes": -1.2,
        "researchDevelopment": 105.1,
        "revenue": 651.6,
        "sgaExpense": 224.7,
        "totalOperatingExpense": 386.8,
        "totalOtherIncomeExpenseNet": 0.2
      },
      {
        "costOfGoodsSold": 215.3,
        "depreciationAmortization": 57.8,
        "dilutedAverageSharesOutstanding": 178.8,
        "dilutedEPS": 0.02,
        "ebit": 26.8,
        "grossIncome": 417.9,
        "interestExpense": 23.8,
        "interestIncomeExpense": -23.8,
        "minorityInterest": -0.9,
        "netIncome": 3.3,
        "netIncomeAfterTaxes": 4.2,
        "nonRecurringItems": 0,
        "period": "2018-03-31",
        "pretaxIncome": 3.9,
        "provisionforIncomeTaxes": -0.3,
        "researchDevelopment": 102,
        "revenue": 633.2,
        "sgaExpense": 231.3,
        "totalOperatingExpense": 391.1,
        "totalOtherIncomeExpenseNet": 0.9
      },
      {
        "costOfGoodsSold": 202,
        "depreciationAmortization": 58.7,
        "dilutedAverageSharesOutstanding": 177.2,
        "dilutedEPS": 0.52,
        "ebit": 23,
        "grossIncome": 400.2,
        "interestExpense": 23.8,
        "interestIncomeExpense": -23.8,
        "minorityInterest": -2.2,
        "netIncome": 92.6,
        "netIncomeAfterTaxes": 90.4,
        "nonRecurringItems": -0.3,
        "period": "2017-12-31",
        "pretaxIncome": 86,
        "provisionforIncomeTaxes": -4.4,
        "researchDevelopment": 94.5,
        "revenue": 602.2,
        "sgaExpense": 224,
        "totalOperatingExpense": 377.2,
        "totalOtherIncomeExpenseNet": 87.1
      },
      {
        "costOfGoodsSold": 200.3,
        "depreciationAmortization": 60,
        "dilutedAverageSharesOutstanding": 114.8,
        "dilutedEPS": 0.19,
        "ebit": 32.1,
        "grossIncome": 381.9,
        "interestExpense": 24.4,
        "interestIncomeExpense": -24.4,
        "minorityInterest": -7.6,
        "netIncome": 22.4,
        "netIncomeAfterTaxes": 7.1,
        "nonRecurringItems": -5.3,
        "period": "2017-09-30",
        "pretaxIncome": 4.1,
        "provisionforIncomeTaxes": -3,
        "researchDevelopment": 91,
        "revenue": 582.2,
        "sgaExpense": 198.8,
        "totalOperatingExpense": 349.8,
        "totalOtherIncomeExpenseNet": 1.7
      },
      {
        "costOfGoodsSold": 196.4,
        "depreciationAmortization": 55.5,
        "dilutedAverageSharesOutstanding": 176.7,
        "dilutedEPS": 0.11,
        "ebit": 6.1,
        "grossIncome": 361.4,
        "interestExpense": 22,
        "interestIncomeExpense": -22,
        "minorityInterest": 2.7,
        "netIncome": 20.8,
        "netIncomeAfterTaxes": 23.4,
        "nonRecurringItems": 0,
        "period": "2017-06-30",
        "pretaxIncome": 18.8,
        "provisionforIncomeTaxes": -4.6,
        "researchDevelopment": 90.1,
        "revenue": 557.8,
        "sgaExpense": 209.7,
        "totalOperatingExpense": 355.3,
        "totalOtherIncomeExpenseNet": 34.7
      },
      {
        "costOfGoodsSold": 176.8,
        "depreciationAmortization": 31.6,
        "dilutedAverageSharesOutstanding": 100.2,
        "dilutedEPS": 0.01,
        "ebit": 5.7,
        "grossIncome": 312.9,
        "interestExpense": 12.8,
        "interestIncomeExpense": -12.8,
        "minorityInterest": 3.7,
        "netIncome": 0.6,
        "netIncomeAfterTaxes": -3.1,
        "nonRecurringItems": -1.7,
        "period": "2017-03-31",
        "pretaxIncome": -2.1,
        "provisionforIncomeTaxes": 1,
        "researchDevelopment": 80.2,
        "revenue": 489.7,
        "sgaExpense": 195.4,
        "totalOperatingExpense": 307.2,
        "totalOtherIncomeExpenseNet": 6.7
      },
      {
        "costOfGoodsSold": 172.1,
        "depreciationAmortization": 38.5,
        "dilutedAverageSharesOutstanding": 87.8,
        "dilutedEPS": -0.02,
        "ebit": 17.9,
        "grossIncome": 313.8,
        "interestExpense": 14.2,
        "interestIncomeExpense": -14.2,
        "minorityInterest": -1.1,
        "netIncome": -1.9,
        "netIncomeAfterTaxes": -0.8,
        "nonRecurringItems": 0,
        "period": "2016-12-31",
        "pretaxIncome": -0.5,
        "provisionforIncomeTaxes": 0.3,
        "researchDevelopment": 73.6,
        "revenue": 485.9,
        "sgaExpense": 183.8,
        "totalOperatingExpense": 295.9,
        "totalOtherIncomeExpenseNet": -4.2
      },
      {
        "costOfGoodsSold": 169.2,
        "depreciationAmortization": 43.4,
        "dilutedAverageSharesOutstanding": 96.7,
        "dilutedEPS": 0.05,
        "ebit": 21.2,
        "grossIncome": 302.9,
        "interestExpense": 14.4,
        "interestIncomeExpense": -14.4,
        "minorityInterest": -3.5,
        "netIncome": 4.8,
        "netIncomeAfterTaxes": 8.3,
        "nonRecurringItems": 0,
        "period": "2016-09-30",
        "pretaxIncome": 7.4,
        "provisionforIncomeTaxes": -0.9,
        "researchDevelopment": 72.3,
        "revenue": 472.1,
        "sgaExpense": 166,
        "totalOperatingExpense": 281.7,
        "totalOtherIncomeExpenseNet": 0.6
      },
      {
        "costOfGoodsSold": 162.1,
        "depreciationAmortization": 39.3,
        "dilutedAverageSharesOutstanding": 79.9,
        "dilutedEPS": -0.11,
        "ebit": 9.7,
        "grossIncome": 294.1,
        "interestExpense": 14.3,
        "interestIncomeExpense": -14.3,
        "minorityInterest": 2.2,
        "netIncome": -8.9,
        "netIncomeAfterTaxes": -11.1,
        "nonRecurringItems": 0,
        "period": "2016-06-30",
        "pretaxIncome": -11.5,
        "provisionforIncomeTaxes": -0.4,
        "researchDevelopment": 70.2,
        "revenue": 456.2,
        "sgaExpense": 174.9,
        "totalOperatingExpense": 284.4,
        "totalOtherIncomeExpenseNet": -6.9
      },
      {
        "costOfGoodsSold": 154.4,
        "depreciationAmortization": 38.9,
        "dilutedAverageSharesOutstanding": 67.8,
        "dilutedEPS": -0.15,
        "ebit": 1.3,
        "grossIncome": 279.3,
        "interestExpense": 14.3,
        "interestIncomeExpense": -14.3,
        "minorityInterest": 7.8,
        "netIncome": -10.5,
        "netIncomeAfterTaxes": -18.3,
        "period": "2016-03-31",
        "pretaxIncome": -16.9,
        "provisionforIncomeTaxes": 1.4,
        "researchDevelopment": 71.7,
        "revenue": 433.7,
        "sgaExpense": 167.4,
        "totalOperatingExpense": 278,
        "totalOtherIncomeExpenseNet": -3.9
      },
      {
        "costOfGoodsSold": 145,
        "depreciationAmortization": 42.4,
        "dilutedAverageSharesOutstanding": 66.2,
        "dilutedEPS": 0,
        "ebit": 12.8,
        "grossIncome": 280.4,
        "interestExpense": 14.5,
        "interestIncomeExpense": -14.5,
        "minorityInterest": 0.6,
        "netIncome": 0.1,
        "netIncomeAfterTaxes": -0.5,
        "nonRecurringItems": 0,
        "period": "2015-12-31",
        "pretaxIncome": -1.4,
        "provisionforIncomeTaxes": -0.9,
        "researchDevelopment": 67.4,
        "revenue": 425.4,
        "sgaExpense": 157.8,
        "totalOperatingExpense": 267.6,
        "totalOtherIncomeExpenseNet": 0.3
      },
      {
        "costOfGoodsSold": 144,
        "depreciationAmortization": 40.6,
        "dilutedAverageSharesOutstanding": 65,
        "dilutedEPS": -0.04,
        "ebit": 10.3,
        "grossIncome": 267.1,
        "interestExpense": 14.6,
        "interestIncomeExpense": -14.6,
        "minorityInterest": 2.7,
        "netIncome": -2.5,
        "netIncomeAfterTaxes": -5.2,
        "nonRecurringItems": 0,
        "period": "2015-09-30",
        "pretaxIncome": -4.3,
        "provisionforIncomeTaxes": 0.9,
        "researchDevelopment": 67.5,
        "revenue": 411.1,
        "sgaExpense": 148.7,
        "totalOperatingExpense": 256.8,
        "totalOtherIncomeExpenseNet": 0
      }
    ],
    "symbol": "GDDY"
  }
}