{
  "symbol": "MTD",
  "statement": "ic",
  "frequency": "quarterly",
  "timestamp": "2025-09-19T14:03:56.656896",
  "data": {
    "financials": [
      {
        "costOfGoodsSold": 403.345,
        "depreciationAmortization": 17.581,
        "dilutedAverageSharesOutstanding": 20.7387,
        "dilutedEPS": 9.757,
        "ebit": 268.993,
        "grossIncome": 579.876,
        "interestExpense": 16.779,
        "interestIncomeExpense": -16.779,
        "netIncome": 202.348,
        "netIncomeAfterTaxes": 202.348,
        "nonRecurringItems": -3.557,
        "otherOperatingExpensesTotal": -3.281,
        "period": "2025-06-30",
        "pretaxIncome": 248.657,
        "provisionforIncomeTaxes": 46.309,
        "researchDevelopment": 49.285,
        "revenue": 983.221,
        "sgaExpense": 247.298,
        "totalOperatingExpense": 310.883
      },
      {
        "costOfGoodsSold": 357.865,
        "depreciationAmortization": 17.193,
        "dilutedAverageSharesOutstanding": 20.9452,
        "dilutedEPS": 7.8102,
        "ebit": 222.362,
        "grossIncome": 525.879,
        "interestExpense": 16.653,
        "interestIncomeExpense": -16.653,
        "netIncome": 163.587,
        "netIncomeAfterTaxes": 163.587,
        "nonRecurringItems": -3.767,
        "otherOperatingExpensesTotal": -2.821,
        "period": "2025-03-31",
        "pretaxIncome": 201.942,
        "provisionforIncomeTaxes": 38.355,
        "researchDevelopment": 46.346,
        "revenue": 883.744,
        "sgaExpense": 242.799,
        "totalOperatingExpense": 303.517
      },
      {
        "costOfGoodsSold": 405.812,
        "depreciationAmortization": 18.22,
        "dilutedAverageSharesOutstanding": 21.0932,
        "dilutedEPS": 11.9613,
        "ebit": 334.844,
        "grossIncome": 639.315,
        "interestExpense": 17.85,
        "interestIncomeExpense": -17.85,
        "netIncome": 252.301,
        "netIncomeAfterTaxes": 252.301,
        "nonRecurringItems": -2.447,
        "otherOperatingExpensesTotal": -1.143,
        "period": "2024-12-31",
        "pretaxIncome": 314.547,
        "provisionforIncomeTaxes": 62.246,
        "researchDevelopment": 50.054,
        "revenue": 1045.127,
        "sgaExpense": 237.34,
        "totalOperatingExpense": 304.471
      },
      {
        "costOfGoodsSold": 382.068,
        "depreciationAmortization": 18.243,
        "dilutedAverageSharesOutstanding": 21.2423,
        "dilutedEPS": 9.9573,
        "ebit": 280.182,
        "grossIncome": 572.467,
        "interestExpense": 18.599,
        "interestIncomeExpense": -18.599,
        "netIncome": 211.516,
        "netIncomeAfterTaxes": 211.516,
        "nonRecurringItems": -2.631,
        "otherOperatingExpensesTotal": -1.852,
        "period": "2024-09-30",
        "pretaxIncome": 258.952,
        "provisionforIncomeTaxes": 47.436,
        "researchDevelopment": 47.117,
        "revenue": 954.535,
        "sgaExpense": 228.777,
        "totalOperatingExpense": 292.285
      },
      {
        "costOfGoodsSold": 381.082,
        "depreciationAmortization": 18.178,
        "dilutedAverageSharesOutstanding": 21.3926,
        "dilutedEPS": 10.3688,
        "ebit": 267.456,
        "grossIncome": 565.668,
        "interestExpense": 18.95,
        "interestIncomeExpense": -18.95,
        "netIncome": 221.814,
        "netIncomeAfterTaxes": 221.814,
        "nonRecurringItems": -5.329,
        "otherOperatingExpensesTotal": -1.533,
        "period": "2024-06-30",
        "pretaxIncome": 243.177,
        "provisionforIncomeTaxes": 21.363,
        "researchDevelopment": 45.771,
        "revenue": 946.75,
        "sgaExpense": 235.796,
        "totalOperatingExpense": 298.212
      },
      {
        "costOfGoodsSold": 377.816,
        "depreciationAmortization": 18.228,
        "dilutedAverageSharesOutstanding": 21.5433,
        "dilutedEPS": 8.2396,
        "ebit": 249.443,
        "grossIncome": 548.133,
        "interestExpense": 19.232,
        "interestIncomeExpense": -19.232,
        "netIncome": 177.509,
        "netIncomeAfterTaxes": 177.509,
        "nonRecurringItems": -9.664,
        "otherOperatingExpensesTotal": -0.343,
        "period": "2024-03-31",
        "pretaxIncome": 220.547,
        "provisionforIncomeTaxes": 43.038,
        "researchDevelopment": 46.415,
        "revenue": 925.949,
        "sgaExpense": 234.39,
        "totalOperatingExpense": 298.69
      },
      {
        "costOfGoodsSold": 383.354,
        "depreciationAmortization": 18.078,
        "dilutedAverageSharesOutstanding": 21.6839,
        "dilutedEPS": 8.5222,
        "ebit": 265.266,
        "grossIncome": 551.638,
        "interestExpense": 19.655,
        "interestIncomeExpense": -19.655,
        "netIncome": 184.794,
        "netIncomeAfterTaxes": 184.794,
        "nonRecurringItems": -13.055,
        "otherOperatingExpensesTotal": -1.568,
        "period": "2023-12-31",
        "pretaxIncome": 232.556,
        "provisionforIncomeTaxes": 47.762,
        "researchDevelopment": 46.435,
        "revenue": 934.992,
        "sgaExpense": 223.427,
        "totalOperatingExpense": 286.372
      },
      {
        "costOfGoodsSold": 382.9,
        "depreciationAmortization": 18.3,
        "dilutedAverageSharesOutstanding": 21.9,
        "dilutedEPS": 9.21,
        "ebit": 278.9,
        "grossIncome": 559.5,
        "interestExpense": 20.278,
        "interestIncomeExpense": -20.3,
        "netIncome": 201.6,
        "netIncomeAfterTaxes": 201.6,
        "nonRecurringItems": -7.4,
        "otherOperatingExpensesTotal": -1.2,
        "period": "2023-09-30",
        "pretaxIncome": 251.2,
        "provisionforIncomeTaxes": 49.5,
        "researchDevelopment": 46.1,
        "revenue": 942.5,
        "sgaExpense": 217.4,
        "totalOperatingExpense": 280.7
      },
      {
        "costOfGoodsSold": 398.6,
        "depreciationAmortization": 18,
        "dilutedAverageSharesOutstanding": 22.1,
        "dilutedEPS": 9.69,
        "ebit": 290.6,
        "grossIncome": 583.5,
        "interestExpense": 19.249,
        "interestIncomeExpense": -19.2,
        "netIncome": 213.9,
        "netIncomeAfterTaxes": 213.9,
        "nonRecurringItems": -8,
        "otherOperatingExpensesTotal": -1,
        "period": "2023-06-30",
        "pretaxIncome": 263.4,
        "provisionforIncomeTaxes": 49.5,
        "researchDevelopment": 47.2,
        "revenue": 982.1,
        "sgaExpense": 228.6,
        "totalOperatingExpense": 292.9
      },
      {
        "costOfGoodsSold": 382.2,
        "depreciationAmortization": 17.8,
        "dilutedAverageSharesOutstanding": 22.3,
        "dilutedEPS": 8.44,
        "ebit": 249.1,
        "grossIncome": 546.6,
        "interestExpense": 18.184,
        "interestIncomeExpense": -18.2,
        "netIncome": 188.4,
        "netIncomeAfterTaxes": 188.4,
        "nonRecurringItems": -4.3,
        "otherOperatingExpensesTotal": -0.4,
        "period": "2023-03-31",
        "pretaxIncome": 226.6,
        "provisionforIncomeTaxes": 38.2,
        "researchDevelopment": 45.5,
        "revenue": 928.7,
        "sgaExpense": 234.6,
        "totalOperatingExpense": 297.4
      },
      {
        "costOfGoodsSold": 425.5,
        "depreciationAmortization": 16.5,
        "dilutedAverageSharesOutstanding": 22.4,
        "dilutedEPS": 11.86,
        "ebit": 343.8,
        "grossIncome": 632.1,
        "interestExpense": 16.805,
        "interestIncomeExpense": -16.8,
        "netIncome": 265.8,
        "netIncomeAfterTaxes": 265.8,
        "nonRecurringItems": -2,
        "otherOperatingExpensesTotal": -1.7,
        "period": "2022-12-31",
        "pretaxIncome": 325,
        "provisionforIncomeTaxes": 59.2,
        "researchDevelopment": 45.9,
        "revenue": 1057.7,
        "sgaExpense": 227.6,
        "totalOperatingExpense": 288.4
      },
      {
        "costOfGoodsSold": 401.2,
        "depreciationAmortization": 16.7,
        "dilutedAverageSharesOutstanding": 22.6,
        "dilutedEPS": 9.76,
        "ebit": 292.4,
        "grossIncome": 584.7,
        "interestExpense": 14.484,
        "interestIncomeExpense": -14.5,
        "netIncome": 220.6,
        "netIncomeAfterTaxes": 220.6,
        "nonRecurringItems": -2,
        "otherOperatingExpensesTotal": -1.9,
        "period": "2022-09-30",
        "pretaxIncome": 275.9,
        "provisionforIncomeTaxes": 55.3,
        "researchDevelopment": 44.1,
        "revenue": 985.8,
        "sgaExpense": 233.4,
        "totalOperatingExpense": 292.3
      },
      {
        "costOfGoodsSold": 406.7,
        "depreciationAmortization": 16.4,
        "dilutedAverageSharesOutstanding": 22.8,
        "dilutedEPS": 9.29,
        "ebit": 271.8,
        "grossIncome": 571.7,
        "interestExpense": 12.765,
        "interestIncomeExpense": -12.8,
        "netIncome": 212.1,
        "netIncomeAfterTaxes": 212.1,
        "nonRecurringItems": -2.3,
        "otherOperatingExpensesTotal": -2.7,
        "period": "2022-06-30",
        "pretaxIncome": 256.7,
        "provisionforIncomeTaxes": 44.6,
        "researchDevelopment": 44,
        "revenue": 978.4,
        "sgaExpense": 242.2,
        "totalOperatingExpense": 299.9
      },
      {
        "costOfGoodsSold": 378.2,
        "depreciationAmortization": 16.6,
        "dilutedAverageSharesOutstanding": 23,
        "dilutedEPS": 7.55,
        "ebit": 228.8,
        "grossIncome": 519.6,
        "interestExpense": 11.338,
        "interestIncomeExpense": -11.3,
        "netIncome": 174,
        "netIncomeAfterTaxes": 174,
        "nonRecurringItems": -4.5,
        "otherOperatingExpensesTotal": -4.2,
        "period": "2022-03-31",
        "pretaxIncome": 213,
        "provisionforIncomeTaxes": 39,
        "researchDevelopment": 43,
        "revenue": 897.8,
        "sgaExpense": 235.3,
        "totalOperatingExpense": 290.8
      },
      {
        "costOfGoodsSold": 430.1,
        "depreciationAmortization": 16.9,
        "dilutedAverageSharesOutstanding": 23.2,
        "dilutedEPS": 9.94,
        "ebit": 300.6,
        "grossIncome": 607.1,
        "interestExpense": 11.541,
        "interestIncomeExpense": -11.5,
        "netIncome": 230.9,
        "netIncomeAfterTaxes": 230.9,
        "nonRecurringItems": -3.1,
        "otherOperatingExpensesTotal": 1.5,
        "period": "2021-12-31",
        "pretaxIncome": 286,
        "provisionforIncomeTaxes": 55.1,
        "researchDevelopment": 45.6,
        "revenue": 1037.2,
        "sgaExpense": 242.4,
        "totalOperatingExpense": 306.6
      },
      {
        "costOfGoodsSold": 396.1,
        "depreciationAmortization": 16,
        "dilutedAverageSharesOutstanding": 23.4,
        "dilutedEPS": 8.71,
        "ebit": 260.1,
        "grossIncome": 555.8,
        "interestExpense": 11.791,
        "interestIncomeExpense": -11.8,
        "netIncome": 203.7,
        "netIncomeAfterTaxes": 203.7,
        "nonRecurringItems": -0.7,
        "otherOperatingExpensesTotal": -3.3,
        "period": "2021-09-30",
        "pretaxIncome": 247.6,
        "provisionforIncomeTaxes": 43.9,
        "researchDevelopment": 42.3,
        "revenue": 952,
        "sgaExpense": 240.7,
        "totalOperatingExpense": 295.8
      },
      {
        "costOfGoodsSold": 387.4,
        "depreciationAmortization": 16.2,
        "dilutedAverageSharesOutstanding": 23.5,
        "dilutedEPS": 7.85,
        "ebit": 241.7,
        "grossIncome": 536.9,
        "interestExpense": 10.439,
        "interestIncomeExpense": -10.4,
        "netIncome": 184.8,
        "netIncomeAfterTaxes": 184.8,
        "nonRecurringItems": -0.9,
        "otherOperatingExpensesTotal": -2.7,
        "period": "2021-06-30",
        "pretaxIncome": 230.4,
        "provisionforIncomeTaxes": 45.6,
        "researchDevelopment": 42.6,
        "revenue": 924.4,
        "sgaExpense": 239,
        "totalOperatingExpense": 295.3
      },
      {
        "costOfGoodsSold": 332.7,
        "depreciationAmortization": 13.9,
        "dilutedAverageSharesOutstanding": 23.7,
        "dilutedEPS": 6.32,
        "ebit": 198.9,
        "grossIncome": 471.7,
        "interestExpense": 9.471,
        "interestIncomeExpense": -9.5,
        "netIncome": 149.7,
        "netIncomeAfterTaxes": 149.7,
        "nonRecurringItems": -4,
        "otherOperatingExpensesTotal": -2.1,
        "period": "2021-03-31",
        "pretaxIncome": 185.4,
        "provisionforIncomeTaxes": 35.8,
        "researchDevelopment": 39.3,
        "revenue": 804.4,
        "sgaExpense": 221.8,
        "totalOperatingExpense": 272.8
      },
      {
        "costOfGoodsSold": 378.9,
        "depreciationAmortization": 14.7,
        "dilutedAverageSharesOutstanding": 24,
        "dilutedEPS": 9.02,
        "ebit": 281.9,
        "grossIncome": 559,
        "interestExpense": 9.505,
        "interestIncomeExpense": -9.5,
        "netIncome": 216.3,
        "netIncomeAfterTaxes": 216.3,
        "nonRecurringItems": -3.2,
        "otherOperatingExpensesTotal": -3.7,
        "period": "2020-12-31",
        "pretaxIncome": 269.2,
        "provisionforIncomeTaxes": 52.9,
        "researchDevelopment": 39.9,
        "revenue": 938,
        "sgaExpense": 226.4,
        "totalOperatingExpense": 277.2
      },
      {
        "costOfGoodsSold": 337.7,
        "depreciationAmortization": 14.1,
        "dilutedAverageSharesOutstanding": 24.2,
        "dilutedEPS": 6.68,
        "ebit": 219.7,
        "grossIncome": 469.6,
        "interestExpense": 9.31,
        "interestIncomeExpense": -9.3,
        "netIncome": 161.8,
        "netIncomeAfterTaxes": 161.8,
        "nonRecurringItems": -4.6,
        "otherOperatingExpensesTotal": -3.8,
        "period": "2020-09-30",
        "pretaxIncome": 205.8,
        "provisionforIncomeTaxes": 44,
        "researchDevelopment": 34.7,
        "revenue": 807.4,
        "sgaExpense": 205,
        "totalOperatingExpense": 249.9
      },
      {
        "costOfGoodsSold": 292.7,
        "depreciationAmortization": 13.9,
        "dilutedAverageSharesOutstanding": 24.2,
        "dilutedEPS": 5.22,
        "ebit": 165.8,
        "grossIncome": 398,
        "interestExpense": 9.582,
        "interestIncomeExpense": -9.6,
        "netIncome": 126.6,
        "netIncomeAfterTaxes": 126.6,
        "nonRecurringItems": -0.9,
        "otherOperatingExpensesTotal": -2.9,
        "period": "2020-06-30",
        "pretaxIncome": 155.3,
        "provisionforIncomeTaxes": 28.7,
        "researchDevelopment": 31.2,
        "revenue": 690.7,
        "sgaExpense": 190.1,
        "totalOperatingExpense": 232.2
      },
      {
        "costOfGoodsSold": 274.8,
        "depreciationAmortization": 14,
        "dilutedAverageSharesOutstanding": 24.4,
        "dilutedEPS": 4.03,
        "ebit": 130.6,
        "grossIncome": 374.4,
        "interestExpense": 10.219,
        "interestIncomeExpense": -10.2,
        "netIncome": 98.1,
        "netIncomeAfterTaxes": 98.1,
        "nonRecurringItems": -1.9,
        "otherOperatingExpensesTotal": -3.3,
        "period": "2020-03-31",
        "pretaxIncome": 118.5,
        "provisionforIncomeTaxes": 20.4,
        "researchDevelopment": 34.4,
        "revenue": 649.2,
        "sgaExpense": 198.7,
        "totalOperatingExpense": 243.8
      },
      {
        "costOfGoodsSold": 345.7,
        "depreciationAmortization": 12.8,
        "dilutedAverageSharesOutstanding": 24.6,
        "dilutedEPS": 7.84,
        "ebit": 245.3,
        "grossIncome": 498.3,
        "interestExpense": 9.635,
        "interestIncomeExpense": -9.6,
        "netIncome": 192.7,
        "netIncomeAfterTaxes": 192.7,
        "nonRecurringItems": -4.6,
        "otherOperatingExpensesTotal": -1.9,
        "period": "2019-12-31",
        "pretaxIncome": 231.1,
        "provisionforIncomeTaxes": 38.4,
        "researchDevelopment": 35.3,
        "revenue": 844,
        "sgaExpense": 206.7,
        "totalOperatingExpense": 252.9
      },
      {
        "costOfGoodsSold": 318.8,
        "depreciationAmortization": 12.3,
        "dilutedAverageSharesOutstanding": 24.9,
        "dilutedEPS": 5.2,
        "ebit": 185.9,
        "grossIncome": 435.1,
        "interestExpense": 9.8,
        "interestIncomeExpense": -9.8,
        "netIncome": 129.4,
        "netIncomeAfterTaxes": 129.4,
        "nonRecurringItems": -6.7,
        "otherOperatingExpensesTotal": -2,
        "period": "2019-09-30",
        "pretaxIncome": 169.4,
        "provisionforIncomeTaxes": 40,
        "researchDevelopment": 36,
        "revenue": 753.9,
        "sgaExpense": 202.8,
        "totalOperatingExpense": 249.2
      },
      {
        "costOfGoodsSold": 311.8,
        "depreciationAmortization": 12.3,
        "dilutedAverageSharesOutstanding": 25.1,
        "dilutedEPS": 5.06,
        "ebit": 167,
        "grossIncome": 419.5,
        "interestExpense": 8.882,
        "interestIncomeExpense": -8.9,
        "netIncome": 127.2,
        "netIncomeAfterTaxes": 127.2,
        "nonRecurringItems": -2.9,
        "otherOperatingExpensesTotal": -1.6,
        "period": "2019-06-30",
        "pretaxIncome": 155.2,
        "provisionforIncomeTaxes": 28.1,
        "researchDevelopment": 36.6,
        "revenue": 731.4,
        "sgaExpense": 205.2,
        "totalOperatingExpense": 252.6
      },
      {
        "costOfGoodsSold": 291.1,
        "depreciationAmortization": 12.2,
        "dilutedAverageSharesOutstanding": 25.3,
        "dilutedEPS": 4.42,
        "ebit": 136.3,
        "grossIncome": 388.3,
        "interestExpense": 9.094,
        "interestIncomeExpense": -9.1,
        "netIncome": 111.8,
        "netIncomeAfterTaxes": 111.8,
        "nonRecurringItems": -1.5,
        "otherOperatingExpensesTotal": -0.7,
        "period": "2019-03-31",
        "pretaxIncome": 125.7,
        "provisionforIncomeTaxes": 13.9,
        "researchDevelopment": 36.1,
        "revenue": 679.5,
        "sgaExpense": 204.4,
        "totalOperatingExpense": 252.1
      },
      {
        "costOfGoodsSold": 340.4,
        "depreciationAmortization": 12,
        "dilutedAverageSharesOutstanding": 25.5,
        "dilutedEPS": 7.1,
        "ebit": 228.1,
        "grossIncome": 477.6,
        "interestExpense": 8.84,
        "interestIncomeExpense": -8.8,
        "netIncome": 181.2,
        "netIncomeAfterTaxes": 184.8,
        "nonRecurringItems": 11.2,
        "otherOperatingExpensesTotal": -0.3,
        "period": "2018-12-31",
        "pretaxIncome": 230.5,
        "provisionforIncomeTaxes": 45.7,
        "researchDevelopment": 36.2,
        "revenue": 817.9,
        "sgaExpense": 201.7,
        "totalOperatingExpense": 249.5
      },
      {
        "costOfGoodsSold": 315.6,
        "depreciationAmortization": 11.9,
        "dilutedAverageSharesOutstanding": 25.7,
        "dilutedEPS": 4.93,
        "ebit": 171.6,
        "grossIncome": 419.3,
        "interestExpense": 9.003,
        "interestIncomeExpense": -9,
        "netIncome": 126.7,
        "netIncomeAfterTaxes": 126.7,
        "nonRecurringItems": -2.2,
        "otherOperatingExpensesTotal": -1.5,
        "period": "2018-09-30",
        "pretaxIncome": 160.4,
        "provisionforIncomeTaxes": 33.7,
        "researchDevelopment": 34.8,
        "revenue": 734.8,
        "sgaExpense": 202.5,
        "totalOperatingExpense": 247.7
      },
      {
        "costOfGoodsSold": 309.4,
        "depreciationAmortization": 12,
        "dilutedAverageSharesOutstanding": 25.9,
        "dilutedEPS": 4.31,
        "ebit": 159.2,
        "grossIncome": 412.6,
        "interestExpense": 8.309,
        "interestIncomeExpense": -8.3,
        "netIncome": 111.5,
        "netIncomeAfterTaxes": 111.5,
        "nonRecurringItems": -7.3,
        "otherOperatingExpensesTotal": -1.9,
        "period": "2018-06-30",
        "pretaxIncome": 143.6,
        "provisionforIncomeTaxes": 32.1,
        "researchDevelopment": 35.3,
        "revenue": 722,
        "sgaExpense": 208,
        "totalOperatingExpense": 253.4
      },
      {
        "costOfGoodsSold": 285.9,
        "depreciationAmortization": 11.7,
        "dilutedAverageSharesOutstanding": 26.1,
        "dilutedEPS": 3.58,
        "ebit": 130.2,
        "grossIncome": 374.9,
        "interestExpense": 8.359,
        "interestIncomeExpense": -8.4,
        "netIncome": 93.3,
        "netIncomeAfterTaxes": 93.3,
        "nonRecurringItems": -4.4,
        "otherOperatingExpensesTotal": -2.4,
        "period": "2018-03-31",
        "pretaxIncome": 117.4,
        "provisionforIncomeTaxes": 24.1,
        "researchDevelopment": 34.7,
        "revenue": 660.8,
        "sgaExpense": 200.7,
        "totalOperatingExpense": 244.7
      },
      {
        "costOfGoodsSold": 322.3,
        "depreciationAmortization": 11.7,
        "dilutedAverageSharesOutstanding": 26.2,
        "dilutedEPS": 2.93,
        "ebit": 206.4,
        "grossIncome": 455.8,
        "interestExpense": 8.625,
        "interestIncomeExpense": -8.6,
        "netIncome": 77,
        "netIncomeAfterTaxes": 149,
        "nonRecurringItems": -3.9,
        "otherOperatingExpensesTotal": -1.2,
        "period": "2017-12-31",
        "pretaxIncome": 193.9,
        "provisionforIncomeTaxes": 44.9,
        "researchDevelopment": 32.3,
        "revenue": 778,
        "sgaExpense": 206.5,
        "totalOperatingExpense": 249.3
      },
      {
        "costOfGoodsSold": 297.8,
        "depreciationAmortization": 10.7,
        "dilutedAverageSharesOutstanding": 26.3,
        "dilutedEPS": 3.99,
        "ebit": 151.2,
        "grossIncome": 401,
        "interestExpense": 8.248,
        "interestIncomeExpense": -8.2,
        "netIncome": 105,
        "netIncomeAfterTaxes": 105,
        "nonRecurringItems": -3.4,
        "otherOperatingExpensesTotal": -0.2,
        "period": "2017-09-30",
        "pretaxIncome": 139.6,
        "provisionforIncomeTaxes": 34.7,
        "researchDevelopment": 32.2,
        "revenue": 698.8,
        "sgaExpense": 207,
        "totalOperatingExpense": 249.8
      },
      {
        "costOfGoodsSold": 278.7,
        "depreciationAmortization": 10.2,
        "dilutedAverageSharesOutstanding": 26.4,
        "dilutedEPS": 3.84,
        "ebit": 139,
        "grossIncome": 374.9,
        "interestExpense": 8.171,
        "interestIncomeExpense": -8.2,
        "netIncome": 101.6,
        "netIncomeAfterTaxes": 101.6,
        "nonRecurringItems": -4,
        "otherOperatingExpensesTotal": -0.7,
        "period": "2017-06-30",
        "pretaxIncome": 126.8,
        "provisionforIncomeTaxes": 25.3,
        "researchDevelopment": 32.9,
        "revenue": 653.7,
        "sgaExpense": 193.5,
        "totalOperatingExpense": 235.9
      },
      {
        "costOfGoodsSold": 251.2,
        "depreciationAmortization": 10,
        "dilutedAverageSharesOutstanding": 26.6,
        "dilutedEPS": 3.48,
        "ebit": 122.9,
        "grossIncome": 343.4,
        "interestExpense": 7.741,
        "interestIncomeExpense": -7.7,
        "netIncome": 92.5,
        "netIncomeAfterTaxes": 92.5,
        "nonRecurringItems": -1.4,
        "otherOperatingExpensesTotal": -6.5,
        "period": "2017-03-31",
        "pretaxIncome": 113.8,
        "provisionforIncomeTaxes": 21.4,
        "researchDevelopment": 31.2,
        "revenue": 594.6,
        "sgaExpense": 185.7,
        "totalOperatingExpense": 220.4
      },
      {
        "costOfGoodsSold": 288.9,
        "depreciationAmortization": 9.9,
        "dilutedAverageSharesOutstanding": 26.6,
        "dilutedEPS": 5.17,
        "ebit": 190.4,
        "grossIncome": 420.8,
        "interestExpense": 7.407,
        "interestIncomeExpense": -7.4,
        "netIncome": 137.8,
        "netIncomeAfterTaxes": 137.8,
        "nonRecurringItems": -1.7,
        "otherOperatingExpensesTotal": -9.8,
        "period": "2016-12-31",
        "pretaxIncome": 181.3,
        "provisionforIncomeTaxes": 43.5,
        "researchDevelopment": 29.4,
        "revenue": 709.7,
        "sgaExpense": 201,
        "totalOperatingExpense": 230.4
      },
      {
        "costOfGoodsSold": 281.1,
        "depreciationAmortization": 9.1,
        "dilutedAverageSharesOutstanding": 26.9,
        "dilutedEPS": 3.77,
        "ebit": 150.2,
        "grossIncome": 369.5,
        "interestExpense": 7.167,
        "interestIncomeExpense": -7.2,
        "netIncome": 101.3,
        "netIncomeAfterTaxes": 101.3,
        "nonRecurringItems": -9.7,
        "otherOperatingExpensesTotal": -7.6,
        "period": "2016-09-30",
        "pretaxIncome": 133.3,
        "provisionforIncomeTaxes": 32,
        "researchDevelopment": 30.1,
        "revenue": 650.6,
        "sgaExpense": 187.7,
        "totalOperatingExpense": 219.3
      },
      {
        "costOfGoodsSold": 260.7,
        "depreciationAmortization": 8.7,
        "dilutedAverageSharesOutstanding": 27.1,
        "dilutedEPS": 2.93,
        "ebit": 112.3,
        "grossIncome": 347.6,
        "interestExpense": 6.872,
        "interestIncomeExpense": -6.9,
        "netIncome": 79.6,
        "netIncomeAfterTaxes": 79.6,
        "nonRecurringItems": -2.2,
        "otherOperatingExpensesTotal": 8.2,
        "period": "2016-06-30",
        "pretaxIncome": 103.2,
        "provisionforIncomeTaxes": 23.6,
        "researchDevelopment": 30.7,
        "revenue": 608.3,
        "sgaExpense": 187.8,
        "totalOperatingExpense": 235.3
      },
      {
        "costOfGoodsSold": 239.8,
        "depreciationAmortization": 8.4,
        "dilutedAverageSharesOutstanding": 27.4,
        "dilutedEPS": 2.4,
        "ebit": 93.9,
        "grossIncome": 299.9,
        "interestExpense": 6.58,
        "interestIncomeExpense": -6.6,
        "netIncome": 65.7,
        "netIncomeAfterTaxes": 65.7,
        "nonRecurringItems": -0.9,
        "otherOperatingExpensesTotal": -0.3,
        "period": "2016-03-31",
        "pretaxIncome": 86.4,
        "provisionforIncomeTaxes": 20.7,
        "researchDevelopment": 29,
        "revenue": 539.7,
        "sgaExpense": 168.9,
        "totalOperatingExpense": 206
      },
      {
        "costOfGoodsSold": 282.8,
        "depreciationAmortization": 8,
        "dilutedAverageSharesOutstanding": 27.7,
        "dilutedEPS": 4.45,
        "ebit": 174.3,
        "grossIncome": 390.7,
        "interestExpense": 6.755,
        "interestIncomeExpense": -6.8,
        "netIncome": 123.4,
        "netIncomeAfterTaxes": 123.4,
        "nonRecurringItems": -6,
        "otherOperatingExpensesTotal": 0,
        "period": "2015-12-31",
        "pretaxIncome": 161.5,
        "provisionforIncomeTaxes": 38.1,
        "researchDevelopment": 31.1,
        "revenue": 673.5,
        "sgaExpense": 177.4,
        "totalOperatingExpense": 216.4
      },
      {
        "costOfGoodsSold": 264.6,
        "depreciationAmortization": 7.8,
        "dilutedAverageSharesOutstanding": 28.1,
        "dilutedEPS": 3.16,
        "ebit": 126.5,
        "grossIncome": 339.5,
        "interestExpense": 7.029,
        "interestIncomeExpense": -7,
        "netIncome": 88.9,
        "netIncomeAfterTaxes": 88.9,
        "nonRecurringItems": -2.6,
        "otherOperatingExpensesTotal": 0,
        "period": "2015-09-30",
        "pretaxIncome": 116.9,
        "provisionforIncomeTaxes": 28.1,
        "researchDevelopment": 29.7,
        "revenue": 604.2,
        "sgaExpense": 175.5,
        "totalOperatingExpense": 213
      }
    ],
    "symbol": "MTD"
  }
}