{
  "symbol": "TAP",
  "statement": "ic",
  "frequency": "annual",
  "timestamp": "2025-09-19T14:04:11.933518",
  "data": {
    "financials": [
      {
        "costOfGoodsSold": 7093.6,
        "depreciationAmortization": 206.4,
        "dilutedAverageSharesOutstanding": 209.9,
        "dilutedEPS": 5.3473,
        "ebit": 1815.9,
        "grossIncome": 4533.4,
        "interestExpense": 282.7,
        "interestIncomeExpense": -244.6,
        "minorityInterest": -35.3,
        "netIncome": 1122.4,
        "netIncomeAfterTaxes": 1157.7,
        "nonRecurringItems": -65.4,
        "otherOperatingExpensesTotal": 0,
        "period": "2024-12-31",
        "pretaxIncome": 1503,
        "provisionforIncomeTaxes": 345.3,
        "revenue": 11627,
        "sgaExpense": 2511.1,
        "totalOperatingExpense": 2717.5,
        "totalOtherIncomeExpenseNet": -2.9,
        "year": 2024
      },
      {
        "costOfGoodsSold": 7333.3,
        "depreciationAmortization": 207.3,
        "dilutedAverageSharesOutstanding": 217.3,
        "dilutedEPS": 4.3668,
        "ebit": 1588.9,
        "grossIncome": 4368.8,
        "interestExpense": 234,
        "interestIncomeExpense": -196.6,
        "minorityInterest": -7.5,
        "netIncome": 948.9,
        "netIncomeAfterTaxes": 956.4,
        "nonRecurringItems": -162.7,
        "otherOperatingExpensesTotal": 0,
        "period": "2023-12-31",
        "pretaxIncome": 1252.5,
        "provisionforIncomeTaxes": 296.1,
        "revenue": 11702.1,
        "sgaExpense": 2572.6,
        "totalOperatingExpense": 2779.9,
        "totalOtherIncomeExpenseNet": 22.9,
        "year": 2023
      },
      {
        "costOfGoodsSold": 7045.8,
        "depreciationAmortization": 208.1,
        "dilutedAverageSharesOutstanding": 216.9,
        "dilutedEPS": -0.8082,
        "ebit": 1036.4,
        "grossIncome": 3655.2,
        "interestExpense": 250.6,
        "interestIncomeExpense": -241.6,
        "minorityInterest": 11.2,
        "netIncome": -175.3,
        "netIncomeAfterTaxes": -186.5,
        "nonRecurringItems": -883.6,
        "period": "2022-12-31",
        "pretaxIncome": -62.5,
        "provisionforIncomeTaxes": 124,
        "revenue": 10701,
        "sgaExpense": 2410.7,
        "totalOperatingExpense": 2618.8,
        "totalOtherIncomeExpenseNet": 26.3,
        "year": 2022
      },
      {
        "costOfGoodsSold": 6226.3,
        "depreciationAmortization": 218,
        "dilutedAverageSharesOutstanding": 217.6,
        "dilutedEPS": 4.6218,
        "ebit": 1498.9,
        "grossIncome": 4053.4,
        "interestExpense": 260.3,
        "interestIncomeExpense": -265.7,
        "minorityInterest": -2.8,
        "netIncome": 1005.7,
        "netIncomeAfterTaxes": 1008.5,
        "nonRecurringItems": -44.5,
        "period": "2021-12-31",
        "pretaxIncome": 1239,
        "provisionforIncomeTaxes": 230.5,
        "revenue": 10279.7,
        "sgaExpense": 2336.5,
        "totalOperatingExpense": 2554.5,
        "totalOtherIncomeExpenseNet": 50.3,
        "year": 2021
      },
      {
        "costOfGoodsSold": 5886,
        "depreciationAmortization": 220,
        "dilutedAverageSharesOutstanding": 217,
        "dilutedEPS": -4.38,
        "ebit": 1331,
        "gainLossOnDispositionOfAssets": 0,
        "grossIncome": 3768,
        "interestExpense": 274.6,
        "interestIncomeExpense": -269,
        "minorityInterest": -3,
        "netIncome": -949,
        "netIncomeAfterTaxes": -946,
        "nonRecurringItems": -1740,
        "period": "2020-12-31",
        "pretaxIncome": -644,
        "provisionforIncomeTaxes": 302,
        "revenue": 9654,
        "sgaExpense": 2217,
        "totalOperatingExpense": 2437,
        "totalOtherIncomeExpenseNet": 34,
        "year": 2020
      },
      {
        "costOfGoodsSold": 6378,
        "dilutedAverageSharesOutstanding": 217,
        "dilutedEPS": 1.11,
        "ebit": 1473,
        "gainLossOnDispositionOfAssets": 0,
        "grossIncome": 4201,
        "interestExpense": 280.9,
        "interestIncomeExpense": -293,
        "minorityInterest": -5,
        "netIncome": 242,
        "netIncomeAfterTaxes": 246,
        "nonRecurringItems": -709,
        "period": "2019-12-31",
        "pretaxIncome": 480,
        "provisionforIncomeTaxes": 234,
        "revenue": 10579,
        "sgaExpense": 2728,
        "totalOperatingExpense": 2728,
        "totalOtherIncomeExpenseNet": 9,
        "year": 2019
      },
      {
        "costOfGoodsSold": 6585,
        "dilutedAverageSharesOutstanding": 217,
        "dilutedEPS": 5.15,
        "ebit": 1382,
        "gainLossOnDispositionOfAssets": 12,
        "grossIncome": 4185,
        "interestExpense": 306.2,
        "interestIncomeExpense": -330,
        "minorityInterest": -18,
        "netIncome": 1117,
        "netIncomeAfterTaxes": 1135,
        "nonRecurringItems": 250,
        "period": "2018-12-31",
        "pretaxIncome": 1360,
        "provisionforIncomeTaxes": 225,
        "revenue": 10770,
        "sgaExpense": 2803,
        "totalOperatingExpense": 2803,
        "totalOtherIncomeExpenseNet": 46,
        "year": 2018
      },
      {
        "costOfGoodsSold": 6237,
        "dilutedAverageSharesOutstanding": 217,
        "dilutedEPS": 7.21,
        "ebit": 1714,
        "gainLossOnDispositionOfAssets": 0,
        "grossIncome": 4766,
        "interestExpense": 349.3,
        "interestIncomeExpense": -351,
        "minorityInterest": -22,
        "netIncome": 1566,
        "netIncomeAfterTaxes": 1021,
        "nonRecurringItems": -36,
        "period": "2017-12-31",
        "pretaxIncome": 1383,
        "provisionforIncomeTaxes": 362,
        "revenue": 11003,
        "sgaExpense": 3052,
        "totalOperatingExpense": 3052,
        "totalOtherIncomeExpenseNet": 57,
        "year": 2017
      },
      {
        "costOfGoodsSold": 2999,
        "dilutedAverageSharesOutstanding": 213,
        "dilutedEPS": 7.47,
        "ebit": 289,
        "gainLossOnDispositionOfAssets": 21,
        "grossIncome": 1886,
        "interestExpense": 235.2,
        "interestIncomeExpense": 264,
        "minorityInterest": -6,
        "netIncome": 1594,
        "netIncomeAfterTaxes": 1600,
        "nonRecurringItems": 2533,
        "period": "2016-12-31",
        "pretaxIncome": 3054,
        "provisionforIncomeTaxes": 1454,
        "revenue": 4885,
        "sgaExpense": 1597,
        "totalOperatingExpense": 1597,
        "totalOtherIncomeExpenseNet": -52,
        "year": 2016
      },
      {
        "costOfGoodsSold": 2132,
        "dilutedAverageSharesOutstanding": 186,
        "dilutedEPS": 2.12,
        "ebit": 398,
        "gainLossOnDispositionOfAssets": 1,
        "grossIncome": 1436,
        "interestExpense": 120.3,
        "interestIncomeExpense": 410,
        "minorityInterest": -3,
        "netIncome": 395,
        "netIncomeAfterTaxes": 395,
        "nonRecurringItems": -347,
        "period": "2015-12-31",
        "pretaxIncome": 456,
        "provisionforIncomeTaxes": 62,
        "revenue": 3568,
        "sgaExpense": 1038,
        "totalOperatingExpense": 1037,
        "totalOtherIncomeExpenseNet": -6,
        "year": 2015
      }
    ],
    "symbol": "TAP"
  }
}