{
  "symbol": "GEHC",
  "statement": "ic",
  "frequency": "quarterly",
  "timestamp": "2025-09-19T14:00:54.138983",
  "data": {
    "financials": [
      {
        "costOfGoodsSold": 3023,
        "dilutedAverageSharesOutstanding": 458,
        "dilutedEPS": 1.0611,
        "ebit": 654,
        "grossIncome": 1984,
        "interestExpense": 113,
        "interestIncomeExpense": -106,
        "minorityInterest": -14,
        "netIncome": 486,
        "netIncomeAfterTaxes": 500,
        "otherOperatingExpensesTotal": -1,
        "period": "2025-06-30",
        "pretaxIncome": 613,
        "provisionforIncomeTaxes": 113,
        "researchDevelopment": 302,
        "revenue": 5007,
        "sgaExpense": 1029,
        "totalOperatingExpense": 1330,
        "totalOtherIncomeExpenseNet": 65
      },
      {
        "costOfGoodsSold": 2765,
        "dilutedAverageSharesOutstanding": 459,
        "dilutedEPS": 1.2288,
        "ebit": 629,
        "grossIncome": 2012,
        "interestExpense": 110,
        "interestIncomeExpense": -11,
        "minorityInterest": -24,
        "netIncome": 564,
        "netIncomeAfterTaxes": 588,
        "otherOperatingExpensesTotal": -1,
        "period": "2025-03-31",
        "pretaxIncome": 692,
        "provisionforIncomeTaxes": 104,
        "researchDevelopment": 344,
        "revenue": 4777,
        "sgaExpense": 1040,
        "totalOperatingExpense": 1383,
        "totalOtherIncomeExpenseNet": 74
      },
      {
        "costOfGoodsSold": 3044,
        "dilutedAverageSharesOutstanding": 459,
        "dilutedEPS": 1.5708,
        "ebit": 801,
        "grossIncome": 2275,
        "interestExpense": 121,
        "interestIncomeExpense": -108,
        "minorityInterest": -17,
        "netIncome": 721,
        "netIncomeAfterTaxes": 738,
        "period": "2024-12-31",
        "pretaxIncome": 834,
        "provisionforIncomeTaxes": 96,
        "researchDevelopment": 344,
        "revenue": 5319,
        "sgaExpense": 1130,
        "totalOperatingExpense": 1474,
        "totalOtherIncomeExpenseNet": 141
      },
      {
        "costOfGoodsSold": 2838,
        "dilutedAverageSharesOutstanding": 459,
        "dilutedEPS": 1.024,
        "ebit": 676,
        "grossIncome": 2025,
        "interestExpense": 130,
        "interestIncomeExpense": -123,
        "minorityInterest": -19,
        "netIncome": 470,
        "netIncomeAfterTaxes": 490,
        "otherOperatingExpensesTotal": -1,
        "period": "2024-09-30",
        "pretaxIncome": 658,
        "provisionforIncomeTaxes": 168,
        "researchDevelopment": 316,
        "revenue": 4863,
        "sgaExpense": 1034,
        "totalOperatingExpense": 1349,
        "totalOtherIncomeExpenseNet": 105
      },
      {
        "costOfGoodsSold": 2837,
        "dilutedAverageSharesOutstanding": 459,
        "dilutedEPS": 0.9325,
        "ebit": 608,
        "grossIncome": 2002,
        "interestExpense": 131,
        "interestIncomeExpense": -129,
        "minorityInterest": -7,
        "netIncome": 428,
        "netIncomeAfterTaxes": 435,
        "otherOperatingExpensesTotal": 0,
        "period": "2024-06-30",
        "pretaxIncome": 578,
        "provisionforIncomeTaxes": 143,
        "researchDevelopment": 327,
        "revenue": 4839,
        "sgaExpense": 1067,
        "totalOperatingExpense": 1394,
        "totalOtherIncomeExpenseNet": 99
      },
      {
        "costOfGoodsSold": 2749,
        "dilutedAverageSharesOutstanding": 459,
        "dilutedEPS": 0.8148,
        "ebit": 540,
        "grossIncome": 1901,
        "interestExpense": 122,
        "interestIncomeExpense": -137,
        "minorityInterest": -14,
        "netIncome": 374,
        "netIncomeAfterTaxes": 388,
        "otherOperatingExpensesTotal": -1,
        "period": "2024-03-31",
        "pretaxIncome": 512,
        "provisionforIncomeTaxes": 124,
        "researchDevelopment": 324,
        "revenue": 4650,
        "sgaExpense": 1038,
        "totalOperatingExpense": 1361,
        "totalOtherIncomeExpenseNet": 109
      },
      {
        "costOfGoodsSold": 3050,
        "dilutedAverageSharesOutstanding": 458,
        "dilutedEPS": 0.8799,
        "ebit": 689,
        "grossIncome": 2156,
        "interestExpense": 131,
        "interestIncomeExpense": -122,
        "minorityInterest": -13,
        "netIncome": 403,
        "netIncomeAfterTaxes": 416,
        "period": "2023-12-31",
        "pretaxIncome": 609,
        "provisionforIncomeTaxes": 193,
        "researchDevelopment": 315,
        "revenue": 5206,
        "sgaExpense": 1152,
        "totalOperatingExpense": 1467,
        "totalOtherIncomeExpenseNet": 42
      },
      {
        "costOfGoodsSold": 2887,
        "dilutedAverageSharesOutstanding": 458,
        "dilutedEPS": 0.8275,
        "ebit": 617,
        "grossIncome": 1935,
        "interestExpense": 138,
        "interestIncomeExpense": -132,
        "minorityInterest": -7,
        "netIncome": 375,
        "netIncomeAfterTaxes": 386,
        "period": "2023-09-30",
        "pretaxIncome": 636,
        "provisionforIncomeTaxes": 250,
        "researchDevelopment": 322,
        "revenue": 4822,
        "sgaExpense": 996,
        "totalOperatingExpense": 1318,
        "totalOtherIncomeExpenseNet": 151
      },
      {
        "costOfGoodsSold": 2877,
        "dilutedAverageSharesOutstanding": 458,
        "dilutedEPS": 0.9127,
        "ebit": 570,
        "grossIncome": 1940,
        "interestExpense": 137,
        "interestIncomeExpense": -132,
        "minorityInterest": -15,
        "netIncome": 418,
        "netIncomeAfterTaxes": 433,
        "period": "2023-06-30",
        "pretaxIncome": 570,
        "provisionforIncomeTaxes": 137,
        "researchDevelopment": 298,
        "revenue": 4817,
        "sgaExpense": 1072,
        "totalOperatingExpense": 1370,
        "totalOtherIncomeExpenseNet": 132
      },
      {
        "costOfGoodsSold": 2816,
        "dilutedAverageSharesOutstanding": 454.6772,
        "dilutedEPS": 0.4157,
        "ebit": 559,
        "grossIncome": 1891,
        "interestExpense": 136,
        "interestIncomeExpense": -119,
        "minorityInterest": -11,
        "netIncome": 189,
        "netIncomeAfterTaxes": 383,
        "period": "2023-03-31",
        "pretaxIncome": 546,
        "provisionforIncomeTaxes": 163,
        "researchDevelopment": 270,
        "revenue": 4707,
        "sgaExpense": 1062,
        "totalOperatingExpense": 1332,
        "totalOtherIncomeExpenseNet": 106
      },
      {
        "costOfGoodsSold": 3006,
        "dilutedAverageSharesOutstanding": 451.5745,
        "dilutedEPS": 1.2135,
        "ebit": 777,
        "grossIncome": 1932,
        "interestExpense": 59,
        "interestIncomeExpense": -59,
        "minorityInterest": -19,
        "netIncome": 554,
        "netIncomeAfterTaxes": 567,
        "period": "2022-12-31",
        "pretaxIncome": 718,
        "provisionforIncomeTaxes": 151,
        "researchDevelopment": 271,
        "revenue": 4938,
        "sgaExpense": 884,
        "totalOperatingExpense": 1155,
        "totalOtherIncomeExpenseNet": 0
      },
      {
        "costOfGoodsSold": 2803,
        "dilutedAverageSharesOutstanding": 454.71,
        "dilutedEPS": 1.0732,
        "ebit": 605,
        "grossIncome": 1773,
        "interestExpense": 2,
        "interestIncomeExpense": -2,
        "minorityInterest": -6,
        "netIncome": 488,
        "netIncomeAfterTaxes": 494,
        "period": "2022-09-30",
        "pretaxIncome": 622,
        "provisionforIncomeTaxes": 128,
        "researchDevelopment": 260,
        "revenue": 4576,
        "sgaExpense": 908,
        "totalOperatingExpense": 1168,
        "totalOtherIncomeExpenseNet": 19
      },
      {
        "costOfGoodsSold": 5353,
        "dilutedAverageSharesOutstanding": 454.71,
        "dilutedEPS": 1.92,
        "ebit": 1140,
        "grossIncome": 3474,
        "interestExpense": 12,
        "interestIncomeExpense": -16,
        "minorityInterest": -26,
        "netIncome": 874,
        "netIncomeAfterTaxes": 888,
        "period": "2022-06-30",
        "pretaxIncome": 1172,
        "provisionforIncomeTaxes": 284,
        "researchDevelopment": 495,
        "revenue": 8827,
        "sgaExpense": 1839,
        "totalOperatingExpense": 2334,
        "totalOtherIncomeExpenseNet": 48
      },
      {
        "costOfGoodsSold": 2727,
        "dilutedAverageSharesOutstanding": 454.71,
        "dilutedEPS": 1.2404,
        "ebit": 727,
        "grossIncome": 1862,
        "interestExpense": 6,
        "interestIncomeExpense": -6,
        "minorityInterest": -12,
        "netIncome": 564,
        "netIncomeAfterTaxes": 576,
        "period": "2021-12-31",
        "pretaxIncome": 755,
        "provisionforIncomeTaxes": 179,
        "researchDevelopment": 225,
        "revenue": 4589,
        "sgaExpense": 910,
        "totalOperatingExpense": 1135,
        "totalOtherIncomeExpenseNet": 34
      },
      {
        "costOfGoodsSold": 2538,
        "dilutedAverageSharesOutstanding": 454.71,
        "dilutedEPS": 1.13,
        "ebit": 652,
        "grossIncome": 1766,
        "interestExpense": 10,
        "interestIncomeExpense": -10,
        "minorityInterest": -13,
        "netIncome": 514,
        "netIncomeAfterTaxes": 516,
        "period": "2021-09-30",
        "pretaxIncome": 676,
        "provisionforIncomeTaxes": 160,
        "researchDevelopment": 200,
        "revenue": 4304,
        "sgaExpense": 914,
        "totalOperatingExpense": 1114,
        "totalOtherIncomeExpenseNet": 34
      },
      {
        "costOfGoodsSold": 5146,
        "dilutedAverageSharesOutstanding": 454.71,
        "dilutedEPS": 2.5555,
        "ebit": 1416,
        "grossIncome": 3546,
        "interestIncomeExpense": -24,
        "minorityInterest": -21,
        "netIncome": 1169,
        "netIncomeAfterTaxes": 1183,
        "period": "2021-06-30",
        "pretaxIncome": 1444,
        "provisionforIncomeTaxes": 261,
        "researchDevelopment": 391,
        "revenue": 8692,
        "sgaExpense": 1739,
        "totalOperatingExpense": 2130,
        "totalOtherIncomeExpenseNet": 52
      }
    ],
    "symbol": "GEHC"
  }
}