{
  "symbol": "MKTX",
  "statement": "ic",
  "frequency": "quarterly",
  "timestamp": "2025-09-19T14:03:30.227006",
  "data": {
    "financials": [
      {
        "costOfGoodsSold": 23.77,
        "depreciationAmortization": 19.195,
        "dilutedAverageSharesOutstanding": 37.298,
        "dilutedEPS": 1.9076,
        "ebit": 91.864,
        "grossIncome": 195.692,
        "interestExpense": 0.139,
        "interestIncomeExpense": 5.959,
        "minorityInterest": -0.031,
        "netIncome": 71.149,
        "netIncomeAfterTaxes": 71.18,
        "period": "2025-06-30",
        "pretaxIncome": 97.416,
        "provisionforIncomeTaxes": 26.236,
        "revenue": 219.462,
        "sgaExpense": 84.633,
        "totalOperatingExpense": 103.828,
        "totalOtherIncomeExpenseNet": -0.407
      },
      {
        "costOfGoodsSold": 22.135,
        "depreciationAmortization": 18.236,
        "dilutedAverageSharesOutstanding": 37.456,
        "dilutedEPS": 0.4022,
        "ebit": 88.382,
        "grossIncome": 186.441,
        "interestExpense": 0.213,
        "interestIncomeExpense": 7.245,
        "netIncome": 15.065,
        "netIncomeAfterTaxes": 15.065,
        "period": "2025-03-31",
        "pretaxIncome": 96.154,
        "provisionforIncomeTaxes": 81.089,
        "revenue": 208.576,
        "sgaExpense": 79.823,
        "totalOperatingExpense": 98.059,
        "totalOtherIncomeExpenseNet": 0.527
      },
      {
        "costOfGoodsSold": 23.137,
        "depreciationAmortization": 18.54,
        "dilutedAverageSharesOutstanding": 37.6,
        "dilutedEPS": 1.7324,
        "ebit": 79.976,
        "grossIncome": 179.267,
        "interestExpense": 0.318,
        "interestIncomeExpense": 6.732,
        "netIncome": 65.139,
        "netIncomeAfterTaxes": 65.139,
        "period": "2024-12-31",
        "pretaxIncome": 84.595,
        "provisionforIncomeTaxes": 19.456,
        "revenue": 202.404,
        "sgaExpense": 80.751,
        "totalOperatingExpense": 99.291,
        "totalOtherIncomeExpenseNet": -2.113
      },
      {
        "costOfGoodsSold": 22.842,
        "depreciationAmortization": 18.728,
        "dilutedAverageSharesOutstanding": 37.608,
        "dilutedEPS": 1.9009,
        "ebit": 87.055,
        "grossIncome": 183.873,
        "interestExpense": 0.346,
        "interestIncomeExpense": 6.947,
        "netIncome": 71.489,
        "netIncomeAfterTaxes": 71.489,
        "period": "2024-09-30",
        "pretaxIncome": 92.897,
        "provisionforIncomeTaxes": 21.408,
        "revenue": 206.715,
        "sgaExpense": 78.09,
        "totalOperatingExpense": 96.818,
        "totalOtherIncomeExpenseNet": -1.105
      },
      {
        "costOfGoodsSold": 21.795,
        "depreciationAmortization": 18.356,
        "dilutedAverageSharesOutstanding": 37.689,
        "dilutedEPS": 1.723,
        "ebit": 81.339,
        "grossIncome": 175.865,
        "interestExpense": 0.621,
        "interestIncomeExpense": 6.134,
        "netIncome": 64.938,
        "netIncomeAfterTaxes": 64.938,
        "period": "2024-06-30",
        "pretaxIncome": 86.337,
        "provisionforIncomeTaxes": 21.399,
        "revenue": 197.66,
        "sgaExpense": 76.17,
        "totalOperatingExpense": 94.526,
        "totalOtherIncomeExpenseNet": -1.136
      },
      {
        "costOfGoodsSold": 21.864,
        "depreciationAmortization": 18.2,
        "dilutedAverageSharesOutstanding": 37.79,
        "dilutedEPS": 1.9215,
        "ebit": 92.5,
        "grossIncome": 188.454,
        "interestExpense": 0.316,
        "interestIncomeExpense": 6.027,
        "netIncome": 72.615,
        "netIncomeAfterTaxes": 72.615,
        "period": "2024-03-31",
        "pretaxIncome": 96.717,
        "provisionforIncomeTaxes": 24.102,
        "revenue": 210.318,
        "sgaExpense": 77.754,
        "totalOperatingExpense": 95.954,
        "totalOtherIncomeExpenseNet": -1.81
      },
      {
        "costOfGoodsSold": 21.838,
        "depreciationAmortization": 19.53,
        "dilutedAverageSharesOutstanding": 37.807,
        "dilutedEPS": 1.8416,
        "ebit": 77.027,
        "grossIncome": 175.41,
        "interestExpense": 1.636,
        "interestIncomeExpense": 4.794,
        "netIncome": 69.627,
        "netIncomeAfterTaxes": 69.627,
        "otherOperatingExpensesTotal": 0,
        "period": "2023-12-31",
        "pretaxIncome": 83.812,
        "provisionforIncomeTaxes": 14.185,
        "revenue": 197.248,
        "sgaExpense": 78.853,
        "totalOperatingExpense": 98.383,
        "totalOtherIncomeExpenseNet": 1.991
      },
      {
        "costOfGoodsSold": 15.3,
        "depreciationAmortization": 17.6,
        "dilutedAverageSharesOutstanding": 37.6,
        "dilutedEPS": 1.46,
        "ebit": 66.9,
        "grossIncome": 156.9,
        "interestExpense": 0.164,
        "interestIncomeExpense": 6.6,
        "netIncome": 54.9,
        "netIncomeAfterTaxes": 54.9,
        "otherOperatingExpensesTotal": 3.7,
        "period": "2023-09-30",
        "pretaxIncome": 71.7,
        "provisionforIncomeTaxes": 16.8,
        "revenue": 172.3,
        "sgaExpense": 68.8,
        "totalOperatingExpense": 90.1,
        "totalOtherIncomeExpenseNet": -1.7
      },
      {
        "costOfGoodsSold": 15.2,
        "depreciationAmortization": 17,
        "dilutedAverageSharesOutstanding": 37.6,
        "dilutedEPS": 1.59,
        "ebit": 75.7,
        "grossIncome": 164.6,
        "interestExpense": 0.053,
        "interestIncomeExpense": 5.5,
        "netIncome": 59.9,
        "netIncomeAfterTaxes": 59.9,
        "otherOperatingExpensesTotal": 4.2,
        "period": "2023-06-30",
        "pretaxIncome": 79,
        "provisionforIncomeTaxes": 19.1,
        "revenue": 179.8,
        "sgaExpense": 67.7,
        "totalOperatingExpense": 88.9,
        "totalOtherIncomeExpenseNet": -2.3
      },
      {
        "costOfGoodsSold": 15,
        "depreciationAmortization": 16.5,
        "dilutedAverageSharesOutstanding": 37.6,
        "dilutedEPS": 1.96,
        "ebit": 95.4,
        "grossIncome": 188.2,
        "interestExpense": 0.13,
        "interestIncomeExpense": 4.3,
        "netIncome": 73.6,
        "netIncomeAfterTaxes": 73.6,
        "otherOperatingExpensesTotal": 4.5,
        "period": "2023-03-31",
        "pretaxIncome": 98.2,
        "provisionforIncomeTaxes": 24.6,
        "revenue": 203.2,
        "sgaExpense": 71.8,
        "totalOperatingExpense": 92.8,
        "totalOtherIncomeExpenseNet": -1.5
      },
      {
        "costOfGoodsSold": 14.1,
        "depreciationAmortization": 15.7,
        "dilutedAverageSharesOutstanding": 37.6,
        "dilutedEPS": 1.58,
        "ebit": 77.7,
        "grossIncome": 163.8,
        "interestExpense": 0.052,
        "interestIncomeExpense": 3.3,
        "netIncome": 59.2,
        "netIncomeAfterTaxes": 59.2,
        "otherOperatingExpensesTotal": 4.6,
        "period": "2022-12-31",
        "pretaxIncome": 79.4,
        "provisionforIncomeTaxes": 20.2,
        "revenue": 177.9,
        "sgaExpense": 65.8,
        "totalOperatingExpense": 86.1,
        "totalOtherIncomeExpenseNet": -1.6
      },
      {
        "costOfGoodsSold": 14.2,
        "depreciationAmortization": 15.3,
        "dilutedAverageSharesOutstanding": 37.6,
        "dilutedEPS": 1.58,
        "ebit": 76.3,
        "grossIncome": 157.9,
        "interestExpense": 0.138,
        "interestIncomeExpense": 2.2,
        "netIncome": 59.3,
        "netIncomeAfterTaxes": 59.3,
        "otherOperatingExpensesTotal": 4.2,
        "period": "2022-09-30",
        "pretaxIncome": 78.9,
        "provisionforIncomeTaxes": 19.6,
        "revenue": 172.1,
        "sgaExpense": 62.1,
        "totalOperatingExpense": 81.6,
        "totalOtherIncomeExpenseNet": 0.4
      },
      {
        "costOfGoodsSold": 12.5,
        "depreciationAmortization": 15.2,
        "dilutedAverageSharesOutstanding": 37.6,
        "dilutedEPS": 1.78,
        "ebit": 84.8,
        "grossIncome": 169.7,
        "interestExpense": 0.337,
        "interestIncomeExpense": 0.1,
        "netIncome": 66.9,
        "netIncomeAfterTaxes": 66.9,
        "otherOperatingExpensesTotal": 4.3,
        "period": "2022-06-30",
        "pretaxIncome": 89.6,
        "provisionforIncomeTaxes": 22.7,
        "revenue": 182.2,
        "sgaExpense": 65.4,
        "totalOperatingExpense": 84.9,
        "totalOtherIncomeExpenseNet": 4.7
      },
      {
        "costOfGoodsSold": 12.2,
        "depreciationAmortization": 15.2,
        "dilutedAverageSharesOutstanding": 37.8,
        "dilutedEPS": 1.71,
        "ebit": 88.1,
        "grossIncome": 173.9,
        "interestExpense": 0.173,
        "interestIncomeExpense": -0.1,
        "netIncome": 64.8,
        "netIncomeAfterTaxes": 64.8,
        "otherOperatingExpensesTotal": 4.6,
        "period": "2022-03-31",
        "pretaxIncome": 90.4,
        "provisionforIncomeTaxes": 25.7,
        "revenue": 186.1,
        "sgaExpense": 66,
        "totalOperatingExpense": 85.8,
        "totalOtherIncomeExpenseNet": 2.4
      },
      {
        "costOfGoodsSold": 11.2,
        "depreciationAmortization": 14.6,
        "dilutedAverageSharesOutstanding": 38,
        "dilutedEPS": 1.37,
        "ebit": 72.6,
        "grossIncome": 153.8,
        "interestExpense": 0.166,
        "interestIncomeExpense": -0.1,
        "netIncome": 52.2,
        "netIncomeAfterTaxes": 52.2,
        "otherOperatingExpensesTotal": 3.7,
        "period": "2021-12-31",
        "pretaxIncome": 71.6,
        "provisionforIncomeTaxes": 19.4,
        "revenue": 165.1,
        "sgaExpense": 62.9,
        "totalOperatingExpense": 81.3,
        "totalOtherIncomeExpenseNet": -0.9
      },
      {
        "costOfGoodsSold": 10.7,
        "depreciationAmortization": 14,
        "dilutedAverageSharesOutstanding": 38.1,
        "dilutedEPS": 1.52,
        "ebit": 74,
        "grossIncome": 151.4,
        "interestExpense": 0.314,
        "interestIncomeExpense": -0.2,
        "netIncome": 58,
        "netIncomeAfterTaxes": 58,
        "otherOperatingExpensesTotal": 3.3,
        "period": "2021-09-30",
        "pretaxIncome": 74.5,
        "provisionforIncomeTaxes": 16.5,
        "revenue": 162.1,
        "sgaExpense": 60.2,
        "totalOperatingExpense": 77.4,
        "totalOtherIncomeExpenseNet": 0.7
      },
      {
        "costOfGoodsSold": 10.5,
        "depreciationAmortization": 13.1,
        "dilutedAverageSharesOutstanding": 38.1,
        "dilutedEPS": 1.77,
        "ebit": 87.2,
        "grossIncome": 165.8,
        "interestExpense": 0.171,
        "interestIncomeExpense": -0.1,
        "netIncome": 67.3,
        "netIncomeAfterTaxes": 67.3,
        "otherOperatingExpensesTotal": 4.4,
        "period": "2021-06-30",
        "pretaxIncome": 86.1,
        "provisionforIncomeTaxes": 18.8,
        "revenue": 176.3,
        "sgaExpense": 61.1,
        "totalOperatingExpense": 78.7,
        "totalOtherIncomeExpenseNet": -1.1
      },
      {
        "costOfGoodsSold": 10,
        "depreciationAmortization": 11.8,
        "dilutedAverageSharesOutstanding": 38.2,
        "dilutedEPS": 2.11,
        "ebit": 103.5,
        "grossIncome": 185.4,
        "interestExpense": 0.191,
        "interestIncomeExpense": -0.1,
        "netIncome": 80.5,
        "netIncomeAfterTaxes": 80.5,
        "otherOperatingExpensesTotal": 4.7,
        "period": "2021-03-31",
        "pretaxIncome": 101.8,
        "provisionforIncomeTaxes": 21.3,
        "revenue": 195.5,
        "sgaExpense": 65.5,
        "totalOperatingExpense": 82,
        "totalOtherIncomeExpenseNet": -1.6
      },
      {
        "costOfGoodsSold": 8.9,
        "depreciationAmortization": 10.6,
        "dilutedAverageSharesOutstanding": 38.2,
        "dilutedEPS": 1.91,
        "ebit": 91.7,
        "grossIncome": 162.4,
        "interestExpense": 0.096,
        "interestIncomeExpense": 0,
        "netIncome": 72.9,
        "netIncomeAfterTaxes": 72.9,
        "otherOperatingExpensesTotal": 5,
        "period": "2020-12-31",
        "pretaxIncome": 90.3,
        "provisionforIncomeTaxes": 17.4,
        "revenue": 171.3,
        "sgaExpense": 55.1,
        "totalOperatingExpense": 70.7,
        "totalOtherIncomeExpenseNet": -1.4
      },
      {
        "costOfGoodsSold": 8.4,
        "depreciationAmortization": 9,
        "dilutedAverageSharesOutstanding": 38.2,
        "dilutedEPS": 1.78,
        "ebit": 87.8,
        "grossIncome": 155.6,
        "interestExpense": 1.046,
        "interestIncomeExpense": -0.7,
        "netIncome": 67.8,
        "netIncomeAfterTaxes": 67.8,
        "otherOperatingExpensesTotal": 4.8,
        "period": "2020-09-30",
        "pretaxIncome": 88,
        "provisionforIncomeTaxes": 20.2,
        "revenue": 164,
        "sgaExpense": 53.9,
        "totalOperatingExpense": 67.8,
        "totalOtherIncomeExpenseNet": 0.9
      },
      {
        "costOfGoodsSold": 8.6,
        "depreciationAmortization": 8.3,
        "dilutedAverageSharesOutstanding": 38.2,
        "dilutedEPS": 2.2,
        "ebit": 104.1,
        "grossIncome": 176.2,
        "interestIncomeExpense": 0.7,
        "netIncome": 83.9,
        "netIncomeAfterTaxes": 83.9,
        "otherOperatingExpensesTotal": 5.7,
        "period": "2020-06-30",
        "pretaxIncome": 104.4,
        "provisionforIncomeTaxes": 20.5,
        "revenue": 184.8,
        "sgaExpense": 58.1,
        "totalOperatingExpense": 72.1,
        "totalOtherIncomeExpenseNet": -0.4
      },
      {
        "costOfGoodsSold": 8.2,
        "depreciationAmortization": 8.1,
        "dilutedAverageSharesOutstanding": 38.1,
        "dilutedEPS": 1.96,
        "ebit": 91.1,
        "grossIncome": 160.8,
        "interestIncomeExpense": 1.3,
        "netIncome": 74.8,
        "netIncomeAfterTaxes": 74.8,
        "otherOperatingExpensesTotal": 5.5,
        "period": "2020-03-31",
        "pretaxIncome": 91.7,
        "provisionforIncomeTaxes": 16.9,
        "revenue": 169,
        "sgaExpense": 56.2,
        "totalOperatingExpense": 69.7,
        "totalOtherIncomeExpenseNet": -0.7
      },
      {
        "costOfGoodsSold": 7.2,
        "depreciationAmortization": 7.7,
        "dilutedAverageSharesOutstanding": 38.1,
        "dilutedEPS": 1.32,
        "ebit": 60.9,
        "grossIncome": 122.6,
        "interestIncomeExpense": 1.8,
        "netIncome": 50.3,
        "netIncomeAfterTaxes": 50.3,
        "otherOperatingExpensesTotal": 3.3,
        "period": "2019-12-31",
        "pretaxIncome": 62,
        "provisionforIncomeTaxes": 11.7,
        "revenue": 129.8,
        "sgaExpense": 50.7,
        "totalOperatingExpense": 61.7,
        "totalOtherIncomeExpenseNet": -0.7
      },
      {
        "costOfGoodsSold": 7.4,
        "depreciationAmortization": 6.7,
        "dilutedAverageSharesOutstanding": 38,
        "dilutedEPS": 1.42,
        "ebit": 66,
        "grossIncome": 124.2,
        "interestIncomeExpense": 2.2,
        "netIncome": 54,
        "netIncomeAfterTaxes": 54,
        "otherOperatingExpensesTotal": 2.8,
        "period": "2019-09-30",
        "pretaxIncome": 67.3,
        "provisionforIncomeTaxes": 13.3,
        "revenue": 131.6,
        "sgaExpense": 48.8,
        "totalOperatingExpense": 58.2,
        "totalOtherIncomeExpenseNet": -0.8
      },
      {
        "costOfGoodsSold": 6.5,
        "depreciationAmortization": 6.3,
        "dilutedAverageSharesOutstanding": 37.9,
        "dilutedEPS": 1.27,
        "ebit": 60.9,
        "grossIncome": 119,
        "interestIncomeExpense": 2.1,
        "netIncome": 48.1,
        "netIncomeAfterTaxes": 48.1,
        "otherOperatingExpensesTotal": 2.6,
        "period": "2019-06-30",
        "pretaxIncome": 62.9,
        "provisionforIncomeTaxes": 14.8,
        "revenue": 125.5,
        "sgaExpense": 49.2,
        "totalOperatingExpense": 58.1,
        "totalOtherIncomeExpenseNet": -0.1
      },
      {
        "costOfGoodsSold": 5.8,
        "depreciationAmortization": 6.1,
        "dilutedAverageSharesOutstanding": 37.8,
        "dilutedEPS": 1.39,
        "ebit": 63.2,
        "grossIncome": 118.7,
        "interestIncomeExpense": 2,
        "netIncome": 52.5,
        "netIncomeAfterTaxes": 52.5,
        "otherOperatingExpensesTotal": 2.6,
        "period": "2019-03-31",
        "pretaxIncome": 65.2,
        "provisionforIncomeTaxes": 12.7,
        "revenue": 124.5,
        "sgaExpense": 46.9,
        "totalOperatingExpense": 55.5,
        "totalOtherIncomeExpenseNet": 0
      },
      {
        "costOfGoodsSold": 6.4,
        "depreciationAmortization": 5.8,
        "dilutedAverageSharesOutstanding": 37.8,
        "dilutedEPS": 1.2,
        "ebit": 54,
        "grossIncome": 106,
        "interestIncomeExpense": 1.9,
        "netIncome": 45.8,
        "netIncomeAfterTaxes": 45.4,
        "otherOperatingExpensesTotal": 2.3,
        "period": "2018-12-31",
        "pretaxIncome": 56.1,
        "provisionforIncomeTaxes": 10.6,
        "revenue": 112.4,
        "sgaExpense": 44,
        "totalOperatingExpense": 52.1,
        "totalOtherIncomeExpenseNet": 0.2
      },
      {
        "costOfGoodsSold": 5.9,
        "depreciationAmortization": 6.2,
        "dilutedAverageSharesOutstanding": 37.8,
        "dilutedEPS": 1.02,
        "ebit": 46.4,
        "grossIncome": 95.6,
        "interestIncomeExpense": 1.6,
        "netIncome": 38.6,
        "netIncomeAfterTaxes": 38.6,
        "otherOperatingExpensesTotal": 1.8,
        "period": "2018-09-30",
        "pretaxIncome": 47.8,
        "provisionforIncomeTaxes": 9.2,
        "revenue": 101.4,
        "sgaExpense": 41.2,
        "totalOperatingExpense": 49.1,
        "totalOtherIncomeExpenseNet": -0.3
      },
      {
        "costOfGoodsSold": 5.8,
        "depreciationAmortization": 5.8,
        "dilutedAverageSharesOutstanding": 37.9,
        "dilutedEPS": 1.07,
        "ebit": 52,
        "grossIncome": 101.2,
        "interestIncomeExpense": 1.4,
        "netIncome": 40.5,
        "netIncomeAfterTaxes": 40.5,
        "otherOperatingExpensesTotal": 2,
        "period": "2018-06-30",
        "pretaxIncome": 53.2,
        "provisionforIncomeTaxes": 12.7,
        "revenue": 107,
        "sgaExpense": 41.3,
        "totalOperatingExpense": 49.1,
        "totalOtherIncomeExpenseNet": -0.2
      },
      {
        "costOfGoodsSold": 5.8,
        "depreciationAmortization": 5.3,
        "dilutedAverageSharesOutstanding": 37.9,
        "dilutedEPS": 1.27,
        "ebit": 60.2,
        "grossIncome": 108.9,
        "interestIncomeExpense": 1.2,
        "netIncome": 47.9,
        "netIncomeAfterTaxes": 47.9,
        "otherOperatingExpensesTotal": 1.7,
        "period": "2018-03-31",
        "pretaxIncome": 61,
        "provisionforIncomeTaxes": 13.1,
        "revenue": 114.7,
        "sgaExpense": 41.8,
        "totalOperatingExpense": 48.7,
        "totalOtherIncomeExpenseNet": -0.3
      },
      {
        "costOfGoodsSold": 5.6,
        "depreciationAmortization": 5.2,
        "dilutedAverageSharesOutstanding": 37.9,
        "dilutedEPS": 0.88,
        "ebit": 48.8,
        "grossIncome": 93,
        "interestIncomeExpense": 1.1,
        "netIncome": 33.5,
        "netIncomeAfterTaxes": 45.2,
        "otherOperatingExpensesTotal": 1.5,
        "period": "2017-12-31",
        "pretaxIncome": 49.4,
        "provisionforIncomeTaxes": 4.2,
        "revenue": 98.6,
        "sgaExpense": 37.4,
        "totalOperatingExpense": 44.1,
        "totalOtherIncomeExpenseNet": -0.5
      },
      {
        "costOfGoodsSold": 5,
        "depreciationAmortization": 4.6,
        "dilutedAverageSharesOutstanding": 38,
        "dilutedEPS": 0.9,
        "ebit": 46.6,
        "grossIncome": 90.5,
        "interestIncomeExpense": 1,
        "netIncome": 34.1,
        "netIncomeAfterTaxes": 34.1,
        "otherOperatingExpensesTotal": 1.5,
        "period": "2017-09-30",
        "pretaxIncome": 47.2,
        "provisionforIncomeTaxes": 13.1,
        "revenue": 95.6,
        "sgaExpense": 37.9,
        "totalOperatingExpense": 43.9,
        "totalOtherIncomeExpenseNet": -0.4
      },
      {
        "costOfGoodsSold": 4.8,
        "depreciationAmortization": 4.8,
        "dilutedAverageSharesOutstanding": 38.1,
        "dilutedEPS": 1,
        "ebit": 49,
        "grossIncome": 91.5,
        "interestIncomeExpense": 0.8,
        "netIncome": 38,
        "netIncomeAfterTaxes": 38,
        "otherOperatingExpensesTotal": 1.5,
        "period": "2017-06-30",
        "pretaxIncome": 49.6,
        "provisionforIncomeTaxes": 11.6,
        "revenue": 96.3,
        "sgaExpense": 36.2,
        "totalOperatingExpense": 42.5,
        "totalOtherIncomeExpenseNet": -0.3
      },
      {
        "costOfGoodsSold": 4.6,
        "depreciationAmortization": 4.7,
        "dilutedAverageSharesOutstanding": 38.1,
        "dilutedEPS": 1.11,
        "ebit": 55.2,
        "grossIncome": 98.4,
        "interestIncomeExpense": 0.7,
        "netIncome": 42.5,
        "netIncomeAfterTaxes": 42.5,
        "otherOperatingExpensesTotal": 1.3,
        "period": "2017-03-31",
        "pretaxIncome": 55.6,
        "provisionforIncomeTaxes": 13.1,
        "revenue": 103,
        "sgaExpense": 37.2,
        "totalOperatingExpense": 43.2,
        "totalOtherIncomeExpenseNet": -0.3
      },
      {
        "costOfGoodsSold": 9.2,
        "depreciationAmortization": 4.3,
        "dilutedAverageSharesOutstanding": 37.7,
        "dilutedEPS": 0.88,
        "ebit": 50.3,
        "grossIncome": 85.3,
        "netIncome": 33.2,
        "netIncomeAfterTaxes": 33.2,
        "period": "2016-12-31",
        "pretaxIncome": 50.3,
        "provisionforIncomeTaxes": 17.2,
        "revenue": 94.4,
        "sgaExpense": 30.6,
        "totalOperatingExpense": 34.9
      },
      {
        "costOfGoodsSold": 8.6,
        "depreciationAmortization": 4.3,
        "dilutedAverageSharesOutstanding": 37.8,
        "dilutedEPS": 0.82,
        "ebit": 46.4,
        "grossIncome": 81.7,
        "netIncome": 30.9,
        "netIncomeAfterTaxes": 30.9,
        "period": "2016-09-30",
        "pretaxIncome": 46.4,
        "provisionforIncomeTaxes": 15.4,
        "revenue": 90.3,
        "sgaExpense": 31,
        "totalOperatingExpense": 35.3
      },
      {
        "costOfGoodsSold": 8.5,
        "depreciationAmortization": 4.5,
        "dilutedAverageSharesOutstanding": 37.7,
        "dilutedEPS": 0.88,
        "ebit": 50.6,
        "grossIncome": 88.1,
        "netIncome": 33.1,
        "netIncomeAfterTaxes": 33.1,
        "period": "2016-06-30",
        "pretaxIncome": 50.6,
        "provisionforIncomeTaxes": 17.4,
        "revenue": 96.6,
        "sgaExpense": 33,
        "totalOperatingExpense": 37.6
      },
      {
        "costOfGoodsSold": 8.2,
        "depreciationAmortization": 4.7,
        "dilutedAverageSharesOutstanding": 37.7,
        "dilutedEPS": 0.77,
        "ebit": 44.4,
        "grossIncome": 80.4,
        "netIncome": 29,
        "netIncomeAfterTaxes": 29,
        "period": "2016-03-31",
        "pretaxIncome": 44.4,
        "provisionforIncomeTaxes": 15.4,
        "revenue": 88.6,
        "sgaExpense": 31.4,
        "totalOperatingExpense": 36
      },
      {
        "costOfGoodsSold": 7.3,
        "depreciationAmortization": 4.7,
        "dilutedAverageSharesOutstanding": 37.6,
        "dilutedEPS": 0.65,
        "ebit": 37,
        "grossIncome": 69.4,
        "netIncome": 24.5,
        "netIncomeAfterTaxes": 24.5,
        "period": "2015-12-31",
        "pretaxIncome": 37,
        "provisionforIncomeTaxes": 12.5,
        "revenue": 76.6,
        "sgaExpense": 27.7,
        "totalOperatingExpense": 32.4
      },
      {
        "costOfGoodsSold": 7.1,
        "depreciationAmortization": 4.6,
        "dilutedAverageSharesOutstanding": 37.6,
        "dilutedEPS": 0.6,
        "ebit": 35.4,
        "grossIncome": 67.1,
        "netIncome": 22.7,
        "netIncomeAfterTaxes": 22.7,
        "period": "2015-09-30",
        "pretaxIncome": 35.4,
        "provisionforIncomeTaxes": 12.6,
        "revenue": 74.2,
        "sgaExpense": 27.1,
        "totalOperatingExpense": 31.7
      }
    ],
    "symbol": "MKTX"
  }
}