{
  "symbol": "WY",
  "statement": "ic",
  "frequency": "annual",
  "timestamp": "2025-09-19T14:08:51.858825",
  "data": {
    "financials": [
      {
        "costOfGoodsSold": 5811,
        "dilutedAverageSharesOutstanding": 728.957,
        "dilutedEPS": 0.5432,
        "ebit": 723,
        "grossIncome": 1313,
        "interestExpense": 269,
        "interestIncomeExpense": -215,
        "netIncome": 396,
        "netIncomeAfterTaxes": 396,
        "nonRecurringItems": -39,
        "otherOperatingExpensesTotal": 15,
        "period": "2024-12-31",
        "pretaxIncome": 427,
        "provisionforIncomeTaxes": 31,
        "researchDevelopment": 7,
        "revenue": 7124,
        "sgaExpense": 568,
        "totalOperatingExpense": 590,
        "totalOtherIncomeExpenseNet": -42,
        "year": 2024
      },
      {
        "costOfGoodsSold": 5992,
        "dilutedAverageSharesOutstanding": 732.222,
        "dilutedEPS": 1.1458,
        "ebit": 1127,
        "grossIncome": 1682,
        "interestExpense": 280,
        "interestIncomeExpense": -203,
        "netIncome": 839,
        "netIncomeAfterTaxes": 839,
        "nonRecurringItems": 58,
        "otherOperatingExpensesTotal": 30,
        "period": "2023-12-31",
        "pretaxIncome": 937,
        "provisionforIncomeTaxes": 98,
        "researchDevelopment": 7,
        "revenue": 7674,
        "sgaExpense": 518,
        "totalOperatingExpense": 555,
        "totalOtherIncomeExpenseNet": -45,
        "year": 2023
      },
      {
        "costOfGoodsSold": 6564,
        "dilutedAverageSharesOutstanding": 742.953,
        "dilutedEPS": 2.5304,
        "ebit": 3091,
        "grossIncome": 3620,
        "interestExpense": 270,
        "interestIncomeExpense": -235,
        "netIncome": 1880,
        "netIncomeAfterTaxes": 1880,
        "nonRecurringItems": -502,
        "otherOperatingExpensesTotal": 32,
        "period": "2022-12-31",
        "pretaxIncome": 2305,
        "provisionforIncomeTaxes": 425,
        "researchDevelopment": 6,
        "revenue": 10184,
        "sgaExpense": 491,
        "totalOperatingExpense": 529,
        "totalOtherIncomeExpenseNet": -49,
        "year": 2022
      },
      {
        "costOfGoodsSold": 6103,
        "dilutedAverageSharesOutstanding": 750.983,
        "dilutedEPS": 3.4715,
        "ebit": 3560,
        "grossIncome": 4098,
        "interestExpense": 313,
        "interestIncomeExpense": -303,
        "netIncome": 2607,
        "netIncomeAfterTaxes": 2607,
        "nonRecurringItems": 78,
        "otherOperatingExpensesTotal": 42,
        "period": "2021-12-31",
        "pretaxIncome": 3316,
        "provisionforIncomeTaxes": 709,
        "researchDevelopment": 5,
        "revenue": 10201,
        "sgaExpense": 491,
        "totalOperatingExpense": 538,
        "totalOtherIncomeExpenseNet": -19,
        "year": 2021
      },
      {
        "costOfGoodsSold": 5447,
        "dilutedAverageSharesOutstanding": 748,
        "dilutedEPS": 1.07,
        "ebit": 1623,
        "grossIncome": 2085,
        "interestExpense": 535,
        "interestIncomeExpense": -537,
        "netIncome": 797,
        "netIncomeAfterTaxes": 797,
        "nonRecurringItems": -67,
        "otherOperatingExpensesTotal": 27,
        "period": "2020-12-31",
        "pretaxIncome": 982,
        "provisionforIncomeTaxes": 185,
        "researchDevelopment": 5,
        "revenue": 7532,
        "sgaExpense": 430,
        "totalOperatingExpense": 462,
        "totalOtherIncomeExpenseNet": -37,
        "year": 2020
      },
      {
        "costOfGoodsSold": 5412,
        "dilutedAverageSharesOutstanding": 746,
        "dilutedEPS": -0.1,
        "ebit": 744,
        "grossIncome": 1142,
        "interestExpense": 366,
        "interestIncomeExpense": -338,
        "netIncome": -76,
        "netIncomeAfterTaxes": -76,
        "nonRecurringItems": -558,
        "otherOperatingExpensesTotal": -40,
        "period": "2019-12-31",
        "pretaxIncome": -213,
        "provisionforIncomeTaxes": -137,
        "researchDevelopment": 6,
        "revenue": 6554,
        "sgaExpense": 432,
        "totalOperatingExpense": 398,
        "totalOtherIncomeExpenseNet": -61,
        "year": 2019
      },
      {
        "costOfGoodsSold": 5592,
        "dilutedAverageSharesOutstanding": 757,
        "dilutedEPS": 0.99,
        "ebit": 1418,
        "grossIncome": 1884,
        "interestExpense": 375,
        "interestIncomeExpense": -312,
        "netIncome": 748,
        "netIncomeAfterTaxes": 748,
        "nonRecurringItems": -227,
        "otherOperatingExpensesTotal": 52,
        "period": "2018-12-31",
        "pretaxIncome": 807,
        "provisionforIncomeTaxes": 59,
        "researchDevelopment": 8,
        "revenue": 7476,
        "sgaExpense": 406,
        "totalOperatingExpense": 466,
        "totalOtherIncomeExpenseNet": -72,
        "year": 2018
      },
      {
        "costOfGoodsSold": 5298,
        "dilutedAverageSharesOutstanding": 757,
        "dilutedEPS": 0.76,
        "ebit": 1187,
        "grossIncome": 1898,
        "interestExpense": 393,
        "interestIncomeExpense": -352,
        "netIncome": 582,
        "netIncomeAfterTaxes": 634,
        "nonRecurringItems": -57,
        "otherOperatingExpensesTotal": 300,
        "period": "2017-12-31",
        "pretaxIncome": 716,
        "provisionforIncomeTaxes": 82,
        "researchDevelopment": 14,
        "revenue": 7196,
        "sgaExpense": 397,
        "totalOperatingExpense": 711,
        "totalOtherIncomeExpenseNet": -62,
        "year": 2017
      },
      {
        "costOfGoodsSold": 4980,
        "dilutedAverageSharesOutstanding": 722,
        "dilutedEPS": 1.39,
        "ebit": 950,
        "grossIncome": 1385,
        "interestExpense": 431,
        "interestIncomeExpense": -360,
        "netIncome": 1005,
        "netIncomeAfterTaxes": 415,
        "nonRecurringItems": -134,
        "otherOperatingExpensesTotal": -11,
        "period": "2016-12-31",
        "pretaxIncome": 504,
        "provisionforIncomeTaxes": 89,
        "researchDevelopment": 19,
        "revenue": 6365,
        "sgaExpense": 427,
        "totalOperatingExpense": 435,
        "totalOtherIncomeExpenseNet": 48,
        "year": 2016
      },
      {
        "costOfGoodsSold": 4153,
        "dilutedAverageSharesOutstanding": 520,
        "dilutedEPS": 0.88,
        "ebit": 741,
        "grossIncome": 1093,
        "interestExpense": 341,
        "interestIncomeExpense": -352,
        "netIncome": 462,
        "netIncomeAfterTaxes": 411,
        "nonRecurringItems": -50,
        "otherOperatingExpensesTotal": -17,
        "period": "2015-12-31",
        "pretaxIncome": 353,
        "provisionforIncomeTaxes": -58,
        "researchDevelopment": 18,
        "revenue": 5246,
        "sgaExpense": 351,
        "totalOperatingExpense": 352,
        "totalOtherIncomeExpenseNet": 14,
        "year": 2015
      }
    ],
    "symbol": "WY"
  }
}