{
  "symbol": "OMC",
  "statement": "ic",
  "frequency": "quarterly",
  "timestamp": "2025-09-19T14:05:03.129919",
  "data": {
    "financials": [
      {
        "costOfGoodsSold": 2932.6,
        "depreciationAmortization": 58.7,
        "dilutedAverageSharesOutstanding": 196,
        "dilutedEPS": 1.3143,
        "ebit": 594,
        "equityEarningsAffiliates": -0.2,
        "grossIncome": 1083,
        "interestExpense": 62.6,
        "interestIncomeExpense": -40.7,
        "minorityInterest": -20.2,
        "netIncome": 257.6,
        "netIncomeAfterTaxes": 278,
        "nonRecurringItems": -154.8,
        "period": "2025-06-30",
        "pretaxIncome": 398.5,
        "provisionforIncomeTaxes": 120.5,
        "revenue": 4015.6,
        "sgaExpense": 430.3,
        "totalOperatingExpense": 489
      },
      {
        "costOfGoodsSold": 2746.3,
        "depreciationAmortization": 59,
        "dilutedAverageSharesOutstanding": 198.3,
        "dilutedEPS": 1.4508,
        "ebit": 486.4,
        "equityEarningsAffiliates": 0.9,
        "grossIncome": 944.1,
        "interestExpense": 59.1,
        "interestIncomeExpense": -29.4,
        "minorityInterest": -15.7,
        "netIncome": 287.7,
        "netIncomeAfterTaxes": 302.5,
        "nonRecurringItems": -33.8,
        "period": "2025-03-31",
        "pretaxIncome": 423.2,
        "provisionforIncomeTaxes": 120.7,
        "revenue": 3690.4,
        "sgaExpense": 398.7,
        "totalOperatingExpense": 457.7
      },
      {
        "costOfGoodsSold": 3143.8,
        "depreciationAmortization": 60.3,
        "dilutedAverageSharesOutstanding": 197.7,
        "dilutedEPS": 2.2661,
        "ebit": 699.9,
        "equityEarningsAffiliates": 2.3,
        "grossIncome": 1178.4,
        "interestExpense": 65,
        "interestIncomeExpense": -38.1,
        "minorityInterest": -30.9,
        "netIncome": 448,
        "netIncomeAfterTaxes": 476.6,
        "nonRecurringItems": -14.6,
        "period": "2024-12-31",
        "pretaxIncome": 647.2,
        "provisionforIncomeTaxes": 170.6,
        "revenue": 4322.2,
        "sgaExpense": 418.2,
        "totalOperatingExpense": 478.5
      },
      {
        "costOfGoodsSold": 2796,
        "depreciationAmortization": 61.4,
        "dilutedAverageSharesOutstanding": 198.2,
        "dilutedEPS": 1.947,
        "ebit": 600.1,
        "equityEarningsAffiliates": 0.4,
        "grossIncome": 1086.6,
        "interestExpense": 66.4,
        "interestIncomeExpense": -40.4,
        "minorityInterest": -24,
        "netIncome": 385.9,
        "netIncomeAfterTaxes": 409.5,
        "nonRecurringItems": 0,
        "period": "2024-09-30",
        "pretaxIncome": 559.7,
        "provisionforIncomeTaxes": 150.2,
        "revenue": 3882.6,
        "sgaExpense": 425.1,
        "totalOperatingExpense": 486.5
      },
      {
        "costOfGoodsSold": 2800.1,
        "depreciationAmortization": 60.4,
        "dilutedAverageSharesOutstanding": 198.5,
        "dilutedEPS": 1.6529,
        "ebit": 568.1,
        "equityEarningsAffiliates": 3.3,
        "grossIncome": 1053.7,
        "interestExpense": 62.7,
        "interestIncomeExpense": -41.7,
        "minorityInterest": -20.1,
        "netIncome": 328.1,
        "netIncomeAfterTaxes": 344.9,
        "nonRecurringItems": -57.8,
        "period": "2024-06-30",
        "pretaxIncome": 468.6,
        "provisionforIncomeTaxes": 123.7,
        "revenue": 3853.8,
        "sgaExpense": 425.2,
        "totalOperatingExpense": 485.6
      },
      {
        "costOfGoodsSold": 2692.6,
        "depreciationAmortization": 59.6,
        "dilutedAverageSharesOutstanding": 200.1,
        "dilutedEPS": 1.5922,
        "ebit": 478.9,
        "equityEarningsAffiliates": 0.9,
        "grossIncome": 937.9,
        "interestExpense": 53.8,
        "interestIncomeExpense": -26.8,
        "minorityInterest": -18.4,
        "netIncome": 318.6,
        "netIncomeAfterTaxes": 336.1,
        "nonRecurringItems": 0,
        "period": "2024-03-31",
        "pretaxIncome": 452.1,
        "provisionforIncomeTaxes": 116,
        "revenue": 3630.5,
        "sgaExpense": 399.4,
        "totalOperatingExpense": 459
      },
      {
        "costOfGoodsSold": 2954,
        "depreciationAmortization": 53.7,
        "dilutedAverageSharesOutstanding": 199.6,
        "dilutedEPS": 2.1328,
        "ebit": 661.2,
        "equityEarningsAffiliates": 2.1,
        "grossIncome": 1106.9,
        "interestExpense": 52.6,
        "interestIncomeExpense": -26.8,
        "minorityInterest": -32.1,
        "netIncome": 425.7,
        "netIncomeAfterTaxes": 455.7,
        "nonRecurringItems": -14.5,
        "period": "2023-12-31",
        "pretaxIncome": 619.9,
        "provisionforIncomeTaxes": 164.2,
        "revenue": 4060.9,
        "sgaExpense": 392,
        "totalOperatingExpense": 445.7
      },
      {
        "costOfGoodsSold": 2586.5,
        "depreciationAmortization": 52.4,
        "dilutedAverageSharesOutstanding": 199.9,
        "dilutedEPS": 1.8604,
        "ebit": 560.8,
        "equityEarningsAffiliates": 1.9,
        "grossIncome": 991.6,
        "interestExpense": 53.5,
        "interestIncomeExpense": -38.3,
        "minorityInterest": -16.4,
        "netIncome": 371.9,
        "netIncomeAfterTaxes": 386.4,
        "nonRecurringItems": 0,
        "period": "2023-09-30",
        "pretaxIncome": 522.5,
        "provisionforIncomeTaxes": 136.1,
        "revenue": 3578.1,
        "sgaExpense": 378.4,
        "totalOperatingExpense": 430.8
      },
      {
        "costOfGoodsSold": 2617.8,
        "depreciationAmortization": 51.1,
        "dilutedAverageSharesOutstanding": 201.6,
        "dilutedEPS": 1.817,
        "ebit": 544.2,
        "equityEarningsAffiliates": 1.1,
        "grossIncome": 992.1,
        "interestExpense": 57.5,
        "interestIncomeExpense": -27.4,
        "minorityInterest": -16.9,
        "netIncome": 366.3,
        "netIncomeAfterTaxes": 382.1,
        "nonRecurringItems": 6.5,
        "period": "2023-06-30",
        "pretaxIncome": 523.3,
        "provisionforIncomeTaxes": 141.2,
        "revenue": 3609.9,
        "sgaExpense": 396.8,
        "totalOperatingExpense": 447.9
      },
      {
        "costOfGoodsSold": 2542.9,
        "depreciationAmortization": 53.9,
        "dilutedAverageSharesOutstanding": 204.5,
        "dilutedEPS": 1.1125,
        "ebit": 465.7,
        "equityEarningsAffiliates": 0.1,
        "grossIncome": 900.4,
        "interestExpense": 54.9,
        "interestIncomeExpense": -19.3,
        "minorityInterest": -16.4,
        "netIncome": 227.5,
        "netIncomeAfterTaxes": 243.8,
        "nonRecurringItems": -119.2,
        "period": "2023-03-31",
        "pretaxIncome": 327.2,
        "provisionforIncomeTaxes": 83.4,
        "revenue": 3443.3,
        "sgaExpense": 380.8,
        "totalOperatingExpense": 434.7
      },
      {
        "costOfGoodsSold": 2792,
        "depreciationAmortization": 54.6,
        "dilutedAverageSharesOutstanding": 205.2,
        "dilutedEPS": 2.0945,
        "ebit": 642.7,
        "equityEarningsAffiliates": 2.6,
        "grossIncome": 1076.2,
        "interestExpense": 54.4,
        "interestIncomeExpense": -25.9,
        "minorityInterest": -26.1,
        "netIncome": 429.8,
        "netIncomeAfterTaxes": 453.3,
        "nonRecurringItems": 0,
        "period": "2022-12-31",
        "pretaxIncome": 616.8,
        "provisionforIncomeTaxes": 163.5,
        "revenue": 3868.2,
        "sgaExpense": 378.9,
        "totalOperatingExpense": 433.5
      },
      {
        "costOfGoodsSold": 2476.1,
        "depreciationAmortization": 53.9,
        "dilutedAverageSharesOutstanding": 206.3,
        "dilutedEPS": 1.7668,
        "ebit": 546,
        "equityEarningsAffiliates": 1.1,
        "grossIncome": 967.3,
        "interestExpense": 52,
        "interestIncomeExpense": -29.1,
        "minorityInterest": -18.8,
        "netIncome": 364.5,
        "netIncomeAfterTaxes": 382.2,
        "nonRecurringItems": 0,
        "period": "2022-09-30",
        "pretaxIncome": 516.9,
        "provisionforIncomeTaxes": 134.7,
        "revenue": 3443.4,
        "sgaExpense": 367.4,
        "totalOperatingExpense": 421.3
      },
      {
        "costOfGoodsSold": 2566,
        "depreciationAmortization": 55.7,
        "dilutedAverageSharesOutstanding": 206.9,
        "dilutedEPS": 1.6839,
        "ebit": 541.6,
        "equityEarningsAffiliates": 1.6,
        "grossIncome": 1001.2,
        "interestExpense": 51.2,
        "interestIncomeExpense": -40.1,
        "minorityInterest": -21.6,
        "netIncome": 348.4,
        "netIncomeAfterTaxes": 368.4,
        "nonRecurringItems": 0,
        "period": "2022-06-30",
        "pretaxIncome": 501.5,
        "provisionforIncomeTaxes": 133.1,
        "revenue": 3567.2,
        "sgaExpense": 403.9,
        "totalOperatingExpense": 459.6
      },
      {
        "costOfGoodsSold": 2491.8,
        "depreciationAmortization": 55.2,
        "dilutedAverageSharesOutstanding": 209.8,
        "dilutedEPS": 0.8284,
        "ebit": 466.4,
        "equityEarningsAffiliates": -0.1,
        "grossIncome": 918.5,
        "interestExpense": 51,
        "interestIncomeExpense": -42.8,
        "minorityInterest": -20.8,
        "netIncome": 173.8,
        "netIncomeAfterTaxes": 194.7,
        "nonRecurringItems": -113.4,
        "period": "2022-03-31",
        "pretaxIncome": 310.2,
        "provisionforIncomeTaxes": 115.5,
        "revenue": 3410.3,
        "sgaExpense": 396.9,
        "totalOperatingExpense": 452.1
      },
      {
        "costOfGoodsSold": 2792.1,
        "depreciationAmortization": 54.2,
        "dilutedAverageSharesOutstanding": 213.2,
        "dilutedEPS": 1.95,
        "ebit": 622.5,
        "equityEarningsAffiliates": 5.4,
        "grossIncome": 1063.7,
        "interestExpense": 51.6,
        "interestIncomeExpense": -44.4,
        "minorityInterest": -33.7,
        "netIncome": 416.2,
        "netIncomeAfterTaxes": 423.4,
        "nonRecurringItems": 0,
        "period": "2021-12-31",
        "pretaxIncome": 578.1,
        "provisionforIncomeTaxes": 154.7,
        "revenue": 3855.8,
        "sgaExpense": 387,
        "totalOperatingExpense": 441.2
      },
      {
        "costOfGoodsSold": 2461.8,
        "depreciationAmortization": 51.1,
        "dilutedAverageSharesOutstanding": 215.4,
        "dilutedEPS": 1.65,
        "ebit": 541.6,
        "equityEarningsAffiliates": 2.2,
        "grossIncome": 973.2,
        "interestExpense": 50.7,
        "interestIncomeExpense": -43.7,
        "minorityInterest": -24.5,
        "netIncome": 355.6,
        "netIncomeAfterTaxes": 366.2,
        "nonRecurringItems": 0,
        "period": "2021-09-30",
        "pretaxIncome": 497.9,
        "provisionforIncomeTaxes": 131.7,
        "revenue": 3435,
        "sgaExpense": 380.5,
        "totalOperatingExpense": 431.6
      },
      {
        "costOfGoodsSold": 2603.1,
        "depreciationAmortization": 53.5,
        "dilutedAverageSharesOutstanding": 217.1,
        "dilutedEPS": 1.6039,
        "ebit": 517.9,
        "equityEarningsAffiliates": -0.1,
        "grossIncome": 968.5,
        "interestExpense": 53.7,
        "interestIncomeExpense": -46.9,
        "minorityInterest": -23.4,
        "netIncome": 348.2,
        "netIncomeAfterTaxes": 371.7,
        "nonRecurringItems": 23.9,
        "period": "2021-06-30",
        "pretaxIncome": 494.9,
        "provisionforIncomeTaxes": 123.2,
        "revenue": 3571.6,
        "sgaExpense": 397.1,
        "totalOperatingExpense": 450.6
      },
      {
        "costOfGoodsSold": 2545,
        "depreciationAmortization": 53.3,
        "dilutedAverageSharesOutstanding": 216.8,
        "dilutedEPS": 1.33,
        "ebit": 465.4,
        "equityEarningsAffiliates": 0,
        "grossIncome": 881.9,
        "interestExpense": 53.8,
        "interestIncomeExpense": -47.5,
        "minorityInterest": -18.2,
        "netIncome": 287.8,
        "netIncomeAfterTaxes": 306,
        "period": "2021-03-31",
        "pretaxIncome": 417.9,
        "provisionforIncomeTaxes": 111.9,
        "revenue": 3426.9,
        "sgaExpense": 363.2,
        "totalOperatingExpense": 416.5
      },
      {
        "costOfGoodsSold": 2828.1,
        "depreciationAmortization": 53.8,
        "dilutedAverageSharesOutstanding": 216.2,
        "dilutedEPS": 1.84,
        "ebit": 507.9,
        "equityEarningsAffiliates": 3.3,
        "grossIncome": 928.9,
        "interestExpense": 55.2,
        "interestIncomeExpense": -48,
        "minorityInterest": -30.4,
        "netIncome": 398.1,
        "netIncomeAfterTaxes": 425.2,
        "nonRecurringItems": 106.8,
        "period": "2020-12-31",
        "pretaxIncome": 566.7,
        "provisionforIncomeTaxes": 141.5,
        "revenue": 3757,
        "sgaExpense": 367.2,
        "totalOperatingExpense": 421
      },
      {
        "costOfGoodsSold": 2287.1,
        "depreciationAmortization": 54.7,
        "dilutedAverageSharesOutstanding": 215.8,
        "dilutedEPS": 1.45,
        "ebit": 501.4,
        "equityEarningsAffiliates": 2.9,
        "grossIncome": 919.4,
        "interestExpense": 54.4,
        "interestIncomeExpense": -48.5,
        "minorityInterest": -21.6,
        "netIncome": 313.3,
        "netIncomeAfterTaxes": 332,
        "nonRecurringItems": 0,
        "period": "2020-09-30",
        "pretaxIncome": 452.9,
        "provisionforIncomeTaxes": 120.9,
        "revenue": 3206.5,
        "sgaExpense": 363.3,
        "totalOperatingExpense": 418
      },
      {
        "costOfGoodsSold": 2031.1,
        "depreciationAmortization": 57.1,
        "dilutedAverageSharesOutstanding": 214.9,
        "dilutedEPS": -0.11,
        "ebit": 340.4,
        "equityEarningsAffiliates": -7.8,
        "grossIncome": 769.6,
        "interestExpense": 53.7,
        "interestIncomeExpense": -47.2,
        "minorityInterest": -9.8,
        "netIncome": -24.2,
        "netIncomeAfterTaxes": -6.6,
        "nonRecurringItems": -277.9,
        "period": "2020-06-30",
        "pretaxIncome": 15.3,
        "provisionforIncomeTaxes": 21.9,
        "revenue": 2800.7,
        "sgaExpense": 372.1,
        "totalOperatingExpense": 429.2
      },
      {
        "costOfGoodsSold": 2533.3,
        "depreciationAmortization": 57,
        "dilutedAverageSharesOutstanding": 217.5,
        "dilutedEPS": 1.19,
        "ebit": 420.2,
        "equityEarningsAffiliates": -5.3,
        "grossIncome": 873.6,
        "interestExpense": 50.8,
        "interestIncomeExpense": -38.1,
        "minorityInterest": -13.6,
        "netIncome": 258.1,
        "netIncomeAfterTaxes": 277,
        "nonRecurringItems": -7.7,
        "period": "2020-03-31",
        "pretaxIncome": 374.4,
        "provisionforIncomeTaxes": 97.4,
        "revenue": 3406.9,
        "sgaExpense": 396.4,
        "totalOperatingExpense": 453.4
      },
      {
        "costOfGoodsSold": 3034.7,
        "depreciationAmortization": 56.2,
        "dilutedAverageSharesOutstanding": 219.1,
        "dilutedEPS": 1.89,
        "ebit": 646.4,
        "equityEarningsAffiliates": 0.8,
        "grossIncome": 1106.5,
        "interestIncomeExpense": -38.5,
        "minorityInterest": -34.8,
        "netIncome": 415,
        "netIncomeAfterTaxes": 449,
        "nonRecurringItems": 0,
        "period": "2019-12-31",
        "pretaxIncome": 607.9,
        "provisionforIncomeTaxes": 158.9,
        "revenue": 4141.2,
        "sgaExpense": 403.9,
        "totalOperatingExpense": 460.1
      },
      {
        "costOfGoodsSold": 2704.7,
        "depreciationAmortization": 57.9,
        "dilutedAverageSharesOutstanding": 219.4,
        "dilutedEPS": 1.32,
        "ebit": 473.3,
        "equityEarningsAffiliates": 0.5,
        "grossIncome": 919.1,
        "interestIncomeExpense": -49.3,
        "minorityInterest": -22,
        "netIncome": 290.2,
        "netIncomeAfterTaxes": 311.7,
        "nonRecurringItems": 0,
        "period": "2019-09-30",
        "pretaxIncome": 424,
        "provisionforIncomeTaxes": 112.3,
        "revenue": 3623.8,
        "sgaExpense": 387.9,
        "totalOperatingExpense": 445.8
      },
      {
        "costOfGoodsSold": 2665.2,
        "depreciationAmortization": 57.8,
        "dilutedAverageSharesOutstanding": 220.9,
        "dilutedEPS": 1.68,
        "ebit": 573.7,
        "equityEarningsAffiliates": 1.2,
        "grossIncome": 1054.6,
        "interestIncomeExpense": -50.2,
        "minorityInterest": -23.4,
        "netIncome": 370.7,
        "netIncomeAfterTaxes": 392.9,
        "period": "2019-06-30",
        "pretaxIncome": 523.5,
        "provisionforIncomeTaxes": 130.6,
        "revenue": 3719.8,
        "sgaExpense": 423.1,
        "totalOperatingExpense": 480.9
      },
      {
        "costOfGoodsSold": 2567.6,
        "depreciationAmortization": 59.6,
        "dilutedAverageSharesOutstanding": 224.2,
        "dilutedEPS": 1.17,
        "ebit": 428.9,
        "equityEarningsAffiliates": -0.5,
        "grossIncome": 901.3,
        "interestIncomeExpense": -46,
        "minorityInterest": -16.5,
        "netIncome": 263.2,
        "netIncomeAfterTaxes": 280.2,
        "period": "2019-03-31",
        "pretaxIncome": 382.9,
        "provisionforIncomeTaxes": 102.7,
        "revenue": 3468.9,
        "sgaExpense": 412.8,
        "totalOperatingExpense": 472.4
      },
      {
        "costOfGoodsSold": 2986.2,
        "depreciationAmortization": 61.3,
        "dilutedAverageSharesOutstanding": 224.9,
        "dilutedEPS": 1.78,
        "ebit": 627.2,
        "equityEarningsAffiliates": 5.3,
        "grossIncome": 1100.5,
        "interestIncomeExpense": -53.1,
        "minorityInterest": -30.5,
        "netIncome": 399.2,
        "netIncomeAfterTaxes": 424.4,
        "nonRecurringItems": 0,
        "period": "2018-12-31",
        "pretaxIncome": 574.1,
        "provisionforIncomeTaxes": 149.7,
        "revenue": 4086.7,
        "sgaExpense": 412,
        "totalOperatingExpense": 473.3
      },
      {
        "costOfGoodsSold": 2834.2,
        "depreciationAmortization": 65.9,
        "dilutedAverageSharesOutstanding": 225.9,
        "dilutedEPS": 1.32,
        "ebit": 323.9,
        "equityEarningsAffiliates": 1,
        "grossIncome": 880.1,
        "interestIncomeExpense": -56.7,
        "minorityInterest": -32.4,
        "netIncome": 298.9,
        "netIncomeAfterTaxes": 359.2,
        "nonRecurringItems": 178.4,
        "period": "2018-09-30",
        "pretaxIncome": 445.6,
        "provisionforIncomeTaxes": 86.4,
        "revenue": 3714.3,
        "sgaExpense": 490.3,
        "totalOperatingExpense": 556.2
      },
      {
        "costOfGoodsSold": 2772.9,
        "depreciationAmortization": 67.4,
        "dilutedAverageSharesOutstanding": 228.1,
        "dilutedEPS": 1.6,
        "ebit": 582.3,
        "equityEarningsAffiliates": 1.7,
        "grossIncome": 1086.7,
        "interestIncomeExpense": -52.5,
        "minorityInterest": -30.6,
        "netIncome": 364.1,
        "netIncomeAfterTaxes": 393.1,
        "period": "2018-06-30",
        "pretaxIncome": 529.8,
        "provisionforIncomeTaxes": 136.7,
        "revenue": 3859.6,
        "sgaExpense": 437,
        "totalOperatingExpense": 504.4
      },
      {
        "costOfGoodsSold": 2712.8,
        "depreciationAmortization": 69.4,
        "dilutedAverageSharesOutstanding": 231.5,
        "dilutedEPS": 1.14,
        "ebit": 421.7,
        "equityEarningsAffiliates": 0.8,
        "grossIncome": 916.8,
        "interestIncomeExpense": -46.9,
        "minorityInterest": -20.6,
        "netIncome": 264.1,
        "netIncomeAfterTaxes": 283.9,
        "period": "2018-03-31",
        "pretaxIncome": 374.8,
        "provisionforIncomeTaxes": 90.9,
        "revenue": 3629.6,
        "sgaExpense": 425.7,
        "totalOperatingExpense": 495.1
      },
      {
        "costOfGoodsSold": 3042.6,
        "depreciationAmortization": 69.7,
        "dilutedAverageSharesOutstanding": 232.4,
        "dilutedEPS": 1.09,
        "ebit": 626.4,
        "equityEarningsAffiliates": 0.8,
        "grossIncome": 1133.9,
        "interestIncomeExpense": -49.9,
        "minorityInterest": -33.4,
        "netIncome": 254.2,
        "netIncomeAfterTaxes": 393.3,
        "nonRecurringItems": 0,
        "period": "2017-12-31",
        "pretaxIncome": 576.5,
        "provisionforIncomeTaxes": 183.2,
        "revenue": 4176.5,
        "sgaExpense": 437.8,
        "totalOperatingExpense": 507.5
      },
      {
        "costOfGoodsSold": 2764.5,
        "depreciationAmortization": 68.6,
        "dilutedAverageSharesOutstanding": 232.7,
        "dilutedEPS": 1.13,
        "ebit": 470.2,
        "equityEarningsAffiliates": 1.1,
        "grossIncome": 955,
        "interestIncomeExpense": -52.4,
        "minorityInterest": -23.3,
        "netIncome": 263.3,
        "netIncomeAfterTaxes": 285.8,
        "nonRecurringItems": 0,
        "period": "2017-09-30",
        "pretaxIncome": 417.8,
        "provisionforIncomeTaxes": 132,
        "revenue": 3719.5,
        "sgaExpense": 416.2,
        "totalOperatingExpense": 484.8
      },
      {
        "costOfGoodsSold": 2731.7,
        "depreciationAmortization": 71.1,
        "dilutedAverageSharesOutstanding": 234,
        "dilutedEPS": 1.4,
        "ebit": 571.5,
        "equityEarningsAffiliates": 1.6,
        "grossIncome": 1058.4,
        "interestIncomeExpense": -51.3,
        "minorityInterest": -26.5,
        "netIncome": 328.1,
        "netIncomeAfterTaxes": 353.5,
        "period": "2017-06-30",
        "pretaxIncome": 520.2,
        "provisionforIncomeTaxes": 166.7,
        "revenue": 3790.1,
        "sgaExpense": 415.8,
        "totalOperatingExpense": 486.9
      },
      {
        "costOfGoodsSold": 2688.4,
        "depreciationAmortization": 72.7,
        "dilutedAverageSharesOutstanding": 236.5,
        "dilutedEPS": 1.02,
        "ebit": 415.7,
        "equityEarningsAffiliates": 0.1,
        "grossIncome": 899,
        "interestIncomeExpense": -45.4,
        "minorityInterest": -20.6,
        "netIncome": 241.3,
        "netIncomeAfterTaxes": 262.3,
        "period": "2017-03-31",
        "pretaxIncome": 370.3,
        "provisionforIncomeTaxes": 108,
        "revenue": 3587.4,
        "sgaExpense": 410.6,
        "totalOperatingExpense": 483.3
      },
      {
        "costOfGoodsSold": 3114.5,
        "depreciationAmortization": 72.6,
        "dilutedAverageSharesOutstanding": 238,
        "dilutedEPS": 1.46,
        "ebit": 623.5,
        "equityEarningsAffiliates": 1.4,
        "grossIncome": 1127.3,
        "interestIncomeExpense": -61.7,
        "minorityInterest": -30.1,
        "netIncome": 348.6,
        "netIncomeAfterTaxes": 379,
        "nonRecurringItems": 0,
        "period": "2016-12-31",
        "pretaxIncome": 561.8,
        "provisionforIncomeTaxes": 182.8,
        "revenue": 4241.8,
        "sgaExpense": 431.2,
        "totalOperatingExpense": 503.8
      },
      {
        "costOfGoodsSold": 2855.3,
        "depreciationAmortization": 73.1,
        "dilutedAverageSharesOutstanding": 238.7,
        "dilutedEPS": 1.06,
        "ebit": 453.1,
        "equityEarningsAffiliates": 1.4,
        "grossIncome": 935.8,
        "interestIncomeExpense": -42,
        "minorityInterest": -24.4,
        "netIncome": 252.6,
        "netIncomeAfterTaxes": 276.8,
        "period": "2016-09-30",
        "pretaxIncome": 411.1,
        "provisionforIncomeTaxes": 134.3,
        "revenue": 3791.1,
        "sgaExpense": 409.6,
        "totalOperatingExpense": 482.7
      },
      {
        "costOfGoodsSold": 2824.6,
        "depreciationAmortization": 73,
        "dilutedAverageSharesOutstanding": 239,
        "dilutedEPS": 1.36,
        "ebit": 561.8,
        "equityEarningsAffiliates": 2.8,
        "grossIncome": 1060.3,
        "interestIncomeExpense": -44.8,
        "minorityInterest": -25.8,
        "netIncome": 324.1,
        "netIncomeAfterTaxes": 349.1,
        "period": "2016-06-30",
        "pretaxIncome": 517,
        "provisionforIncomeTaxes": 167.9,
        "revenue": 3884.9,
        "sgaExpense": 425.5,
        "totalOperatingExpense": 498.5
      },
      {
        "costOfGoodsSold": 2624.6,
        "depreciationAmortization": 74.2,
        "dilutedAverageSharesOutstanding": 241.1,
        "dilutedEPS": 0.9,
        "ebit": 392.1,
        "equityEarningsAffiliates": -0.2,
        "grossIncome": 874.5,
        "interestIncomeExpense": -40.1,
        "minorityInterest": -17.9,
        "netIncome": 216.9,
        "netIncomeAfterTaxes": 236.5,
        "period": "2016-03-31",
        "pretaxIncome": 352,
        "provisionforIncomeTaxes": 115.5,
        "revenue": 3499.1,
        "sgaExpense": 408.2,
        "totalOperatingExpense": 482.4
      },
      {
        "costOfGoodsSold": 3118.8,
        "dilutedAverageSharesOutstanding": 243.4,
        "dilutedEPS": 1.4,
        "ebit": 575.5,
        "equityEarningsAffiliates": 2.2,
        "grossIncome": 1034.5,
        "interestIncomeExpense": -36.8,
        "minorityInterest": -32.6,
        "netIncome": 340.6,
        "netIncomeAfterTaxes": 362,
        "period": "2015-12-31",
        "pretaxIncome": 538.7,
        "provisionforIncomeTaxes": 176.7,
        "revenue": 4153.3,
        "sgaExpense": 459,
        "totalOperatingExpense": 459
      },
      {
        "costOfGoodsSold": 2832.6,
        "dilutedAverageSharesOutstanding": 244.4,
        "dilutedEPS": 0.97,
        "ebit": 428.3,
        "equityEarningsAffiliates": 3.2,
        "grossIncome": 874,
        "interestIncomeExpense": -35.9,
        "minorityInterest": -27.4,
        "netIncome": 236.8,
        "netIncomeAfterTaxes": 263.5,
        "period": "2015-09-30",
        "pretaxIncome": 392.4,
        "provisionforIncomeTaxes": 128.9,
        "revenue": 3706.6,
        "sgaExpense": 445.7,
        "totalOperatingExpense": 445.7
      }
    ],
    "symbol": "OMC"
  }
}