{
  "symbol": "VRSK",
  "statement": "ic",
  "frequency": "quarterly",
  "timestamp": "2025-09-19T14:08:14.817915",
  "data": {
    "financials": [
      {
        "costOfGoodsSold": 229.5,
        "depreciationAmortization": 82.3,
        "dilutedAverageSharesOutstanding": 140.3395,
        "dilutedEPS": 1.8049,
        "ebit": 354.4,
        "grossIncome": 543.1,
        "interestIncomeExpense": -26.4,
        "minorityInterest": 0,
        "netIncome": 253.3,
        "netIncomeAfterTaxes": 253.3,
        "nonRecurringItems": -0.1,
        "period": "2025-06-30",
        "pretaxIncome": 327.9,
        "provisionforIncomeTaxes": 74.6,
        "revenue": 772.6,
        "sgaExpense": 106.4,
        "totalOperatingExpense": 188.7
      },
      {
        "costOfGoodsSold": 230.8,
        "depreciationAmortization": 83.2,
        "dilutedAverageSharesOutstanding": 140.9396,
        "dilutedEPS": 1.6482,
        "ebit": 330.9,
        "grossIncome": 522.2,
        "interestIncomeExpense": -33.7,
        "minorityInterest": 0,
        "netIncome": 232.3,
        "netIncomeAfterTaxes": 232.3,
        "nonRecurringItems": -0.8,
        "period": "2025-03-31",
        "pretaxIncome": 296.4,
        "provisionforIncomeTaxes": 64.1,
        "revenue": 753,
        "sgaExpense": 108.1,
        "totalOperatingExpense": 191.3
      },
      {
        "costOfGoodsSold": 230.5,
        "depreciationAmortization": 76.4,
        "dilutedAverageSharesOutstanding": 141.5908,
        "dilutedEPS": 1.48,
        "ebit": 316.3,
        "grossIncome": 505.1,
        "interestIncomeExpense": -41.2,
        "minorityInterest": 0.1,
        "netIncome": 210.4,
        "netIncomeAfterTaxes": 203.5,
        "nonRecurringItems": 0,
        "otherOperatingExpensesTotal": 12.1,
        "period": "2024-12-31",
        "pretaxIncome": 275.1,
        "provisionforIncomeTaxes": 71.6,
        "revenue": 735.6,
        "sgaExpense": 100.3,
        "totalOperatingExpense": 188.8
      },
      {
        "costOfGoodsSold": 223.4,
        "depreciationAmortization": 76.4,
        "dilutedAverageSharesOutstanding": 142.5115,
        "dilutedEPS": 1.5444,
        "ebit": 311.7,
        "grossIncome": 501.9,
        "interestIncomeExpense": -26.2,
        "minorityInterest": 0.1,
        "netIncome": 220.1,
        "netIncomeAfterTaxes": 220,
        "nonRecurringItems": -0.2,
        "period": "2024-09-30",
        "pretaxIncome": 285.3,
        "provisionforIncomeTaxes": 65.3,
        "revenue": 725.3,
        "sgaExpense": 113.8,
        "totalOperatingExpense": 190.2
      },
      {
        "costOfGoodsSold": 219.4,
        "depreciationAmortization": 77.2,
        "dilutedAverageSharesOutstanding": 143.2932,
        "dilutedEPS": 2.1501,
        "ebit": 318.7,
        "grossIncome": 497.4,
        "interestIncomeExpense": 70.7,
        "minorityInterest": 0.3,
        "netIncome": 308.1,
        "netIncomeAfterTaxes": 307.8,
        "nonRecurringItems": 3.6,
        "period": "2024-06-30",
        "pretaxIncome": 393,
        "provisionforIncomeTaxes": 85.2,
        "revenue": 716.8,
        "sgaExpense": 101.5,
        "totalOperatingExpense": 178.7
      },
      {
        "costOfGoodsSold": 227.8,
        "depreciationAmortization": 75.9,
        "dilutedAverageSharesOutstanding": 143.9735,
        "dilutedEPS": 1.5253,
        "ebit": 307.5,
        "grossIncome": 476.2,
        "interestIncomeExpense": -32.2,
        "minorityInterest": 0.2,
        "netIncome": 219.6,
        "netIncomeAfterTaxes": 219.4,
        "nonRecurringItems": -0.1,
        "period": "2024-03-31",
        "pretaxIncome": 275.2,
        "provisionforIncomeTaxes": 55.8,
        "revenue": 704,
        "sgaExpense": 92.8,
        "totalOperatingExpense": 168.7
      },
      {
        "costOfGoodsSold": 226.2,
        "depreciationAmortization": 86.1,
        "dilutedAverageSharesOutstanding": 145.3927,
        "dilutedEPS": 1.19,
        "ebit": 251,
        "grossIncome": 451,
        "interestExpense": 28.1,
        "interestIncomeExpense": -7.8,
        "minorityInterest": 0.2,
        "netIncome": 174,
        "netIncomeAfterTaxes": 182.3,
        "nonRecurringItems": -0.5,
        "period": "2023-12-31",
        "pretaxIncome": 242.7,
        "provisionforIncomeTaxes": 60.4,
        "revenue": 677.2,
        "sgaExpense": 113.9,
        "totalOperatingExpense": 200
      },
      {
        "costOfGoodsSold": 217.2,
        "depreciationAmortization": 67.7,
        "dilutedAverageSharesOutstanding": 145.7425,
        "dilutedEPS": 1.2858,
        "ebit": 281.2,
        "grossIncome": 460.4,
        "interestExpense": 29.4,
        "interestIncomeExpense": -31.4,
        "minorityInterest": 0,
        "netIncome": 187.4,
        "netIncomeAfterTaxes": 187.4,
        "nonRecurringItems": -0.1,
        "otherOperatingExpensesTotal": 0,
        "period": "2023-09-30",
        "pretaxIncome": 249.7,
        "provisionforIncomeTaxes": 62.3,
        "revenue": 677.6,
        "sgaExpense": 111.5,
        "totalOperatingExpense": 179.2
      },
      {
        "costOfGoodsSold": 216.9,
        "depreciationAmortization": 65.3,
        "dilutedAverageSharesOutstanding": 145.5001,
        "dilutedEPS": 1.35,
        "ebit": 306.9,
        "grossIncome": 458.1,
        "interestExpense": 31.6,
        "interestIncomeExpense": -37.8,
        "minorityInterest": 0.1,
        "netIncome": 196.9,
        "netIncomeAfterTaxes": 204.3,
        "nonRecurringItems": -0.9,
        "otherOperatingExpensesTotal": 0,
        "period": "2023-06-30",
        "pretaxIncome": 268.2,
        "provisionforIncomeTaxes": 63.9,
        "revenue": 675,
        "sgaExpense": 85.9,
        "totalOperatingExpense": 151.2
      },
      {
        "costOfGoodsSold": 216.2,
        "depreciationAmortization": 62.3,
        "dilutedAverageSharesOutstanding": 152.7093,
        "dilutedEPS": 0.36,
        "ebit": 295.1,
        "grossIncome": 435.4,
        "interestExpense": 26.4,
        "interestIncomeExpense": -27.5,
        "minorityInterest": -0.1,
        "netIncome": 56.3,
        "netIncomeAfterTaxes": 194.4,
        "nonRecurringItems": -1,
        "otherOperatingExpensesTotal": 0,
        "period": "2023-03-31",
        "pretaxIncome": 266.6,
        "provisionforIncomeTaxes": 72.2,
        "revenue": 651.6,
        "sgaExpense": 78,
        "totalOperatingExpense": 140.3
      },
      {
        "costOfGoodsSold": 51.3,
        "depreciationAmortization": 13.1,
        "dilutedAverageSharesOutstanding": 156.975,
        "dilutedEPS": 0.38,
        "ebit": 218.2,
        "grossIncome": 178.6,
        "interestExpense": 41.2,
        "interestIncomeExpense": -53.9,
        "minorityInterest": -0.1,
        "netIncome": 61.1,
        "netIncomeAfterTaxes": 149,
        "otherOperatingExpensesTotal": -47.1,
        "period": "2022-12-31",
        "pretaxIncome": 164.3,
        "provisionforIncomeTaxes": 15.3,
        "revenue": 229.9,
        "sgaExpense": -5.6,
        "totalOperatingExpense": -39.6
      },
      {
        "costOfGoodsSold": 246.7,
        "depreciationAmortization": 88.3,
        "dilutedAverageSharesOutstanding": 157.9786,
        "dilutedEPS": 1.1989,
        "ebit": 276.6,
        "grossIncome": 498.6,
        "interestExpense": 34.4,
        "interestIncomeExpense": -31.4,
        "minorityInterest": -0.1,
        "netIncome": 189.4,
        "netIncomeAfterTaxes": 189.5,
        "otherOperatingExpensesTotal": 7.8,
        "period": "2022-09-30",
        "pretaxIncome": 245.2,
        "provisionforIncomeTaxes": 55.7,
        "revenue": 745.3,
        "sgaExpense": 125.9,
        "totalOperatingExpense": 222
      },
      {
        "costOfGoodsSold": 246.1,
        "depreciationAmortization": 89.6,
        "dilutedAverageSharesOutstanding": 159.1236,
        "dilutedEPS": 1.2424,
        "ebit": 269.1,
        "grossIncome": 500.2,
        "interestExpense": 31.9,
        "interestIncomeExpense": -27.1,
        "minorityInterest": -0.1,
        "netIncome": 197.7,
        "netIncomeAfterTaxes": 197.8,
        "otherOperatingExpensesTotal": 15.6,
        "period": "2022-06-30",
        "pretaxIncome": 242,
        "provisionforIncomeTaxes": 44.2,
        "revenue": 746.3,
        "sgaExpense": 125.9,
        "totalOperatingExpense": 231.1
      },
      {
        "costOfGoodsSold": 280.5,
        "depreciationAmortization": 94.2,
        "dilutedAverageSharesOutstanding": 161.6386,
        "dilutedEPS": 3.1286,
        "ebit": 642.6,
        "grossIncome": 495,
        "interestExpense": 31.3,
        "interestIncomeExpense": -31.7,
        "minorityInterest": -0.1,
        "netIncome": 505.7,
        "netIncomeAfterTaxes": 505.8,
        "otherOperatingExpensesTotal": -377.1,
        "period": "2022-03-31",
        "pretaxIncome": 610.9,
        "provisionforIncomeTaxes": 105.1,
        "revenue": 775.5,
        "sgaExpense": 135.3,
        "totalOperatingExpense": -147.6
      },
      {
        "costOfGoodsSold": 61.1,
        "depreciationAmortization": 16.4,
        "dilutedAverageSharesOutstanding": 163.0796,
        "dilutedEPS": 0.87,
        "ebit": 104.7,
        "grossIncome": 168.8,
        "interestExpense": 30.2,
        "interestIncomeExpense": -29.4,
        "minorityInterest": 0.1,
        "netIncome": 141.9,
        "netIncomeAfterTaxes": 82.6,
        "otherOperatingExpensesTotal": 80.8,
        "period": "2021-12-31",
        "pretaxIncome": 75.3,
        "provisionforIncomeTaxes": -7.3,
        "revenue": 229.9,
        "sgaExpense": -33.1,
        "totalOperatingExpense": 64.1
      },
      {
        "costOfGoodsSold": 265.3,
        "depreciationAmortization": 89.7,
        "dilutedAverageSharesOutstanding": 162.7928,
        "dilutedEPS": 1.239,
        "ebit": 288.9,
        "grossIncome": 493.7,
        "interestExpense": 29.9,
        "interestIncomeExpense": -29.8,
        "minorityInterest": -3.2,
        "netIncome": 201.7,
        "netIncomeAfterTaxes": 204.9,
        "otherOperatingExpensesTotal": 0,
        "period": "2021-09-30",
        "pretaxIncome": 259.1,
        "provisionforIncomeTaxes": 54.2,
        "revenue": 759,
        "sgaExpense": 115.1,
        "totalOperatingExpense": 204.8
      },
      {
        "costOfGoodsSold": 264.9,
        "depreciationAmortization": 103.8,
        "dilutedAverageSharesOutstanding": 163.0465,
        "dilutedEPS": 0.9445,
        "ebit": 267.4,
        "grossIncome": 482.6,
        "interestExpense": 31.5,
        "interestIncomeExpense": -32,
        "minorityInterest": 2.4,
        "netIncome": 154,
        "netIncomeAfterTaxes": 151.6,
        "period": "2021-06-30",
        "pretaxIncome": 235.4,
        "provisionforIncomeTaxes": 83.8,
        "revenue": 747.5,
        "sgaExpense": 111.4,
        "totalOperatingExpense": 215.2
      },
      {
        "costOfGoodsSold": 262.4,
        "depreciationAmortization": 93.5,
        "dilutedAverageSharesOutstanding": 164.4,
        "dilutedEPS": 1.03,
        "ebit": 250.4,
        "grossIncome": 463.7,
        "interestExpense": 35.4,
        "interestIncomeExpense": -33.7,
        "minorityInterest": 0.6,
        "netIncome": 168.6,
        "netIncomeAfterTaxes": 168,
        "period": "2021-03-31",
        "pretaxIncome": 216.7,
        "provisionforIncomeTaxes": 48.7,
        "revenue": 726.1,
        "sgaExpense": 119.8,
        "totalOperatingExpense": 213.3
      },
      {
        "costOfGoodsSold": 260.5,
        "depreciationAmortization": 93.2,
        "dilutedAverageSharesOutstanding": 164.7,
        "dilutedEPS": 1.07,
        "ebit": 250.6,
        "grossIncome": 452.9,
        "interestExpense": 35.4,
        "interestIncomeExpense": -34.6,
        "netIncome": 176.2,
        "netIncomeAfterTaxes": 176.2,
        "otherOperatingExpensesTotal": 0,
        "period": "2020-12-31",
        "pretaxIncome": 216,
        "provisionforIncomeTaxes": 39.8,
        "revenue": 713.4,
        "sgaExpense": 109.1,
        "totalOperatingExpense": 202.3
      },
      {
        "costOfGoodsSold": 240,
        "depreciationAmortization": 90.9,
        "dilutedAverageSharesOutstanding": 165.7,
        "dilutedEPS": 1.12,
        "ebit": 275.4,
        "grossIncome": 462.7,
        "interestExpense": 35.3,
        "interestIncomeExpense": -35.4,
        "netIncome": 185.8,
        "netIncomeAfterTaxes": 185.8,
        "otherOperatingExpensesTotal": 0,
        "period": "2020-09-30",
        "pretaxIncome": 240,
        "provisionforIncomeTaxes": 54.2,
        "revenue": 702.7,
        "sgaExpense": 96.4,
        "totalOperatingExpense": 187.3
      },
      {
        "costOfGoodsSold": 235.8,
        "depreciationAmortization": 86.9,
        "dilutedAverageSharesOutstanding": 165.1,
        "dilutedEPS": 1.08,
        "ebit": 259.7,
        "grossIncome": 443,
        "interestExpense": 34.2,
        "interestIncomeExpense": -34.9,
        "netIncome": 179,
        "netIncomeAfterTaxes": 179,
        "otherOperatingExpensesTotal": 0,
        "period": "2020-06-30",
        "pretaxIncome": 224.8,
        "provisionforIncomeTaxes": 45.8,
        "revenue": 678.8,
        "sgaExpense": 96.4,
        "totalOperatingExpense": 183.3
      },
      {
        "costOfGoodsSold": 257.7,
        "depreciationAmortization": 87.1,
        "dilutedAverageSharesOutstanding": 165.7,
        "dilutedEPS": 1.04,
        "ebit": 252.3,
        "grossIncome": 432.1,
        "interestExpense": 33.5,
        "interestIncomeExpense": -35.6,
        "netIncome": 171.7,
        "netIncomeAfterTaxes": 171.7,
        "otherOperatingExpensesTotal": -19.4,
        "period": "2020-03-31",
        "pretaxIncome": 216.7,
        "provisionforIncomeTaxes": 45,
        "revenue": 689.8,
        "sgaExpense": 112.1,
        "totalOperatingExpense": 179.8
      },
      {
        "costOfGoodsSold": 259.8,
        "depreciationAmortization": 85.6,
        "dilutedAverageSharesOutstanding": 166.2,
        "dilutedEPS": 0.8,
        "ebit": 194.6,
        "grossIncome": 417,
        "interestExpense": 33.1,
        "interestIncomeExpense": -28.3,
        "netIncome": 132.2,
        "netIncomeAfterTaxes": 132.2,
        "nonRecurringItems": 5.8,
        "otherOperatingExpensesTotal": 6.2,
        "period": "2019-12-31",
        "pretaxIncome": 172.1,
        "provisionforIncomeTaxes": 39.9,
        "revenue": 676.8,
        "sgaExpense": 130.6,
        "totalOperatingExpense": 222.4
      },
      {
        "costOfGoodsSold": 242.9,
        "depreciationAmortization": 79.1,
        "dilutedAverageSharesOutstanding": 166.8,
        "dilutedEPS": 0.2,
        "ebit": 104.3,
        "grossIncome": 409.8,
        "interestExpense": 31.3,
        "interestIncomeExpense": -36.8,
        "netIncome": 32.9,
        "netIncomeAfterTaxes": 32.9,
        "nonRecurringItems": -28.6,
        "period": "2019-09-30",
        "pretaxIncome": 38.9,
        "provisionforIncomeTaxes": 6,
        "revenue": 652.7,
        "sgaExpense": 226.4,
        "totalOperatingExpense": 305.5
      },
      {
        "costOfGoodsSold": 242.7,
        "depreciationAmortization": 79.3,
        "dilutedAverageSharesOutstanding": 166.7,
        "dilutedEPS": 0.9,
        "ebit": 229.1,
        "grossIncome": 409.9,
        "interestExpense": 30.5,
        "interestIncomeExpense": -31,
        "netIncome": 150.4,
        "netIncomeAfterTaxes": 150.4,
        "nonRecurringItems": -10.8,
        "period": "2019-06-30",
        "pretaxIncome": 187.3,
        "provisionforIncomeTaxes": 36.9,
        "revenue": 652.6,
        "sgaExpense": 101.5,
        "totalOperatingExpense": 180.8
      },
      {
        "costOfGoodsSold": 231.4,
        "depreciationAmortization": 79.8,
        "dilutedAverageSharesOutstanding": 166.5,
        "dilutedEPS": 0.81,
        "ebit": 215.1,
        "grossIncome": 393.6,
        "interestExpense": 31.9,
        "interestIncomeExpense": -32.3,
        "netIncome": 134.4,
        "netIncomeAfterTaxes": 134.4,
        "nonRecurringItems": -12.7,
        "period": "2019-03-31",
        "pretaxIncome": 170.1,
        "provisionforIncomeTaxes": 35.7,
        "revenue": 625,
        "sgaExpense": 98.7,
        "totalOperatingExpense": 178.5
      },
      {
        "costOfGoodsSold": 224,
        "depreciationAmortization": 76,
        "dilutedAverageSharesOutstanding": 167.3,
        "dilutedEPS": 0.88,
        "ebit": 216.2,
        "grossIncome": 389.9,
        "interestExpense": 32.6,
        "interestIncomeExpense": -36.6,
        "netIncome": 146.2,
        "netIncomeAfterTaxes": 147.2,
        "period": "2018-12-31",
        "pretaxIncome": 179.6,
        "provisionforIncomeTaxes": 32.4,
        "revenue": 613.9,
        "sgaExpense": 97.7,
        "totalOperatingExpense": 173.7
      },
      {
        "costOfGoodsSold": 219.2,
        "depreciationAmortization": 72.7,
        "dilutedAverageSharesOutstanding": 168.2,
        "dilutedEPS": 0.99,
        "ebit": 211.1,
        "grossIncome": 379.5,
        "interestExpense": 32.4,
        "interestIncomeExpense": -18.3,
        "netIncome": 166,
        "netIncomeAfterTaxes": 166,
        "period": "2018-09-30",
        "pretaxIncome": 192.8,
        "provisionforIncomeTaxes": 26.8,
        "revenue": 598.7,
        "sgaExpense": 95.7,
        "totalOperatingExpense": 168.4
      },
      {
        "costOfGoodsSold": 222.4,
        "depreciationAmortization": 73.6,
        "dilutedAverageSharesOutstanding": 168.7,
        "dilutedEPS": 0.91,
        "ebit": 212.3,
        "grossIncome": 378.9,
        "interestExpense": 31.9,
        "interestIncomeExpense": -27.3,
        "netIncome": 153.5,
        "netIncomeAfterTaxes": 153.5,
        "period": "2018-06-30",
        "pretaxIncome": 185,
        "provisionforIncomeTaxes": 31.5,
        "revenue": 601.3,
        "sgaExpense": 93,
        "totalOperatingExpense": 166.6
      },
      {
        "costOfGoodsSold": 221.2,
        "depreciationAmortization": 73.7,
        "dilutedAverageSharesOutstanding": 169,
        "dilutedEPS": 0.79,
        "ebit": 194.5,
        "grossIncome": 360,
        "interestExpense": 32.8,
        "interestIncomeExpense": -32.2,
        "netIncome": 133,
        "netIncomeAfterTaxes": 133,
        "period": "2018-03-31",
        "pretaxIncome": 162.3,
        "provisionforIncomeTaxes": 29.3,
        "revenue": 581.2,
        "sgaExpense": 91.8,
        "totalOperatingExpense": 165.5
      },
      {
        "costOfGoodsSold": 208.7,
        "depreciationAmortization": 64.4,
        "dilutedAverageSharesOutstanding": 168.3,
        "dilutedEPS": 1.21,
        "ebit": 210,
        "grossIncome": 361.6,
        "interestExpense": 32.1,
        "interestIncomeExpense": -30.8,
        "netIncome": 204.6,
        "netIncomeAfterTaxes": 115.5,
        "period": "2017-12-31",
        "pretaxIncome": 179.2,
        "provisionforIncomeTaxes": 63.7,
        "revenue": 570.3,
        "sgaExpense": 87.2,
        "totalOperatingExpense": 151.6
      },
      {
        "costOfGoodsSold": 198.5,
        "depreciationAmortization": 61.3,
        "dilutedAverageSharesOutstanding": 168,
        "dilutedEPS": 0.72,
        "ebit": 208.4,
        "grossIncome": 350.6,
        "interestExpense": 30.3,
        "interestIncomeExpense": -27.7,
        "netIncome": 120.7,
        "netIncomeAfterTaxes": 120.7,
        "period": "2017-09-30",
        "pretaxIncome": 180.7,
        "provisionforIncomeTaxes": 60,
        "revenue": 549.1,
        "sgaExpense": 80.9,
        "totalOperatingExpense": 142.2
      },
      {
        "costOfGoodsSold": 193.7,
        "depreciationAmortization": 55.7,
        "dilutedAverageSharesOutstanding": 168.3,
        "dilutedEPS": 0.72,
        "ebit": 195,
        "grossIncome": 329.5,
        "interestExpense": 28.5,
        "interestIncomeExpense": -25.1,
        "netIncome": 121,
        "netIncomeAfterTaxes": 121,
        "period": "2017-06-30",
        "pretaxIncome": 169.9,
        "provisionforIncomeTaxes": 48.9,
        "revenue": 523.2,
        "sgaExpense": 78.8,
        "totalOperatingExpense": 134.5
      },
      {
        "costOfGoodsSold": 182.9,
        "depreciationAmortization": 56.1,
        "dilutedAverageSharesOutstanding": 170.2,
        "dilutedEPS": 0.64,
        "ebit": 187.7,
        "grossIncome": 319.7,
        "interestExpense": 28.4,
        "interestIncomeExpense": -26.5,
        "netIncome": 108.8,
        "netIncomeAfterTaxes": 108.8,
        "period": "2017-03-31",
        "pretaxIncome": 161.2,
        "provisionforIncomeTaxes": 52.4,
        "revenue": 502.6,
        "sgaExpense": 75.9,
        "totalOperatingExpense": 132
      },
      {
        "costOfGoodsSold": 193,
        "depreciationAmortization": 50.5,
        "dilutedAverageSharesOutstanding": 170.2,
        "dilutedEPS": 0.63,
        "ebit": 185.5,
        "grossIncome": 313.1,
        "interestExpense": 28.383,
        "interestIncomeExpense": -25.3,
        "netIncome": 109.2,
        "netIncomeAfterTaxes": 107.5,
        "period": "2016-12-31",
        "pretaxIncome": 160.2,
        "provisionforIncomeTaxes": 52.7,
        "revenue": 506.1,
        "sgaExpense": 77.2,
        "totalOperatingExpense": 127.7
      },
      {
        "costOfGoodsSold": 169.7,
        "depreciationAmortization": 52.2,
        "dilutedAverageSharesOutstanding": 171.8,
        "dilutedEPS": 0.74,
        "ebit": 198.4,
        "grossIncome": 328.4,
        "interestExpense": 28.15,
        "interestIncomeExpense": -26,
        "netIncome": 127.6,
        "netIncomeAfterTaxes": 127.6,
        "period": "2016-09-30",
        "pretaxIncome": 172.4,
        "provisionforIncomeTaxes": 44.8,
        "revenue": 498.1,
        "sgaExpense": 77.8,
        "totalOperatingExpense": 130
      },
      {
        "costOfGoodsSold": 178.5,
        "depreciationAmortization": 53.2,
        "dilutedAverageSharesOutstanding": 171.2,
        "dilutedEPS": 1.52,
        "ebit": 191.1,
        "grossIncome": 319.8,
        "interestExpense": 31.435,
        "interestIncomeExpense": -30.6,
        "netIncome": 261.7,
        "netIncomeAfterTaxes": 106.7,
        "period": "2016-06-30",
        "pretaxIncome": 160.5,
        "provisionforIncomeTaxes": 53.8,
        "revenue": 498.3,
        "sgaExpense": 75.6,
        "totalOperatingExpense": 128.7
      },
      {
        "costOfGoodsSold": 173.3,
        "depreciationAmortization": 55.8,
        "dilutedAverageSharesOutstanding": 171.5,
        "dilutedEPS": 0.53,
        "ebit": 192.6,
        "grossIncome": 319.4,
        "interestExpense": 32.032,
        "interestIncomeExpense": -32,
        "netIncome": 92.6,
        "netIncomeAfterTaxes": 109.7,
        "period": "2016-03-31",
        "pretaxIncome": 160.6,
        "provisionforIncomeTaxes": 50.9,
        "revenue": 492.7,
        "sgaExpense": 71,
        "totalOperatingExpense": 126.8
      },
      {
        "costOfGoodsSold": 160.7,
        "depreciationAmortization": 54.8,
        "dilutedAverageSharesOutstanding": 172.6,
        "dilutedEPS": 0.65,
        "ebit": 186.3,
        "grossIncome": 316.7,
        "interestExpense": 32.473,
        "interestIncomeExpense": -32.7,
        "netIncome": 113.8,
        "netIncomeAfterTaxes": 108,
        "period": "2015-12-31",
        "pretaxIncome": 153.6,
        "provisionforIncomeTaxes": 45.5,
        "revenue": 477.4,
        "sgaExpense": 75.6,
        "totalOperatingExpense": 130.4
      },
      {
        "costOfGoodsSold": 162.9,
        "depreciationAmortization": 39.7,
        "dilutedAverageSharesOutstanding": 172.2,
        "dilutedEPS": 0.76,
        "ebit": 197.1,
        "grossIncome": 307.5,
        "interestExpense": 33.003,
        "interestIncomeExpense": -15.1,
        "netIncome": 131.8,
        "netIncomeAfterTaxes": 124.2,
        "period": "2015-09-30",
        "pretaxIncome": 182,
        "provisionforIncomeTaxes": 57.9,
        "revenue": 470.4,
        "sgaExpense": 70.6,
        "totalOperatingExpense": 110.4
      }
    ],
    "symbol": "VRSK"
  }
}