{
  "symbol": "EW",
  "statement": "ic",
  "frequency": "annual",
  "timestamp": "2025-09-19T13:59:39.037812",
  "data": {
    "financials": [
      {
        "costOfGoodsSold": 1117.5,
        "dilutedAverageSharesOutstanding": 599.3,
        "dilutedEPS": 6.96,
        "ebit": 1480.1,
        "grossIncome": 4322,
        "interestExpense": 19.8,
        "interestIncomeExpense": 107,
        "minorityInterest": 4.9,
        "netIncome": 4174.6,
        "netIncomeAfterTaxes": 1396,
        "nonRecurringItems": -46.4,
        "otherOperatingExpensesTotal": -0.3,
        "period": "2024-12-31",
        "pretaxIncome": 1548.1,
        "provisionforIncomeTaxes": 152.1,
        "researchDevelopment": 1053,
        "revenue": 5439.5,
        "sgaExpense": 1789.2,
        "totalOperatingExpense": 2841.9,
        "totalOtherIncomeExpenseNet": 7.4,
        "year": 2024
      },
      {
        "costOfGoodsSold": 978.4,
        "dilutedAverageSharesOutstanding": 609.4,
        "dilutedEPS": 2.3,
        "ebit": 1512.4,
        "grossIncome": 4031.6,
        "interestExpense": 17.6,
        "interestIncomeExpense": 58.9,
        "minorityInterest": 3,
        "netIncome": 1402.4,
        "netIncomeAfterTaxes": 1220,
        "nonRecurringItems": -203.5,
        "otherOperatingExpensesTotal": -26.2,
        "period": "2023-12-31",
        "pretaxIncome": 1372.4,
        "provisionforIncomeTaxes": 152.4,
        "researchDevelopment": 962.9,
        "revenue": 5010,
        "sgaExpense": 1582.5,
        "totalOperatingExpense": 2519.2,
        "totalOtherIncomeExpenseNet": 4.6,
        "year": 2023
      },
      {
        "costOfGoodsSold": 723.7,
        "dilutedAverageSharesOutstanding": 624.2,
        "dilutedEPS": 2.43,
        "ebit": 1574.9,
        "grossIncome": 3740.3,
        "interestExpense": 19.2,
        "interestIncomeExpense": 16.2,
        "minorityInterest": 0,
        "netIncome": 1521.9,
        "netIncomeAfterTaxes": 1324,
        "nonRecurringItems": -72.7,
        "otherOperatingExpensesTotal": -35.8,
        "period": "2022-12-31",
        "pretaxIncome": 1519.5,
        "provisionforIncomeTaxes": 195.5,
        "researchDevelopment": 843.6,
        "revenue": 4464,
        "sgaExpense": 1357.6,
        "totalOperatingExpense": 2165.4,
        "totalOtherIncomeExpenseNet": 1.1,
        "year": 2022
      },
      {
        "costOfGoodsSold": 1248.9,
        "dilutedAverageSharesOutstanding": 631.2,
        "dilutedEPS": 2.3813,
        "ebit": 1710.9,
        "grossIncome": 3983.6,
        "interestExpense": 18.4,
        "interestIncomeExpense": 9.8,
        "netIncome": 1503.1,
        "netIncomeAfterTaxes": 1503.1,
        "nonRecurringItems": -20.6,
        "otherOperatingExpensesTotal": -124.1,
        "period": "2021-12-31",
        "pretaxIncome": 1702,
        "provisionforIncomeTaxes": 198.9,
        "researchDevelopment": 903.1,
        "revenue": 5232.5,
        "sgaExpense": 1493.7,
        "totalOperatingExpense": 2272.7,
        "totalOtherIncomeExpenseNet": 1.9,
        "year": 2021
      },
      {
        "costOfGoodsSold": 1080.6,
        "dilutedAverageSharesOutstanding": 631.9,
        "dilutedEPS": 1.3,
        "ebit": 1303,
        "grossIncome": 3305.7,
        "interestExpense": 15.8,
        "interestIncomeExpense": 20.5,
        "netIncome": 823.4,
        "netIncomeAfterTaxes": 823.4,
        "nonRecurringItems": -405.4,
        "otherOperatingExpensesTotal": 13.6,
        "period": "2020-12-31",
        "pretaxIncome": 916.7,
        "provisionforIncomeTaxes": 93.3,
        "researchDevelopment": 760.7,
        "revenue": 4386.3,
        "sgaExpense": 1228.4,
        "totalOperatingExpense": 2002.7,
        "totalOtherIncomeExpenseNet": -1.4,
        "year": 2020
      },
      {
        "costOfGoodsSold": 1114.4,
        "dilutedAverageSharesOutstanding": 636.6,
        "dilutedEPS": 1.65,
        "ebit": 1246.8,
        "grossIncome": 3233.6,
        "interestExpense": 27.3,
        "interestIncomeExpense": 21.3,
        "netIncome": 1046.9,
        "netIncomeAfterTaxes": 1049.7,
        "nonRecurringItems": -100,
        "otherOperatingExpensesTotal": -6.1,
        "period": "2019-12-31",
        "pretaxIncome": 1166.5,
        "provisionforIncomeTaxes": 116.8,
        "researchDevelopment": 752.7,
        "revenue": 4348,
        "sgaExpense": 1240.2,
        "totalOperatingExpense": 1986.8,
        "totalOtherIncomeExpenseNet": -1.6,
        "year": 2019
      },
      {
        "costOfGoodsSold": 939.4,
        "dilutedAverageSharesOutstanding": 640.8,
        "dilutedEPS": 1.12,
        "ebit": 1078.4,
        "grossIncome": 2783.4,
        "interestExpense": 33.4,
        "interestIncomeExpense": 17.3,
        "netIncome": 722.2,
        "netIncomeAfterTaxes": 738,
        "nonRecurringItems": -323.1,
        "otherOperatingExpensesTotal": -5.7,
        "period": "2018-12-31",
        "pretaxIncome": 761.4,
        "provisionforIncomeTaxes": 23.4,
        "researchDevelopment": 622.2,
        "revenue": 3722.8,
        "sgaExpense": 1088.5,
        "totalOperatingExpense": 1705,
        "totalOtherIncomeExpenseNet": -11.2,
        "year": 2018
      },
      {
        "costOfGoodsSold": 875.3,
        "dilutedAverageSharesOutstanding": 647.7,
        "dilutedEPS": 0.9,
        "ebit": 1019.9,
        "grossIncome": 2560,
        "interestExpense": 24.3,
        "interestIncomeExpense": 1.6,
        "netIncome": 583.6,
        "netIncomeAfterTaxes": 877.7,
        "nonRecurringItems": 13.4,
        "otherOperatingExpensesTotal": 1.7,
        "period": "2017-12-31",
        "pretaxIncome": 1034.9,
        "provisionforIncomeTaxes": 157.2,
        "researchDevelopment": 552.6,
        "revenue": 3435.3,
        "sgaExpense": 985.8,
        "totalOperatingExpense": 1540.1,
        "year": 2017
      },
      {
        "costOfGoodsSold": 797.4,
        "dilutedAverageSharesOutstanding": 653.4,
        "dilutedEPS": 0.87,
        "ebit": 813.7,
        "grossIncome": 2166.3,
        "interestExpense": 18,
        "interestIncomeExpense": -8.7,
        "netIncome": 569.5,
        "netIncomeAfterTaxes": 569.5,
        "nonRecurringItems": -67.1,
        "otherOperatingExpensesTotal": 4.6,
        "period": "2016-12-31",
        "pretaxIncome": 737.9,
        "provisionforIncomeTaxes": 168.4,
        "researchDevelopment": 443.3,
        "revenue": 2963.7,
        "sgaExpense": 904.7,
        "totalOperatingExpense": 1352.6,
        "year": 2016
      },
      {
        "costOfGoodsSold": 617.2,
        "dilutedAverageSharesOutstanding": 660.9,
        "dilutedEPS": 0.75,
        "ebit": 643.4,
        "grossIncome": 1876.5,
        "interestExpense": 18.4,
        "interestIncomeExpense": -14,
        "netIncome": 494.9,
        "netIncomeAfterTaxes": 494.9,
        "nonRecurringItems": -7,
        "otherOperatingExpensesTotal": -0.7,
        "period": "2015-12-31",
        "pretaxIncome": 622.4,
        "provisionforIncomeTaxes": 127.5,
        "researchDevelopment": 383.1,
        "revenue": 2493.7,
        "sgaExpense": 850.7,
        "totalOperatingExpense": 1233.1,
        "year": 2015
      }
    ],
    "symbol": "EW"
  }
}