{
  "symbol": "CPAY",
  "statement": "ic",
  "frequency": "quarterly",
  "timestamp": "2025-09-19T13:58:33.819734",
  "data": {
    "financials": [
      {
        "costOfGoodsSold": 238.517,
        "depreciationAmortization": 91.35,
        "dilutedAverageSharesOutstanding": 71.429,
        "dilutedEPS": 3.9783,
        "ebit": 479.39,
        "grossIncome": 863.513,
        "interestIncomeExpense": -179.172,
        "minorityInterest": 0.09,
        "netIncome": 284.168,
        "netIncomeAfterTaxes": 284.078,
        "nonRecurringItems": 0,
        "otherOperatingExpensesTotal": 0.002,
        "period": "2025-06-30",
        "pretaxIncome": 393.09,
        "provisionforIncomeTaxes": 109.012,
        "revenue": 1102.03,
        "sgaExpense": 292.771,
        "totalOperatingExpense": 384.123,
        "totalOtherIncomeExpenseNet": 92.872
      },
      {
        "costOfGoodsSold": 221.844,
        "depreciationAmortization": 92.188,
        "dilutedAverageSharesOutstanding": 71.558,
        "dilutedEPS": 3.3991,
        "ebit": 427.124,
        "grossIncome": 783.823,
        "interestIncomeExpense": -125.422,
        "minorityInterest": -0.642,
        "netIncome": 243.233,
        "netIncomeAfterTaxes": 243.875,
        "nonRecurringItems": -1.596,
        "otherOperatingExpensesTotal": -0.005,
        "period": "2025-03-31",
        "pretaxIncome": 327.511,
        "provisionforIncomeTaxes": 83.636,
        "revenue": 1005.667,
        "sgaExpense": 264.516,
        "totalOperatingExpense": 356.699,
        "totalOtherIncomeExpenseNet": 27.405
      },
      {
        "costOfGoodsSold": 228.78,
        "depreciationAmortization": 92.44,
        "dilutedAverageSharesOutstanding": 71.464,
        "dilutedEPS": 3.4417,
        "ebit": 457.038,
        "grossIncome": 805.651,
        "interestIncomeExpense": -107.61,
        "minorityInterest": -0.049,
        "netIncome": 245.955,
        "netIncomeAfterTaxes": 246.004,
        "nonRecurringItems": 31.31,
        "otherOperatingExpensesTotal": 0.483,
        "period": "2024-12-31",
        "pretaxIncome": 387.338,
        "provisionforIncomeTaxes": 141.334,
        "revenue": 1034.431,
        "sgaExpense": 255.69,
        "totalOperatingExpense": 348.613,
        "totalOtherIncomeExpenseNet": 6.6
      },
      {
        "costOfGoodsSold": 223.695,
        "depreciationAmortization": 89.546,
        "dilutedAverageSharesOutstanding": 70.901,
        "dilutedEPS": 3.8984,
        "ebit": 468.132,
        "grossIncome": 805.502,
        "interestIncomeExpense": -106.11,
        "minorityInterest": 0.135,
        "netIncome": 276.397,
        "netIncomeAfterTaxes": 276.262,
        "nonRecurringItems": -5.04,
        "otherOperatingExpensesTotal": 0.005,
        "period": "2024-09-30",
        "pretaxIncome": 358.283,
        "provisionforIncomeTaxes": 82.021,
        "revenue": 1029.197,
        "sgaExpense": 247.819,
        "totalOperatingExpense": 337.37,
        "totalOtherIncomeExpenseNet": 1.301
      },
      {
        "costOfGoodsSold": 209.199,
        "depreciationAmortization": 84.342,
        "dilutedAverageSharesOutstanding": 71.497,
        "dilutedEPS": 3.5194,
        "ebit": 433.339,
        "grossIncome": 766.511,
        "interestIncomeExpense": -90.741,
        "minorityInterest": -0.038,
        "netIncome": 251.625,
        "netIncomeAfterTaxes": 251.663,
        "otherOperatingExpensesTotal": 0.009,
        "period": "2024-06-30",
        "pretaxIncome": 334.202,
        "provisionforIncomeTaxes": 82.539,
        "revenue": 975.71,
        "sgaExpense": 248.821,
        "totalOperatingExpense": 333.172,
        "totalOtherIncomeExpenseNet": -8.396
      },
      {
        "costOfGoodsSold": 207.411,
        "depreciationAmortization": 84.76,
        "dilutedAverageSharesOutstanding": 73.545,
        "dilutedEPS": 3.1242,
        "ebit": 397.338,
        "grossIncome": 727.84,
        "interestIncomeExpense": -85.821,
        "minorityInterest": -0.034,
        "netIncome": 229.769,
        "netIncomeAfterTaxes": 229.803,
        "otherOperatingExpensesTotal": 0.292,
        "period": "2024-03-31",
        "pretaxIncome": 305.29,
        "provisionforIncomeTaxes": 75.487,
        "revenue": 935.251,
        "sgaExpense": 245.45,
        "totalOperatingExpense": 330.502,
        "totalOtherIncomeExpenseNet": -6.227
      },
      {
        "costOfGoodsSold": 201.459,
        "depreciationAmortization": 83.946,
        "dilutedAverageSharesOutstanding": 73.349,
        "dilutedEPS": 3.4882,
        "ebit": 424.051,
        "grossIncome": 735.861,
        "interestIncomeExpense": -110.1104,
        "netIncome": 255.857,
        "netIncomeAfterTaxes": 255.857,
        "nonRecurringItems": 0,
        "otherOperatingExpensesTotal": 0.12,
        "period": "2023-12-31",
        "pretaxIncome": 333.497,
        "provisionforIncomeTaxes": 77.64,
        "revenue": 937.32,
        "sgaExpense": 227.744,
        "totalOperatingExpense": 311.81,
        "totalOtherIncomeExpenseNet": 19.5564
      },
      {
        "depreciationAmortization": 84.8,
        "dilutedAverageSharesOutstanding": 74.6,
        "dilutedEPS": 3.64,
        "ebit": 445,
        "interestIncomeExpense": -94.7,
        "netIncome": 271.5,
        "netIncomeAfterTaxes": 271.5,
        "nonRecurringItems": 0,
        "otherOperatingExpensesTotal": -0.8,
        "period": "2023-09-30",
        "pretaxIncome": 370.1,
        "provisionforIncomeTaxes": 98.6,
        "revenue": 970.9,
        "sgaExpense": 442,
        "totalOperatingExpense": 525.9,
        "totalOtherIncomeExpenseNet": 19.8
      },
      {
        "depreciationAmortization": 83.7,
        "dilutedAverageSharesOutstanding": 75,
        "dilutedEPS": 3.2,
        "ebit": 412.7,
        "interestIncomeExpense": -87.6,
        "netIncome": 239.7,
        "netIncomeAfterTaxes": 239.7,
        "otherOperatingExpensesTotal": 0.8,
        "period": "2023-06-30",
        "pretaxIncome": 326.6,
        "provisionforIncomeTaxes": 86.9,
        "revenue": 948.2,
        "sgaExpense": 451,
        "totalOperatingExpense": 535.5,
        "totalOtherIncomeExpenseNet": 1.5
      },
      {
        "depreciationAmortization": 84.2,
        "dilutedAverageSharesOutstanding": 74.5,
        "dilutedEPS": 2.88,
        "ebit": 375.2,
        "interestIncomeExpense": -80.3,
        "netIncome": 214.8,
        "netIncomeAfterTaxes": 214.8,
        "otherOperatingExpensesTotal": 0.7,
        "period": "2023-03-31",
        "pretaxIncome": 294.8,
        "provisionforIncomeTaxes": 80,
        "revenue": 901.3,
        "sgaExpense": 441.2,
        "totalOperatingExpense": 526.1,
        "totalOtherIncomeExpenseNet": 0
      },
      {
        "depreciationAmortization": 89.8,
        "dilutedAverageSharesOutstanding": 74.4,
        "dilutedEPS": 3.03,
        "ebit": 369.3,
        "interestIncomeExpense": -51,
        "netIncome": 225.3,
        "netIncomeAfterTaxes": 225.3,
        "nonRecurringItems": 0,
        "otherOperatingExpensesTotal": 0.2,
        "period": "2022-12-31",
        "pretaxIncome": 297.4,
        "provisionforIncomeTaxes": 72.1,
        "revenue": 883.6,
        "sgaExpense": 424.3,
        "totalOperatingExpense": 514.3,
        "totalOtherIncomeExpenseNet": -20.8
      },
      {
        "depreciationAmortization": 77.2,
        "dilutedAverageSharesOutstanding": 75.6,
        "dilutedEPS": 3.29,
        "ebit": 389.2,
        "interestIncomeExpense": -19.7,
        "netIncome": 248.9,
        "netIncomeAfterTaxes": 248.9,
        "nonRecurringItems": 0,
        "otherOperatingExpensesTotal": 0,
        "period": "2022-09-30",
        "pretaxIncome": 339.9,
        "provisionforIncomeTaxes": 91,
        "revenue": 893,
        "sgaExpense": 426.6,
        "totalOperatingExpense": 503.8,
        "totalOtherIncomeExpenseNet": -29.6
      },
      {
        "depreciationAmortization": 78.5,
        "dilutedAverageSharesOutstanding": 78.2,
        "dilutedEPS": 3.35,
        "ebit": 370.5,
        "interestIncomeExpense": -14.8,
        "netIncome": 262.2,
        "netIncomeAfterTaxes": 262.2,
        "otherOperatingExpensesTotal": 0,
        "period": "2022-06-30",
        "pretaxIncome": 343.7,
        "provisionforIncomeTaxes": 81.5,
        "revenue": 861.3,
        "sgaExpense": 412.4,
        "totalOperatingExpense": 490.8,
        "totalOtherIncomeExpenseNet": -12.1
      },
      {
        "depreciationAmortization": 76.8,
        "dilutedAverageSharesOutstanding": 79.3,
        "dilutedEPS": 2.75,
        "ebit": 317.7,
        "interestIncomeExpense": 123.4,
        "netIncome": 218,
        "netIncomeAfterTaxes": 218,
        "otherOperatingExpensesTotal": 0.1,
        "period": "2022-03-31",
        "pretaxIncome": 294.7,
        "provisionforIncomeTaxes": 76.7,
        "revenue": 789.2,
        "sgaExpense": 394.6,
        "totalOperatingExpense": 471.5,
        "totalOtherIncomeExpenseNet": -146.5
      },
      {
        "depreciationAmortization": 75,
        "dilutedAverageSharesOutstanding": 81.5,
        "dilutedEPS": 2.76,
        "ebit": 340.3,
        "interestIncomeExpense": 42.4,
        "netIncome": 225,
        "netIncomeAfterTaxes": 225,
        "nonRecurringItems": -16.2,
        "otherOperatingExpensesTotal": -0.9,
        "period": "2021-12-31",
        "pretaxIncome": 302.5,
        "provisionforIncomeTaxes": 77.5,
        "revenue": 802.3,
        "sgaExpense": 387.8,
        "totalOperatingExpense": 462,
        "totalOtherIncomeExpenseNet": -64
      },
      {
        "depreciationAmortization": 74.2,
        "dilutedAverageSharesOutstanding": 83.7,
        "dilutedEPS": 2.8,
        "ebit": 338.7,
        "interestIncomeExpense": -76.2,
        "netIncome": 234,
        "netIncomeAfterTaxes": 234,
        "otherOperatingExpensesTotal": 0,
        "period": "2021-09-30",
        "pretaxIncome": 308.1,
        "provisionforIncomeTaxes": 74.1,
        "revenue": 755.5,
        "sgaExpense": 342.6,
        "totalOperatingExpense": 416.8,
        "totalOtherIncomeExpenseNet": 45.7
      },
      {
        "depreciationAmortization": 69.2,
        "dilutedAverageSharesOutstanding": 85.3,
        "dilutedEPS": 2.3,
        "ebit": 297.6,
        "interestIncomeExpense": 56.9,
        "netIncome": 196.2,
        "netIncomeAfterTaxes": 196.2,
        "otherOperatingExpensesTotal": 0,
        "period": "2021-06-30",
        "pretaxIncome": 262.5,
        "provisionforIncomeTaxes": 66.3,
        "revenue": 667.4,
        "sgaExpense": 300.5,
        "totalOperatingExpense": 369.8,
        "totalOtherIncomeExpenseNet": -92
      },
      {
        "depreciationAmortization": 65.7,
        "dilutedAverageSharesOutstanding": 85.8,
        "dilutedEPS": 2.15,
        "ebit": 266,
        "interestIncomeExpense": -96,
        "netIncome": 184.2,
        "netIncomeAfterTaxes": 184.2,
        "otherOperatingExpensesTotal": 0.1,
        "period": "2021-03-31",
        "pretaxIncome": 235.7,
        "provisionforIncomeTaxes": 51.4,
        "revenue": 608.6,
        "sgaExpense": 276.9,
        "totalOperatingExpense": 342.7,
        "totalOtherIncomeExpenseNet": 65.8
      },
      {
        "depreciationAmortization": 64.7,
        "dilutedAverageSharesOutstanding": 85.9,
        "dilutedEPS": 2.44,
        "ebit": 293.9,
        "interestIncomeExpense": -46.6,
        "netIncome": 209.9,
        "netIncomeAfterTaxes": 209.9,
        "nonRecurringItems": 0,
        "otherOperatingExpensesTotal": -1.5,
        "period": "2020-12-31",
        "pretaxIncome": 263.2,
        "provisionforIncomeTaxes": 53.3,
        "revenue": 617.3,
        "sgaExpense": 260.2,
        "totalOperatingExpense": 323.4,
        "totalOtherIncomeExpenseNet": 15.9
      },
      {
        "depreciationAmortization": 63.5,
        "dilutedAverageSharesOutstanding": 86.3,
        "dilutedEPS": 2.19,
        "ebit": 264.5,
        "interestIncomeExpense": 21.4,
        "netIncome": 188.8,
        "netIncomeAfterTaxes": 188.8,
        "otherOperatingExpensesTotal": -0.2,
        "period": "2020-09-30",
        "pretaxIncome": 235.4,
        "provisionforIncomeTaxes": 46.6,
        "revenue": 585.3,
        "sgaExpense": 257.5,
        "totalOperatingExpense": 320.8,
        "totalOtherIncomeExpenseNet": -50.5
      },
      {
        "depreciationAmortization": 62.2,
        "dilutedAverageSharesOutstanding": 86.6,
        "dilutedEPS": 1.83,
        "ebit": 212.8,
        "interestIncomeExpense": 20.3,
        "netIncome": 158.5,
        "netIncomeAfterTaxes": 158.5,
        "otherOperatingExpensesTotal": -0.2,
        "period": "2020-06-30",
        "pretaxIncome": 211.6,
        "provisionforIncomeTaxes": 53.1,
        "revenue": 525.1,
        "sgaExpense": 250.4,
        "totalOperatingExpense": 312.3,
        "totalOtherIncomeExpenseNet": -21.5
      },
      {
        "depreciationAmortization": 64.5,
        "dilutedAverageSharesOutstanding": 88.2,
        "dilutedEPS": 1.67,
        "ebit": 201,
        "interestIncomeExpense": -200.2,
        "netIncome": 147.1,
        "netIncomeAfterTaxes": 147.1,
        "otherOperatingExpensesTotal": 0,
        "period": "2020-03-31",
        "pretaxIncome": 172.3,
        "provisionforIncomeTaxes": 25.2,
        "revenue": 661.1,
        "sgaExpense": 395.7,
        "totalOperatingExpense": 460.1,
        "totalOtherIncomeExpenseNet": 171.5
      },
      {
        "costOfGoodsSold": 0,
        "depreciationAmortization": 68.5,
        "dilutedAverageSharesOutstanding": 90.4,
        "dilutedEPS": 2.61,
        "ebit": 320.8,
        "grossIncome": 698.9,
        "interestIncomeExpense": 147.4,
        "netIncome": 235.5,
        "netIncomeAfterTaxes": 235.5,
        "nonRecurringItems": 0,
        "otherOperatingExpensesTotal": 2,
        "period": "2019-12-31",
        "pretaxIncome": 298.6,
        "provisionforIncomeTaxes": 63.1,
        "revenue": 698.9,
        "sgaExpense": 307.6,
        "totalOperatingExpense": 378.1,
        "totalOtherIncomeExpenseNet": -169.7
      },
      {
        "depreciationAmortization": 67.3,
        "dilutedAverageSharesOutstanding": 90.5,
        "dilutedEPS": 2.49,
        "ebit": 329.1,
        "interestIncomeExpense": -84.8,
        "netIncome": 225.8,
        "netIncomeAfterTaxes": 225.8,
        "otherOperatingExpensesTotal": -0.3,
        "period": "2019-09-30",
        "pretaxIncome": 292.8,
        "provisionforIncomeTaxes": 67,
        "revenue": 681,
        "sgaExpense": 284.9,
        "totalOperatingExpense": 351.9,
        "totalOtherIncomeExpenseNet": 48.4
      },
      {
        "depreciationAmortization": 70.9,
        "dilutedAverageSharesOutstanding": 90.1,
        "dilutedEPS": 2.9,
        "ebit": 297.3,
        "interestIncomeExpense": 4.5,
        "netIncome": 261.7,
        "netIncomeAfterTaxes": 261.7,
        "otherOperatingExpensesTotal": -0.2,
        "period": "2019-06-30",
        "pretaxIncome": 257.3,
        "provisionforIncomeTaxes": -4.4,
        "revenue": 647.1,
        "sgaExpense": 279.1,
        "totalOperatingExpense": 349.8,
        "totalOtherIncomeExpenseNet": -44.5
      },
      {
        "depreciationAmortization": 67.4,
        "dilutedAverageSharesOutstanding": 89.2,
        "dilutedEPS": 1.93,
        "ebit": 284.2,
        "interestIncomeExpense": -131.7,
        "netIncome": 172.1,
        "netIncomeAfterTaxes": 172.1,
        "otherOperatingExpensesTotal": -1,
        "period": "2019-03-31",
        "pretaxIncome": 229.2,
        "provisionforIncomeTaxes": 57.1,
        "revenue": 621.8,
        "sgaExpense": 271.2,
        "totalOperatingExpense": 337.6,
        "totalOtherIncomeExpenseNet": 76.8
      },
      {
        "costOfGoodsSold": 0,
        "depreciationAmortization": 67.2,
        "dilutedAverageSharesOutstanding": 90.6,
        "dilutedEPS": 3.35,
        "ebit": 284.7,
        "grossIncome": 643.4,
        "interestIncomeExpense": -38,
        "netIncome": 302,
        "netIncomeAfterTaxes": 303.8,
        "nonRecurringItems": -2.1,
        "otherOperatingExpensesTotal": 8.7,
        "period": "2018-12-31",
        "pretaxIncome": 397.1,
        "provisionforIncomeTaxes": 93.3,
        "revenue": 643.4,
        "sgaExpense": 282.7,
        "totalOperatingExpense": 358.7,
        "totalOtherIncomeExpenseNet": 152.4
      },
      {
        "costOfGoodsSold": 0,
        "depreciationAmortization": 67.3,
        "dilutedAverageSharesOutstanding": 92.1,
        "dilutedEPS": 1.71,
        "ebit": 281.1,
        "grossIncome": 619.6,
        "interestIncomeExpense": -43.6,
        "netIncome": 157.7,
        "netIncomeAfterTaxes": 180.4,
        "nonRecurringItems": 0,
        "period": "2018-09-30",
        "pretaxIncome": 237.6,
        "provisionforIncomeTaxes": 57.1,
        "revenue": 619.6,
        "sgaExpense": 271.2,
        "totalOperatingExpense": 338.5,
        "totalOtherIncomeExpenseNet": 0.1
      },
      {
        "costOfGoodsSold": 0,
        "depreciationAmortization": 68.6,
        "dilutedAverageSharesOutstanding": 92.7,
        "dilutedEPS": 1.91,
        "ebit": 264.8,
        "grossIncome": 585,
        "interestIncomeExpense": -33.8,
        "netIncome": 176.9,
        "netIncomeAfterTaxes": 176.9,
        "period": "2018-06-30",
        "pretaxIncome": 231.2,
        "provisionforIncomeTaxes": 54.3,
        "revenue": 585,
        "sgaExpense": 251.6,
        "totalOperatingExpense": 320.2,
        "totalOtherIncomeExpenseNet": 0.1
      },
      {
        "costOfGoodsSold": 0,
        "depreciationAmortization": 71.5,
        "dilutedAverageSharesOutstanding": 93.3,
        "dilutedEPS": 1.88,
        "ebit": 260.1,
        "grossIncome": 585.5,
        "interestIncomeExpense": -32.1,
        "netIncome": 174.9,
        "netIncomeAfterTaxes": 174.9,
        "period": "2018-03-31",
        "pretaxIncome": 229.3,
        "provisionforIncomeTaxes": 54.4,
        "revenue": 585.5,
        "sgaExpense": 253.9,
        "totalOperatingExpense": 325.4,
        "totalOtherIncomeExpenseNet": 1.3
      },
      {
        "costOfGoodsSold": 30.4,
        "depreciationAmortization": 65.8,
        "dilutedAverageSharesOutstanding": 92.6,
        "dilutedEPS": 3.05,
        "ebit": 240,
        "grossIncome": 579.5,
        "interestIncomeExpense": -31.5,
        "netIncome": 282.7,
        "netIncomeAfterTaxes": 154.6,
        "nonRecurringItems": 0,
        "otherOperatingExpensesTotal": 0,
        "period": "2017-12-31",
        "pretaxIncome": 208.3,
        "provisionforIncomeTaxes": 53.8,
        "revenue": 610,
        "sgaExpense": 273.7,
        "totalOperatingExpense": 339.6,
        "totalOtherIncomeExpenseNet": -0.2
      },
      {
        "costOfGoodsSold": 27.7,
        "depreciationAmortization": 69.2,
        "dilutedAverageSharesOutstanding": 93,
        "dilutedEPS": 2.18,
        "ebit": 232.6,
        "grossIncome": 550.2,
        "interestIncomeExpense": -77.1,
        "netIncome": 202.8,
        "netIncomeAfterTaxes": 202.8,
        "nonRecurringItems": -3.3,
        "otherOperatingExpensesTotal": 0,
        "period": "2017-09-30",
        "pretaxIncome": 327.5,
        "provisionforIncomeTaxes": 124.7,
        "revenue": 577.9,
        "sgaExpense": 248.4,
        "totalOperatingExpense": 317.5,
        "totalOtherIncomeExpenseNet": 175.3
      },
      {
        "costOfGoodsSold": 30.6,
        "depreciationAmortization": 64.7,
        "dilutedAverageSharesOutstanding": 94.2,
        "dilutedEPS": 1.39,
        "ebit": 216,
        "grossIncome": 510.6,
        "interestIncomeExpense": -26.2,
        "netIncome": 131,
        "netIncomeAfterTaxes": 131,
        "otherOperatingExpensesTotal": 0,
        "period": "2017-06-30",
        "pretaxIncome": 190.4,
        "provisionforIncomeTaxes": 59.4,
        "revenue": 541.2,
        "sgaExpense": 229.8,
        "totalOperatingExpense": 294.6,
        "totalOtherIncomeExpenseNet": 0.6
      },
      {
        "costOfGoodsSold": 24.4,
        "depreciationAmortization": 64.9,
        "dilutedAverageSharesOutstanding": 94.6,
        "dilutedEPS": 1.31,
        "ebit": 195.1,
        "grossIncome": 496,
        "interestIncomeExpense": -25.5,
        "netIncome": 123.7,
        "netIncomeAfterTaxes": 123.7,
        "otherOperatingExpensesTotal": 0,
        "period": "2017-03-31",
        "pretaxIncome": 167.4,
        "provisionforIncomeTaxes": 43.7,
        "revenue": 520.4,
        "sgaExpense": 236.1,
        "totalOperatingExpense": 301,
        "totalOtherIncomeExpenseNet": -2.2
      },
      {
        "costOfGoodsSold": 25.6,
        "depreciationAmortization": 61.4,
        "dilutedAverageSharesOutstanding": 95.2,
        "dilutedEPS": 1,
        "ebit": 216,
        "grossIncome": 489.4,
        "interestIncomeExpense": -60.6,
        "netIncome": 95.4,
        "netIncomeAfterTaxes": 95.4,
        "nonRecurringItems": 0,
        "otherOperatingExpensesTotal": 0,
        "period": "2016-12-31",
        "pretaxIncome": 153.5,
        "provisionforIncomeTaxes": 58,
        "revenue": 515,
        "sgaExpense": 212,
        "totalOperatingExpense": 273.4,
        "totalOtherIncomeExpenseNet": -1.9
      },
      {
        "costOfGoodsSold": 28.2,
        "depreciationAmortization": 57.1,
        "dilutedAverageSharesOutstanding": 95.3,
        "dilutedEPS": 1.36,
        "ebit": 191.1,
        "grossIncome": 456.2,
        "interestIncomeExpense": -20.6,
        "netIncome": 129.6,
        "netIncomeAfterTaxes": 129.6,
        "nonRecurringItems": 0,
        "otherOperatingExpensesTotal": -0.2,
        "period": "2016-09-30",
        "pretaxIncome": 170.2,
        "provisionforIncomeTaxes": 40.6,
        "revenue": 484.4,
        "sgaExpense": 208.3,
        "totalOperatingExpense": 265.2,
        "totalOtherIncomeExpenseNet": -0.3
      },
      {
        "costOfGoodsSold": 22.3,
        "depreciationAmortization": 48.4,
        "dilutedAverageSharesOutstanding": 95.3,
        "dilutedEPS": 1.22,
        "ebit": 171.2,
        "grossIncome": 395.6,
        "interestIncomeExpense": -8.7,
        "netIncome": 116.3,
        "netIncomeAfterTaxes": 116.3,
        "otherOperatingExpensesTotal": -0.2,
        "period": "2016-06-30",
        "pretaxIncome": 162.3,
        "provisionforIncomeTaxes": 46.1,
        "revenue": 417.9,
        "sgaExpense": 176.2,
        "totalOperatingExpense": 224.4,
        "totalOtherIncomeExpenseNet": -0.1
      },
      {
        "costOfGoodsSold": 28.2,
        "depreciationAmortization": 36.3,
        "dilutedAverageSharesOutstanding": 95,
        "dilutedEPS": 1.17,
        "ebit": 176,
        "grossIncome": 386,
        "interestIncomeExpense": -18.4,
        "netIncome": 111.1,
        "netIncomeAfterTaxes": 111.1,
        "otherOperatingExpensesTotal": -0.2,
        "period": "2016-03-31",
        "pretaxIncome": 156.9,
        "provisionforIncomeTaxes": 45.8,
        "revenue": 414.3,
        "sgaExpense": 174,
        "totalOperatingExpense": 210.1,
        "totalOtherIncomeExpenseNet": -0.7
      },
      {
        "costOfGoodsSold": 27.5,
        "depreciationAmortization": 48,
        "dilutedAverageSharesOutstanding": 94.3,
        "dilutedEPS": 0.56,
        "ebit": 146.1,
        "grossIncome": 403.1,
        "interestIncomeExpense": -60.3,
        "netIncome": 52.8,
        "netIncomeAfterTaxes": 52.8,
        "otherOperatingExpensesTotal": -4.2,
        "period": "2015-12-31",
        "pretaxIncome": 85.7,
        "provisionforIncomeTaxes": 32.9,
        "revenue": 430.6,
        "sgaExpense": 213.2,
        "totalOperatingExpense": 257,
        "totalOtherIncomeExpenseNet": -0.2
      },
      {
        "costOfGoodsSold": 31.7,
        "depreciationAmortization": 48.5,
        "dilutedAverageSharesOutstanding": 94.2,
        "dilutedEPS": 1.24,
        "ebit": 188.5,
        "grossIncome": 419.8,
        "interestIncomeExpense": -23.3,
        "netIncome": 116.8,
        "netIncomeAfterTaxes": 116.8,
        "period": "2015-09-30",
        "pretaxIncome": 165.4,
        "provisionforIncomeTaxes": 48.6,
        "revenue": 451.5,
        "sgaExpense": 182.8,
        "totalOperatingExpense": 231.3,
        "totalOtherIncomeExpenseNet": 0.2
      }
    ],
    "symbol": "CPAY"
  }
}