{
  "symbol": "PODD",
  "statement": "ic",
  "frequency": "annual",
  "timestamp": "2025-09-19T14:02:02.212201",
  "data": {
    "financials": [
      {
        "costOfGoodsSold": 625.9,
        "dilutedAverageSharesOutstanding": 73.89,
        "dilutedEPS": 5.66,
        "ebit": 308.9,
        "grossIncome": 1445.7,
        "interestExpense": 42.7,
        "interestIncomeExpense": -9.3,
        "netIncome": 418.3,
        "netIncomeAfterTaxes": 418.3,
        "period": "2024-12-31",
        "pretaxIncome": 300.2,
        "provisionforIncomeTaxes": -118.1,
        "researchDevelopment": 219.6,
        "revenue": 2071.6,
        "sgaExpense": 917.2,
        "totalOperatingExpense": 1136.8,
        "totalOtherIncomeExpenseNet": 0.6,
        "year": 2024
      },
      {
        "costOfGoodsSold": 537.2,
        "dilutedAverageSharesOutstanding": 73.633,
        "dilutedEPS": 2.8,
        "ebit": 220,
        "grossIncome": 1159.9,
        "interestExpense": 36.2,
        "interestIncomeExpense": -5.4,
        "netIncome": 206.3,
        "netIncomeAfterTaxes": 206.3,
        "nonRecurringItems": 0,
        "period": "2023-12-31",
        "pretaxIncome": 214.6,
        "provisionforIncomeTaxes": 8.3,
        "researchDevelopment": 205,
        "revenue": 1697.1,
        "sgaExpense": 734.9,
        "totalOperatingExpense": 939.9,
        "totalOtherIncomeExpenseNet": 0,
        "year": 2023
      },
      {
        "costOfGoodsSold": 499.7,
        "dilutedAverageSharesOutstanding": 69.9,
        "dilutedEPS": 0.07,
        "ebit": 37.6,
        "grossIncome": 805.6,
        "interestExpense": 36.5,
        "interestIncomeExpense": -27.8,
        "netIncome": 4.6,
        "netIncomeAfterTaxes": 4.6,
        "period": "2022-12-31",
        "pretaxIncome": 9.8,
        "provisionforIncomeTaxes": 5.2,
        "researchDevelopment": 180.2,
        "revenue": 1305.3,
        "sgaExpense": 587.8,
        "totalOperatingExpense": 768,
        "year": 2022
      },
      {
        "costOfGoodsSold": 346.7,
        "dilutedAverageSharesOutstanding": 68.6,
        "dilutedEPS": 0.24,
        "ebit": 126,
        "grossIncome": 752.1,
        "interestExpense": 61.7,
        "interestIncomeExpense": -63.1,
        "netIncome": 16.8,
        "netIncomeAfterTaxes": 16.8,
        "nonRecurringItems": -42.4,
        "period": "2021-12-31",
        "pretaxIncome": 20.5,
        "provisionforIncomeTaxes": 3.7,
        "researchDevelopment": 160.1,
        "revenue": 1098.8,
        "sgaExpense": 466,
        "totalOperatingExpense": 626.1,
        "year": 2021
      },
      {
        "costOfGoodsSold": 322.1,
        "dilutedAverageSharesOutstanding": 65.9,
        "dilutedEPS": 0.1,
        "ebit": 51.5,
        "grossIncome": 582.3,
        "interestExpense": 48.1,
        "interestIncomeExpense": -41.8,
        "netIncome": 6.8,
        "netIncomeAfterTaxes": 6.8,
        "nonRecurringItems": 0,
        "period": "2020-12-31",
        "pretaxIncome": 9.7,
        "provisionforIncomeTaxes": 2.9,
        "researchDevelopment": 146.8,
        "revenue": 904.4,
        "sgaExpense": 384,
        "totalOperatingExpense": 530.8,
        "year": 2020
      },
      {
        "costOfGoodsSold": 257.9,
        "dilutedAverageSharesOutstanding": 62.3,
        "dilutedEPS": 0.19,
        "ebit": 50,
        "grossIncome": 480.3,
        "interestExpense": 34.6,
        "interestIncomeExpense": -26.8,
        "netIncome": 11.6,
        "netIncomeAfterTaxes": 11.6,
        "nonRecurringItems": -8.7,
        "period": "2019-12-31",
        "pretaxIncome": 14.5,
        "provisionforIncomeTaxes": 2.9,
        "researchDevelopment": 129.7,
        "revenue": 738.2,
        "sgaExpense": 300.6,
        "totalOperatingExpense": 430.3,
        "year": 2019
      },
      {
        "costOfGoodsSold": 193.7,
        "dilutedAverageSharesOutstanding": 61,
        "dilutedEPS": 0.05,
        "ebit": 40,
        "grossIncome": 370.2,
        "interestExpense": 28.902,
        "interestIncomeExpense": -22.2,
        "netIncome": 3.3,
        "netIncomeAfterTaxes": 3.3,
        "nonRecurringItems": -12.6,
        "period": "2018-12-31",
        "pretaxIncome": 5.2,
        "provisionforIncomeTaxes": 1.9,
        "researchDevelopment": 88.6,
        "revenue": 563.8,
        "sgaExpense": 241.5,
        "totalOperatingExpense": 330.1,
        "year": 2018
      },
      {
        "costOfGoodsSold": 186.6,
        "dilutedAverageSharesOutstanding": 58,
        "dilutedEPS": -0.46,
        "ebit": -7.4,
        "grossIncome": 277.2,
        "interestExpense": 21.211,
        "interestIncomeExpense": -18.6,
        "netIncome": -26.8,
        "netIncomeAfterTaxes": -26.5,
        "nonRecurringItems": -0.6,
        "period": "2017-12-31",
        "pretaxIncome": -26.6,
        "provisionforIncomeTaxes": 0,
        "researchDevelopment": 74.5,
        "revenue": 463.8,
        "sgaExpense": 210.1,
        "totalOperatingExpense": 284.6,
        "year": 2017
      },
      {
        "costOfGoodsSold": 155.9,
        "dilutedAverageSharesOutstanding": 57.3,
        "dilutedEPS": -0.5,
        "ebit": -10.7,
        "grossIncome": 211.1,
        "interestExpense": 14.388,
        "interestIncomeExpense": -15.2,
        "netIncome": -28.9,
        "netIncomeAfterTaxes": -27.2,
        "nonRecurringItems": -2.6,
        "period": "2016-12-31",
        "pretaxIncome": -26.8,
        "provisionforIncomeTaxes": 0.4,
        "researchDevelopment": 55.7,
        "revenue": 367,
        "sgaExpense": 166.1,
        "totalOperatingExpense": 221.7,
        "totalOtherIncomeExpenseNet": 1.7,
        "year": 2016
      },
      {
        "costOfGoodsSold": 130.6,
        "dilutedAverageSharesOutstanding": 56.8,
        "dilutedEPS": -1.29,
        "ebit": -48.7,
        "grossIncome": 133.3,
        "interestExpense": 12.712,
        "interestIncomeExpense": -12.7,
        "netIncome": -73.5,
        "netIncomeAfterTaxes": -61.6,
        "nonRecurringItems": 0,
        "period": "2015-12-31",
        "pretaxIncome": -61.4,
        "provisionforIncomeTaxes": 0.2,
        "researchDevelopment": 43.2,
        "revenue": 263.9,
        "sgaExpense": 138.8,
        "totalOperatingExpense": 182,
        "year": 2015
      }
    ],
    "symbol": "PODD"
  }
}