{
  "symbol": "LMT",
  "statement": "ic",
  "frequency": "quarterly",
  "timestamp": "2025-09-19T14:03:18.734044",
  "data": {
    "financials": [
      {
        "costOfGoodsSold": 17355,
        "dilutedAverageSharesOutstanding": 234.3,
        "dilutedEPS": 1.46,
        "ebit": 814,
        "grossIncome": 800,
        "interestExpense": 274,
        "interestIncomeExpense": -274,
        "netIncome": 342,
        "netIncomeAfterTaxes": 342,
        "nonRecurringItems": -66,
        "otherOperatingExpensesTotal": -14,
        "period": "2025-06-29",
        "pretaxIncome": 417,
        "provisionforIncomeTaxes": 75,
        "revenue": 18155,
        "totalOperatingExpense": -14,
        "totalOtherIncomeExpenseNet": -57
      },
      {
        "costOfGoodsSold": 15640,
        "dilutedAverageSharesOutstanding": 235.3,
        "dilutedEPS": 7.28,
        "ebit": 2372,
        "grossIncome": 2323,
        "interestExpense": 268,
        "interestIncomeExpense": -268,
        "netIncome": 1712,
        "netIncomeAfterTaxes": 1712,
        "otherOperatingExpensesTotal": -49,
        "period": "2025-03-30",
        "pretaxIncome": 2036,
        "provisionforIncomeTaxes": 324,
        "revenue": 17963,
        "totalOperatingExpense": -49,
        "totalOtherIncomeExpenseNet": -68
      },
      {
        "costOfGoodsSold": 17932,
        "dilutedAverageSharesOutstanding": 237.1,
        "dilutedEPS": 2.22,
        "ebit": 640,
        "grossIncome": 690,
        "interestExpense": 264,
        "interestIncomeExpense": -181,
        "netIncome": 527,
        "netIncomeAfterTaxes": 527,
        "nonRecurringItems": 0,
        "otherOperatingExpensesTotal": 50,
        "period": "2024-12-31",
        "pretaxIncome": 519,
        "provisionforIncomeTaxes": -8,
        "revenue": 18622,
        "totalOperatingExpense": 50,
        "totalOtherIncomeExpenseNet": 60
      },
      {
        "costOfGoodsSold": 14987,
        "dilutedAverageSharesOutstanding": 238.6,
        "dilutedEPS": 6.8,
        "ebit": 2140,
        "grossIncome": 2117,
        "interestExpense": 256,
        "interestIncomeExpense": -275,
        "netIncome": 1623,
        "netIncomeAfterTaxes": 1623,
        "nonRecurringItems": 0,
        "otherOperatingExpensesTotal": -23,
        "period": "2024-09-29",
        "pretaxIncome": 1918,
        "provisionforIncomeTaxes": 295,
        "revenue": 17104,
        "totalOperatingExpense": -23,
        "totalOtherIncomeExpenseNet": 53
      },
      {
        "costOfGoodsSold": 15905,
        "dilutedAverageSharesOutstanding": 239.6,
        "dilutedEPS": 6.85,
        "ebit": 2235,
        "grossIncome": 2217,
        "interestExpense": 261,
        "interestIncomeExpense": -252,
        "netIncome": 1641,
        "netIncomeAfterTaxes": 1641,
        "nonRecurringItems": -87,
        "otherOperatingExpensesTotal": -18,
        "period": "2024-06-30",
        "pretaxIncome": 1948,
        "provisionforIncomeTaxes": 307,
        "revenue": 18122,
        "totalOperatingExpense": -18,
        "totalOtherIncomeExpenseNet": 52
      },
      {
        "costOfGoodsSold": 15202,
        "dilutedAverageSharesOutstanding": 241.6,
        "dilutedEPS": 6.39,
        "ebit": 2029,
        "grossIncome": 1993,
        "interestExpense": 255,
        "interestIncomeExpense": -250,
        "netIncome": 1545,
        "netIncomeAfterTaxes": 1545,
        "otherOperatingExpensesTotal": -36,
        "period": "2024-03-31",
        "pretaxIncome": 1835,
        "provisionforIncomeTaxes": 290,
        "revenue": 17195,
        "totalOperatingExpense": -36,
        "totalOtherIncomeExpenseNet": 56
      },
      {
        "costOfGoodsSold": 16487,
        "dilutedAverageSharesOutstanding": 245.5,
        "dilutedEPS": 7.6,
        "ebit": 2345,
        "grossIncome": 2387,
        "interestExpense": 254,
        "interestIncomeExpense": -254,
        "netIncome": 1866,
        "netIncomeAfterTaxes": 1866,
        "nonRecurringItems": -92,
        "otherOperatingExpensesTotal": 42,
        "period": "2023-12-31",
        "pretaxIncome": 2145,
        "provisionforIncomeTaxes": 279,
        "revenue": 18874,
        "totalOperatingExpense": 42,
        "totalOtherIncomeExpenseNet": 146
      },
      {
        "costOfGoodsSold": 14830,
        "dilutedAverageSharesOutstanding": 250.2,
        "dilutedEPS": 6.73,
        "ebit": 2042,
        "grossIncome": 2048,
        "interestExpense": 237,
        "interestIncomeExpense": -250,
        "netIncome": 1684,
        "netIncomeAfterTaxes": 1684,
        "otherOperatingExpensesTotal": 6,
        "period": "2023-09-24",
        "pretaxIncome": 1953,
        "provisionforIncomeTaxes": 269,
        "revenue": 16878,
        "totalOperatingExpense": 6,
        "totalOtherIncomeExpenseNet": 161
      },
      {
        "costOfGoodsSold": 14603,
        "dilutedAverageSharesOutstanding": 253.6,
        "dilutedEPS": 6.63,
        "ebit": 2135,
        "grossIncome": 2090,
        "interestExpense": 223,
        "interestIncomeExpense": -263,
        "netIncome": 1681,
        "netIncomeAfterTaxes": 1681,
        "otherOperatingExpensesTotal": -45,
        "period": "2023-06-25",
        "pretaxIncome": 2006,
        "provisionforIncomeTaxes": 325,
        "revenue": 16693,
        "totalOperatingExpense": -45,
        "totalOtherIncomeExpenseNet": 134
      },
      {
        "costOfGoodsSold": 13080,
        "dilutedAverageSharesOutstanding": 255.7,
        "dilutedEPS": 6.61,
        "ebit": 2037,
        "grossIncome": 2046,
        "interestExpense": 202,
        "interestIncomeExpense": -173,
        "netIncome": 1689,
        "netIncomeAfterTaxes": 1689,
        "otherOperatingExpensesTotal": 9,
        "period": "2023-03-26",
        "pretaxIncome": 1994,
        "provisionforIncomeTaxes": 305,
        "revenue": 15126,
        "totalOperatingExpense": 9,
        "totalOtherIncomeExpenseNet": 130
      },
      {
        "costOfGoodsSold": 16589,
        "dilutedAverageSharesOutstanding": 257.7,
        "dilutedEPS": 7.42,
        "ebit": 2393,
        "grossIncome": 2402,
        "interestExpense": 202,
        "interestIncomeExpense": -250,
        "netIncome": 1912,
        "netIncomeAfterTaxes": 1912,
        "nonRecurringItems": -100,
        "otherOperatingExpensesTotal": 9,
        "period": "2022-12-31",
        "pretaxIncome": 2190,
        "provisionforIncomeTaxes": 278,
        "revenue": 18991,
        "totalOperatingExpense": 9,
        "totalOtherIncomeExpenseNet": 147
      },
      {
        "costOfGoodsSold": 14463,
        "dilutedAverageSharesOutstanding": 265.1,
        "dilutedEPS": 6.71,
        "ebit": 2159,
        "grossIncome": 2120,
        "interestExpense": 145,
        "interestIncomeExpense": -171,
        "netIncome": 1778,
        "netIncomeAfterTaxes": 1778,
        "nonRecurringItems": 0,
        "otherOperatingExpensesTotal": -39,
        "period": "2022-09-25",
        "pretaxIncome": 2099,
        "provisionforIncomeTaxes": 321,
        "revenue": 16583,
        "totalOperatingExpense": -39,
        "totalOtherIncomeExpenseNet": 111
      },
      {
        "costOfGoodsSold": 13490,
        "dilutedAverageSharesOutstanding": 266.7,
        "dilutedEPS": 1.16,
        "ebit": 1963,
        "grossIncome": 1956,
        "interestExpense": 141,
        "interestIncomeExpense": -284,
        "netIncome": 309,
        "netIncomeAfterTaxes": 309,
        "nonRecurringItems": -1534,
        "otherOperatingExpensesTotal": -7,
        "period": "2022-06-26",
        "pretaxIncome": 330,
        "provisionforIncomeTaxes": 21,
        "revenue": 15446,
        "totalOperatingExpense": -7,
        "totalOtherIncomeExpenseNet": 185
      },
      {
        "costOfGoodsSold": 13055,
        "dilutedAverageSharesOutstanding": 269.2,
        "dilutedEPS": 6.44,
        "ebit": 1933,
        "grossIncome": 1909,
        "interestExpense": 135,
        "interestIncomeExpense": -32,
        "netIncome": 1733,
        "netIncomeAfterTaxes": 1733,
        "nonRecurringItems": 0,
        "otherOperatingExpensesTotal": -24,
        "period": "2022-03-27",
        "pretaxIncome": 2061,
        "provisionforIncomeTaxes": 328,
        "revenue": 14964,
        "totalOperatingExpense": -24,
        "totalOtherIncomeExpenseNet": 160
      },
      {
        "costOfGoodsSold": 15307,
        "dilutedAverageSharesOutstanding": 274.1,
        "dilutedEPS": 7.48,
        "ebit": 2455,
        "grossIncome": 2422,
        "interestExpense": 146,
        "interestIncomeExpense": -61,
        "netIncome": 2049,
        "netIncomeAfterTaxes": 2049,
        "nonRecurringItems": 0,
        "otherOperatingExpensesTotal": -33,
        "period": "2021-12-31",
        "pretaxIncome": 2490,
        "provisionforIncomeTaxes": 441,
        "revenue": 17729,
        "totalOperatingExpense": -33,
        "totalOtherIncomeExpenseNet": 96
      },
      {
        "costOfGoodsSold": 13726,
        "dilutedAverageSharesOutstanding": 277.3,
        "dilutedEPS": 2.21,
        "ebit": 2294,
        "grossIncome": 2302,
        "interestExpense": 141,
        "interestIncomeExpense": -43,
        "netIncome": 614,
        "netIncomeAfterTaxes": 614,
        "nonRecurringItems": -1700,
        "otherOperatingExpensesTotal": 8,
        "period": "2021-09-26",
        "pretaxIncome": 679,
        "provisionforIncomeTaxes": 65,
        "revenue": 16028,
        "totalOperatingExpense": 8,
        "totalOtherIncomeExpenseNet": 128
      },
      {
        "costOfGoodsSold": 14878,
        "dilutedAverageSharesOutstanding": 278.4,
        "dilutedEPS": 6.52,
        "ebit": 2192,
        "grossIncome": 2151,
        "interestExpense": 142,
        "interestIncomeExpense": -142,
        "netIncome": 1815,
        "netIncomeAfterTaxes": 1815,
        "nonRecurringItems": 0,
        "otherOperatingExpensesTotal": -41,
        "period": "2021-06-27",
        "pretaxIncome": 2170,
        "provisionforIncomeTaxes": 355,
        "revenue": 17029,
        "totalOperatingExpense": -41,
        "totalOtherIncomeExpenseNet": 120
      },
      {
        "costOfGoodsSold": 14036,
        "dilutedAverageSharesOutstanding": 280,
        "dilutedEPS": 6.56,
        "ebit": 2218,
        "grossIncome": 2222,
        "interestExpense": 140,
        "interestIncomeExpense": -140,
        "netIncome": 1837,
        "netIncomeAfterTaxes": 1837,
        "nonRecurringItems": -36,
        "otherOperatingExpensesTotal": 4,
        "period": "2021-03-28",
        "pretaxIncome": 2211,
        "provisionforIncomeTaxes": 374,
        "revenue": 16258,
        "totalOperatingExpense": 4,
        "totalOtherIncomeExpenseNet": 169
      },
      {
        "costOfGoodsSold": 14791,
        "dilutedAverageSharesOutstanding": 280.9,
        "dilutedEPS": 6.38,
        "ebit": 2316,
        "grossIncome": 2241,
        "interestExpense": 149,
        "interestIncomeExpense": -149,
        "netIncome": 1792,
        "netIncomeAfterTaxes": 1792,
        "nonRecurringItems": -27,
        "otherOperatingExpensesTotal": -75,
        "period": "2020-12-31",
        "pretaxIncome": 2187,
        "provisionforIncomeTaxes": 395,
        "revenue": 17032,
        "totalOperatingExpense": -75,
        "totalOtherIncomeExpenseNet": 47
      },
      {
        "costOfGoodsSold": 14359,
        "dilutedAverageSharesOutstanding": 280.6,
        "dilutedEPS": 6.05,
        "ebit": 2147,
        "grossIncome": 2136,
        "interestExpense": 145,
        "interestIncomeExpense": -145,
        "netIncome": 1698,
        "netIncomeAfterTaxes": 1753,
        "nonRecurringItems": 0,
        "otherOperatingExpensesTotal": -11,
        "period": "2020-09-27",
        "pretaxIncome": 2056,
        "provisionforIncomeTaxes": 303,
        "revenue": 16495,
        "totalOperatingExpense": -11,
        "totalOtherIncomeExpenseNet": 54
      },
      {
        "costOfGoodsSold": 14007,
        "dilutedAverageSharesOutstanding": 280.8,
        "dilutedEPS": 5.79,
        "ebit": 2214,
        "grossIncome": 2213,
        "interestExpense": 149,
        "interestIncomeExpense": -149,
        "netIncome": 1626,
        "netIncomeAfterTaxes": 1626,
        "nonRecurringItems": -128,
        "otherOperatingExpensesTotal": -1,
        "period": "2020-06-28",
        "pretaxIncome": 1962,
        "provisionforIncomeTaxes": 336,
        "revenue": 16220,
        "totalOperatingExpense": -1,
        "totalOtherIncomeExpenseNet": 25
      },
      {
        "costOfGoodsSold": 13560,
        "dilutedAverageSharesOutstanding": 282.6,
        "dilutedEPS": 6.08,
        "ebit": 2122,
        "grossIncome": 2091,
        "interestExpense": 148,
        "interestIncomeExpense": -148,
        "netIncome": 1717,
        "netIncomeAfterTaxes": 1717,
        "otherOperatingExpensesTotal": -31,
        "period": "2020-03-29",
        "pretaxIncome": 2030,
        "provisionforIncomeTaxes": 313,
        "revenue": 15651,
        "totalOperatingExpense": -31,
        "totalOtherIncomeExpenseNet": 56
      },
      {
        "costOfGoodsSold": 13755,
        "dilutedAverageSharesOutstanding": 283.2,
        "dilutedEPS": 5.29,
        "ebit": 2149,
        "grossIncome": 2123,
        "interestExpense": 157,
        "interestIncomeExpense": -157,
        "netIncome": 1498,
        "netIncomeAfterTaxes": 1498,
        "nonRecurringItems": 0,
        "otherOperatingExpensesTotal": -26,
        "period": "2019-12-31",
        "pretaxIncome": 1832,
        "provisionforIncomeTaxes": 334,
        "revenue": 15878,
        "totalOperatingExpense": -26,
        "totalOtherIncomeExpenseNet": -160
      },
      {
        "costOfGoodsSold": 13108,
        "dilutedAverageSharesOutstanding": 283.9,
        "dilutedEPS": 5.66,
        "ebit": 2105,
        "grossIncome": 2063,
        "interestExpense": 162,
        "interestIncomeExpense": -162,
        "netIncome": 1608,
        "netIncomeAfterTaxes": 1608,
        "nonRecurringItems": 0,
        "otherOperatingExpensesTotal": -42,
        "period": "2019-09-29",
        "pretaxIncome": 1781,
        "provisionforIncomeTaxes": 173,
        "revenue": 15171,
        "totalOperatingExpense": -42,
        "totalOtherIncomeExpenseNet": -162
      },
      {
        "costOfGoodsSold": 12434,
        "dilutedAverageSharesOutstanding": 283.9,
        "dilutedEPS": 5,
        "ebit": 2008,
        "grossIncome": 1993,
        "interestExpense": 163,
        "interestIncomeExpense": -163,
        "netIncome": 1420,
        "netIncomeAfterTaxes": 1420,
        "nonRecurringItems": 0,
        "otherOperatingExpensesTotal": -15,
        "period": "2019-06-30",
        "pretaxIncome": 1683,
        "provisionforIncomeTaxes": 263,
        "revenue": 14427,
        "totalOperatingExpense": -15,
        "totalOtherIncomeExpenseNet": -162
      },
      {
        "costOfGoodsSold": 12148,
        "dilutedAverageSharesOutstanding": 284.3,
        "dilutedEPS": 5.99,
        "ebit": 2232,
        "grossIncome": 2188,
        "interestExpense": 171,
        "interestIncomeExpense": -171,
        "netIncome": 1704,
        "netIncomeAfterTaxes": 1704,
        "nonRecurringItems": 51,
        "otherOperatingExpensesTotal": -44,
        "period": "2019-03-31",
        "pretaxIncome": 1945,
        "provisionforIncomeTaxes": 241,
        "revenue": 14336,
        "totalOperatingExpense": -44,
        "totalOtherIncomeExpenseNet": -167
      },
      {
        "costOfGoodsSold": 12469,
        "dilutedAverageSharesOutstanding": 285.6,
        "dilutedEPS": 4.38,
        "ebit": 1851,
        "grossIncome": 1942,
        "interestExpense": 171,
        "interestIncomeExpense": -171,
        "netIncome": 1253,
        "netIncomeAfterTaxes": 1210,
        "nonRecurringItems": 0,
        "otherOperatingExpensesTotal": 91,
        "period": "2018-12-31",
        "pretaxIncome": 1483,
        "provisionforIncomeTaxes": 273,
        "revenue": 14411,
        "totalOperatingExpense": 91,
        "totalOtherIncomeExpenseNet": -197
      },
      {
        "costOfGoodsSold": 12397,
        "dilutedAverageSharesOutstanding": 286.7,
        "dilutedEPS": 5.14,
        "ebit": 1963,
        "grossIncome": 1921,
        "interestExpense": 177,
        "interestIncomeExpense": -177,
        "netIncome": 1473,
        "netIncomeAfterTaxes": 1473,
        "nonRecurringItems": 0,
        "otherOperatingExpensesTotal": -42,
        "period": "2018-09-30",
        "pretaxIncome": 1575,
        "provisionforIncomeTaxes": 102,
        "revenue": 14318,
        "totalOperatingExpense": -42,
        "totalOtherIncomeExpenseNet": -211
      },
      {
        "costOfGoodsSold": 11549,
        "dilutedAverageSharesOutstanding": 287.1,
        "dilutedEPS": 4.05,
        "ebit": 1891,
        "grossIncome": 1849,
        "interestExpense": 165,
        "interestIncomeExpense": -165,
        "netIncome": 1163,
        "netIncomeAfterTaxes": 1163,
        "nonRecurringItems": -96,
        "otherOperatingExpensesTotal": -42,
        "period": "2018-06-24",
        "pretaxIncome": 1420,
        "provisionforIncomeTaxes": 257,
        "revenue": 13398,
        "totalOperatingExpense": -42,
        "totalOtherIncomeExpenseNet": -210
      },
      {
        "costOfGoodsSold": 9977,
        "dilutedAverageSharesOutstanding": 287.9,
        "dilutedEPS": 4.02,
        "ebit": 1725,
        "grossIncome": 1658,
        "interestExpense": 155,
        "interestIncomeExpense": -155,
        "netIncome": 1157,
        "netIncomeAfterTaxes": 1157,
        "otherOperatingExpensesTotal": -67,
        "period": "2018-03-25",
        "pretaxIncome": 1360,
        "provisionforIncomeTaxes": 203,
        "revenue": 11635,
        "totalOperatingExpense": -67,
        "totalOtherIncomeExpenseNet": -210
      },
      {
        "costOfGoodsSold": 12135,
        "dilutedAverageSharesOutstanding": 285.7,
        "dilutedEPS": -2.6,
        "ebit": 1949,
        "grossIncome": 1709,
        "interestExpense": 174,
        "interestIncomeExpense": -174,
        "netIncome": -744,
        "netIncomeAfterTaxes": 1069,
        "nonRecurringItems": 0,
        "otherOperatingExpensesTotal": -240,
        "period": "2017-12-31",
        "pretaxIncome": 1572,
        "provisionforIncomeTaxes": 503,
        "revenue": 13844,
        "totalOperatingExpense": -240,
        "totalOtherIncomeExpenseNet": -203
      },
      {
        "costOfGoodsSold": 10741,
        "dilutedAverageSharesOutstanding": 290,
        "dilutedEPS": 3.32,
        "ebit": 1677,
        "grossIncome": 1600,
        "interestExpense": 162,
        "interestIncomeExpense": -162,
        "netIncome": 963,
        "netIncomeAfterTaxes": 963,
        "nonRecurringItems": 0,
        "otherOperatingExpensesTotal": -77,
        "period": "2017-09-24",
        "pretaxIncome": 1297,
        "provisionforIncomeTaxes": 334,
        "revenue": 12341,
        "totalOperatingExpense": -77,
        "totalOtherIncomeExpenseNet": -218
      },
      {
        "costOfGoodsSold": 10907,
        "dilutedAverageSharesOutstanding": 291.2,
        "dilutedEPS": 3.28,
        "ebit": 1716,
        "grossIncome": 1656,
        "interestExpense": 160,
        "interestIncomeExpense": -160,
        "netIncome": 955,
        "netIncomeAfterTaxes": 955,
        "nonRecurringItems": 0,
        "otherOperatingExpensesTotal": -60,
        "period": "2017-06-25",
        "pretaxIncome": 1342,
        "provisionforIncomeTaxes": 387,
        "revenue": 12563,
        "totalOperatingExpense": -60,
        "totalOtherIncomeExpenseNet": -214
      },
      {
        "costOfGoodsSold": 9806,
        "dilutedAverageSharesOutstanding": 292.8,
        "dilutedEPS": 2.69,
        "ebit": 1402,
        "grossIncome": 1406,
        "interestExpense": 155,
        "interestIncomeExpense": -155,
        "netIncome": 789,
        "netIncomeAfterTaxes": 789,
        "otherOperatingExpensesTotal": 4,
        "period": "2017-03-26",
        "pretaxIncome": 1035,
        "provisionforIncomeTaxes": 246,
        "revenue": 11212,
        "totalOperatingExpense": 4,
        "totalOtherIncomeExpenseNet": -212
      },
      {
        "costOfGoodsSold": 12399,
        "dilutedAverageSharesOutstanding": 294.7,
        "dilutedEPS": 3.35,
        "ebit": 1428,
        "grossIncome": 1353,
        "interestExpense": 171,
        "interestIncomeExpense": -171,
        "netIncome": 988,
        "netIncomeAfterTaxes": 959,
        "nonRecurringItems": 0,
        "otherOperatingExpensesTotal": -75,
        "period": "2016-12-31",
        "pretaxIncome": 1255,
        "provisionforIncomeTaxes": 296,
        "revenue": 13752,
        "totalOperatingExpense": -75,
        "totalOtherIncomeExpenseNet": -2
      },
      {
        "costOfGoodsSold": 10167,
        "dilutedAverageSharesOutstanding": 302.1,
        "dilutedEPS": 7.92,
        "ebit": 1588,
        "grossIncome": 1384,
        "interestExpense": 162,
        "interestIncomeExpense": -162,
        "netIncome": 2395,
        "netIncomeAfterTaxes": 1089,
        "nonRecurringItems": 0,
        "otherOperatingExpensesTotal": -204,
        "period": "2016-09-25",
        "pretaxIncome": 1427,
        "provisionforIncomeTaxes": 338,
        "revenue": 11551,
        "totalOperatingExpense": -204,
        "totalOtherIncomeExpenseNet": 1
      },
      {
        "costOfGoodsSold": 10347,
        "dilutedAverageSharesOutstanding": 307.1,
        "dilutedEPS": 3.32,
        "ebit": 1375,
        "grossIncome": 1230,
        "interestExpense": 165,
        "interestIncomeExpense": -165,
        "netIncome": 1021,
        "netIncomeAfterTaxes": 899,
        "nonRecurringItems": 0,
        "otherOperatingExpensesTotal": -145,
        "period": "2016-06-26",
        "pretaxIncome": 1210,
        "provisionforIncomeTaxes": 311,
        "revenue": 11577,
        "totalOperatingExpense": -145,
        "totalOtherIncomeExpenseNet": 0
      },
      {
        "costOfGoodsSold": 9193,
        "dilutedAverageSharesOutstanding": 308.7,
        "dilutedEPS": 2.9,
        "ebit": 1238,
        "grossIncome": 1175,
        "interestExpense": 165,
        "interestIncomeExpense": -165,
        "netIncome": 898,
        "netIncomeAfterTaxes": 806,
        "nonRecurringItems": -80,
        "otherOperatingExpensesTotal": -63,
        "period": "2016-03-27",
        "pretaxIncome": 994,
        "provisionforIncomeTaxes": 188,
        "revenue": 10368,
        "totalOperatingExpense": -63,
        "totalOtherIncomeExpenseNet": 1
      },
      {
        "costOfGoodsSold": 10316,
        "dilutedAverageSharesOutstanding": 309.9,
        "dilutedEPS": 3.01,
        "ebit": 1167,
        "grossIncome": 1204,
        "interestExpense": 142,
        "interestIncomeExpense": -142,
        "netIncome": 933,
        "netIncomeAfterTaxes": 817,
        "nonRecurringItems": -67,
        "otherOperatingExpensesTotal": 37,
        "period": "2015-12-31",
        "pretaxIncome": 982,
        "provisionforIncomeTaxes": 165,
        "revenue": 11520,
        "totalOperatingExpense": 37,
        "totalOtherIncomeExpenseNet": 24
      },
      {
        "costOfGoodsSold": 8948,
        "dilutedAverageSharesOutstanding": 312.7,
        "dilutedEPS": 2.76,
        "ebit": 1207,
        "grossIncome": 1112,
        "interestExpense": 104,
        "interestIncomeExpense": -104,
        "netIncome": 865,
        "netIncomeAfterTaxes": 756,
        "nonRecurringItems": -15,
        "otherOperatingExpensesTotal": -95,
        "period": "2015-09-27",
        "pretaxIncome": 1089,
        "provisionforIncomeTaxes": 333,
        "revenue": 10060,
        "totalOperatingExpense": -95,
        "totalOtherIncomeExpenseNet": 1
      }
    ],
    "symbol": "LMT"
  }
}