{
  "symbol": "WMT",
  "statement": "ic",
  "frequency": "quarterly",
  "timestamp": "2025-09-19T14:08:35.107768",
  "data": {
    "financials": [
      {
        "costOfGoodsSold": 37345,
        "dilutedAverageSharesOutstanding": 8016,
        "dilutedEPS": 0.8765,
        "ebit": 7286,
        "grossIncome": 140057,
        "interestIncomeExpense": -675,
        "minorityInterest": -125,
        "netIncome": 7026,
        "netIncomeAfterTaxes": 7151,
        "period": "2025-07-31",
        "pretaxIncome": 9319,
        "provisionforIncomeTaxes": 2168,
        "revenue": 177402,
        "sgaExpense": 132771,
        "totalOperatingExpense": 132771,
        "totalOtherIncomeExpenseNet": 2708
      },
      {
        "costOfGoodsSold": 124303,
        "dilutedAverageSharesOutstanding": 8051,
        "dilutedEPS": 0.5573,
        "ebit": 7135,
        "grossIncome": 41306,
        "interestIncomeExpense": -1144,
        "minorityInterest": -152,
        "netIncome": 4487,
        "netIncomeAfterTaxes": 4639,
        "period": "2025-04-30",
        "pretaxIncome": 5994,
        "provisionforIncomeTaxes": 1355,
        "revenue": 165609,
        "sgaExpense": 34171,
        "totalOperatingExpense": 34171,
        "totalOtherIncomeExpenseNet": 3
      },
      {
        "costOfGoodsSold": 136172,
        "dilutedAverageSharesOutstanding": 8078,
        "dilutedEPS": 0.65,
        "ebit": 7859,
        "grossIncome": 44382,
        "interestExpense": 697,
        "interestIncomeExpense": -602,
        "minorityInterest": -171,
        "netIncome": 5254,
        "netIncomeAfterTaxes": 5425,
        "period": "2025-01-31",
        "pretaxIncome": 6963,
        "provisionforIncomeTaxes": 1538,
        "revenue": 180554,
        "sgaExpense": 36523,
        "totalOperatingExpense": 36523,
        "totalOtherIncomeExpenseNet": -294
      },
      {
        "costOfGoodsSold": 127340,
        "dilutedAverageSharesOutstanding": 8082,
        "dilutedEPS": 0.57,
        "ebit": 6708,
        "grossIncome": 42248,
        "interestExpense": 618,
        "interestIncomeExpense": 3222,
        "minorityInterest": -137,
        "netIncome": 4577,
        "netIncomeAfterTaxes": 4714,
        "period": "2024-10-31",
        "pretaxIncome": 6098,
        "provisionforIncomeTaxes": 1384,
        "revenue": 169588,
        "sgaExpense": 35540,
        "totalOperatingExpense": 35540,
        "totalOtherIncomeExpenseNet": -3832
      },
      {
        "costOfGoodsSold": 126810,
        "dilutedAverageSharesOutstanding": 8081,
        "dilutedEPS": 0.56,
        "ebit": 7940,
        "grossIncome": 42525,
        "interestExpense": 679,
        "interestIncomeExpense": 535,
        "minorityInterest": -210,
        "netIncome": 4501,
        "netIncomeAfterTaxes": 4711,
        "period": "2024-07-31",
        "pretaxIncome": 6213,
        "provisionforIncomeTaxes": 1502,
        "revenue": 169335,
        "sgaExpense": 34585,
        "totalOperatingExpense": 34585,
        "totalOtherIncomeExpenseNet": -2262
      },
      {
        "costOfGoodsSold": 121431,
        "dilutedAverageSharesOutstanding": 8084,
        "dilutedEPS": 0.63,
        "ebit": 6841,
        "grossIncome": 40077,
        "interestExpense": 714,
        "interestIncomeExpense": -1200,
        "minorityInterest": -203,
        "netIncome": 5104,
        "netIncomeAfterTaxes": 5307,
        "period": "2024-04-30",
        "pretaxIncome": 7035,
        "provisionforIncomeTaxes": 1728,
        "revenue": 161508,
        "sgaExpense": 33236,
        "totalOperatingExpense": 33236,
        "totalOtherIncomeExpenseNet": 1394
      },
      {
        "costOfGoodsSold": 131825,
        "dilutedAverageSharesOutstanding": 8104.757,
        "dilutedEPS": 0.68,
        "ebit": 7254,
        "grossIncome": 41563,
        "interestExpense": 695,
        "interestIncomeExpense": 1051,
        "minorityInterest": -184,
        "netIncome": 5494,
        "netIncomeAfterTaxes": 5678,
        "nonRecurringItems": 0,
        "period": "2024-01-31",
        "pretaxIncome": 7518,
        "provisionforIncomeTaxes": 1840,
        "revenue": 173388,
        "sgaExpense": 34309,
        "totalOperatingExpense": 34309,
        "totalOtherIncomeExpenseNet": -787
      },
      {
        "costOfGoodsSold": 121183,
        "dilutedAverageSharesOutstanding": 8109.081,
        "dilutedEPS": 0.06,
        "ebit": 6202,
        "grossIncome": 39621,
        "interestExpense": 682,
        "interestIncomeExpense": -4737,
        "minorityInterest": -190,
        "netIncome": 453,
        "netIncomeAfterTaxes": 643,
        "period": "2023-10-31",
        "pretaxIncome": 915,
        "provisionforIncomeTaxes": 272,
        "revenue": 160804,
        "sgaExpense": 33419,
        "totalOperatingExpense": 33419,
        "totalOtherIncomeExpenseNet": -550
      },
      {
        "costOfGoodsSold": 121850,
        "dilutedAverageSharesOutstanding": 8109.081,
        "dilutedEPS": 0.97,
        "ebit": 7316,
        "grossIncome": 39782,
        "interestExpense": 642,
        "interestIncomeExpense": 2706,
        "minorityInterest": -162,
        "netIncome": 7891,
        "netIncomeAfterTaxes": 8053,
        "period": "2023-07-31",
        "pretaxIncome": 10727,
        "provisionforIncomeTaxes": 2674,
        "revenue": 161632,
        "sgaExpense": 32466,
        "totalOperatingExpense": 32466,
        "totalOtherIncomeExpenseNet": 705
      },
      {
        "costOfGoodsSold": 115284,
        "dilutedAverageSharesOutstanding": 8112.081,
        "dilutedEPS": 0.21,
        "ebit": 6240,
        "grossIncome": 37017,
        "interestExpense": 664,
        "interestIncomeExpense": -3757,
        "minorityInterest": -223,
        "netIncome": 1673,
        "netIncomeAfterTaxes": 1896,
        "period": "2023-04-30",
        "pretaxIncome": 2688,
        "provisionforIncomeTaxes": 792,
        "revenue": 152301,
        "sgaExpense": 30777,
        "totalOperatingExpense": 30777,
        "totalOtherIncomeExpenseNet": 205
      },
      {
        "costOfGoodsSold": 125423,
        "dilutedAverageSharesOutstanding": 8121.081,
        "dilutedEPS": 0.77,
        "ebit": 6361,
        "grossIncome": 38625,
        "interestExpense": 610,
        "interestIncomeExpense": -107,
        "minorityInterest": 466,
        "netIncome": 6275,
        "netIncomeAfterTaxes": 5809,
        "nonRecurringItems": -800,
        "period": "2023-01-31",
        "pretaxIncome": 8902,
        "provisionforIncomeTaxes": 3093,
        "revenue": 164048,
        "sgaExpense": 32264,
        "totalOperatingExpense": 32264,
        "totalOtherIncomeExpenseNet": 3448
      },
      {
        "costOfGoodsSold": 115613,
        "dilutedAverageSharesOutstanding": 8133.081,
        "dilutedEPS": -0.22,
        "ebit": 5995,
        "grossIncome": 37200,
        "interestExpense": 584,
        "interestIncomeExpense": -3200,
        "minorityInterest": -31,
        "netIncome": -1798,
        "netIncomeAfterTaxes": -1767,
        "nonRecurringItems": -3300,
        "period": "2022-10-31",
        "pretaxIncome": -1431,
        "provisionforIncomeTaxes": 336,
        "revenue": 152813,
        "sgaExpense": 31205,
        "totalOperatingExpense": 31205,
        "totalOtherIncomeExpenseNet": -926
      },
      {
        "costOfGoodsSold": 115838,
        "dilutedAverageSharesOutstanding": 8235.082,
        "dilutedEPS": 0.63,
        "ebit": 6854,
        "grossIncome": 37021,
        "interestExpense": 479,
        "interestIncomeExpense": 752,
        "minorityInterest": 2,
        "netIncome": 5149,
        "netIncomeAfterTaxes": 5147,
        "nonRecurringItems": 200,
        "period": "2022-07-31",
        "pretaxIncome": 6644,
        "provisionforIncomeTaxes": 1497,
        "revenue": 152859,
        "sgaExpense": 30167,
        "totalOperatingExpense": 30167,
        "totalOtherIncomeExpenseNet": -1162
      },
      {
        "costOfGoodsSold": 106847,
        "dilutedAverageSharesOutstanding": 8295.083,
        "dilutedEPS": 0.25,
        "ebit": 5318,
        "grossIncome": 34722,
        "interestExpense": 455,
        "interestIncomeExpense": -419,
        "minorityInterest": -49,
        "netIncome": 2054,
        "netIncomeAfterTaxes": 2103,
        "period": "2022-04-30",
        "pretaxIncome": 2901,
        "provisionforIncomeTaxes": 798,
        "revenue": 141569,
        "sgaExpense": 29404,
        "totalOperatingExpense": 29404,
        "totalOtherIncomeExpenseNet": -1998
      },
      {
        "costOfGoodsSold": 115522,
        "dilutedAverageSharesOutstanding": 8343.083,
        "dilutedEPS": 0.43,
        "ebit": 6387,
        "grossIncome": 37349,
        "interestExpense": 427,
        "interestIncomeExpense": -2780,
        "minorityInterest": -71,
        "netIncome": 3562,
        "netIncomeAfterTaxes": 3633,
        "nonRecurringItems": -500,
        "period": "2022-01-31",
        "pretaxIncome": 4782,
        "provisionforIncomeTaxes": 1149,
        "revenue": 152871,
        "sgaExpense": 30962,
        "totalOperatingExpense": 30962,
        "totalOtherIncomeExpenseNet": 1675
      },
      {
        "costOfGoodsSold": 105023,
        "dilutedAverageSharesOutstanding": 8391.084,
        "dilutedEPS": 0.37,
        "ebit": 5992,
        "grossIncome": 35502,
        "interestExpense": 486,
        "interestIncomeExpense": -442,
        "minorityInterest": -27,
        "netIncome": 3105,
        "netIncomeAfterTaxes": 3132,
        "nonRecurringItems": -2610,
        "period": "2021-10-31",
        "pretaxIncome": 4147,
        "provisionforIncomeTaxes": 1015,
        "revenue": 140525,
        "sgaExpense": 29510,
        "totalOperatingExpense": 29510,
        "totalOtherIncomeExpenseNet": 1207
      },
      {
        "costOfGoodsSold": 105183,
        "dilutedAverageSharesOutstanding": 8436.084,
        "dilutedEPS": 0.51,
        "ebit": 8554,
        "grossIncome": 35865,
        "interestExpense": 515,
        "interestIncomeExpense": -478,
        "minorityInterest": -88,
        "netIncome": 4276,
        "netIncomeAfterTaxes": 4364,
        "nonRecurringItems": -1200,
        "period": "2021-07-31",
        "pretaxIncome": 5923,
        "provisionforIncomeTaxes": 1559,
        "revenue": 141048,
        "sgaExpense": 27311,
        "totalOperatingExpense": 27311,
        "totalOtherIncomeExpenseNet": -953
      },
      {
        "costOfGoodsSold": 103272,
        "dilutedAverageSharesOutstanding": 8487.085,
        "dilutedEPS": 0.32,
        "ebit": 7409,
        "grossIncome": 35038,
        "interestExpense": 566,
        "interestIncomeExpense": -536,
        "minorityInterest": -81,
        "netIncome": 2730,
        "netIncomeAfterTaxes": 2811,
        "nonRecurringItems": -1300,
        "period": "2021-04-30",
        "pretaxIncome": 3844,
        "provisionforIncomeTaxes": 1033,
        "revenue": 138310,
        "sgaExpense": 27629,
        "totalOperatingExpense": 27629,
        "totalOtherIncomeExpenseNet": -1729
      },
      {
        "costOfGoodsSold": 115261,
        "dilutedAverageSharesOutstanding": 8484.085,
        "dilutedEPS": -0.25,
        "ebit": 6487,
        "grossIncome": 36818,
        "interestExpense": 524,
        "interestIncomeExpense": 2206,
        "minorityInterest": -83,
        "netIncome": -2091,
        "netIncomeAfterTaxes": -2008,
        "nonRecurringItems": -8400,
        "period": "2021-01-31",
        "pretaxIncome": -593,
        "provisionforIncomeTaxes": 1415,
        "revenue": 152079,
        "sgaExpense": 30331,
        "totalOperatingExpense": 30331,
        "totalOtherIncomeExpenseNet": -886
      },
      {
        "costOfGoodsSold": 100339,
        "dilutedAverageSharesOutstanding": 8547.085,
        "dilutedEPS": 0.6,
        "ebit": 6378,
        "grossIncome": 34369,
        "interestExpense": 541,
        "interestIncomeExpense": 2184,
        "minorityInterest": -66,
        "netIncome": 5135,
        "netIncomeAfterTaxes": 5201,
        "nonRecurringItems": -1600,
        "period": "2020-10-31",
        "pretaxIncome": 7115,
        "provisionforIncomeTaxes": 1914,
        "revenue": 134708,
        "sgaExpense": 27991,
        "totalOperatingExpense": 27991,
        "totalOtherIncomeExpenseNet": 153
      },
      {
        "costOfGoodsSold": 102689,
        "dilutedAverageSharesOutstanding": 8544.085,
        "dilutedEPS": 0.76,
        "ebit": 7959,
        "grossIncome": 35053,
        "interestExpense": 658,
        "interestIncomeExpense": -635,
        "minorityInterest": 37,
        "netIncome": 6476,
        "netIncomeAfterTaxes": 6439,
        "nonRecurringItems": -1900,
        "period": "2020-07-31",
        "pretaxIncome": 8646,
        "provisionforIncomeTaxes": 2207,
        "revenue": 137742,
        "sgaExpense": 27094,
        "totalOperatingExpense": 27094,
        "totalOtherIncomeExpenseNet": 3222
      },
      {
        "costOfGoodsSold": 102026,
        "dilutedAverageSharesOutstanding": 8547.085,
        "dilutedEPS": 0.47,
        "ebit": 6124,
        "grossIncome": 32596,
        "interestExpense": 592,
        "interestIncomeExpense": -549,
        "minorityInterest": -84,
        "netIncome": 3990,
        "netIncomeAfterTaxes": 4074,
        "nonRecurringItems": -900,
        "period": "2020-04-30",
        "pretaxIncome": 5396,
        "provisionforIncomeTaxes": 1322,
        "revenue": 134622,
        "sgaExpense": 26472,
        "totalOperatingExpense": 26472,
        "totalOtherIncomeExpenseNet": 721
      },
      {
        "costOfGoodsSold": 107748,
        "dilutedAverageSharesOutstanding": 8568.086,
        "dilutedEPS": 0.48,
        "ebit": 5922,
        "grossIncome": 33923,
        "interestExpense": 652,
        "interestIncomeExpense": 1289,
        "minorityInterest": -153,
        "netIncome": 4141,
        "netIncomeAfterTaxes": 4294,
        "nonRecurringItems": -600,
        "period": "2020-01-31",
        "pretaxIncome": 5673,
        "provisionforIncomeTaxes": 1379,
        "revenue": 141671,
        "sgaExpense": 28001,
        "totalOperatingExpense": 28001,
        "totalOtherIncomeExpenseNet": -938
      },
      {
        "costOfGoodsSold": 95900,
        "dilutedAverageSharesOutstanding": 8583.086,
        "dilutedEPS": 0.38,
        "ebit": 5018,
        "grossIncome": 32091,
        "interestExpense": 633,
        "interestIncomeExpense": -589,
        "minorityInterest": -33,
        "netIncome": 3288,
        "netIncomeAfterTaxes": 3321,
        "nonRecurringItems": -300,
        "period": "2019-10-31",
        "pretaxIncome": 4373,
        "provisionforIncomeTaxes": 1052,
        "revenue": 127991,
        "sgaExpense": 27073,
        "totalOperatingExpense": 27073,
        "totalOtherIncomeExpenseNet": 244
      },
      {
        "costOfGoodsSold": 97923,
        "dilutedAverageSharesOutstanding": 8607.086,
        "dilutedEPS": 0.42,
        "ebit": 5583,
        "grossIncome": 32454,
        "interestExpense": 641,
        "interestIncomeExpense": -585,
        "minorityInterest": -70,
        "netIncome": 3610,
        "netIncomeAfterTaxes": 3680,
        "period": "2019-07-31",
        "pretaxIncome": 4913,
        "provisionforIncomeTaxes": 1233,
        "revenue": 130377,
        "sgaExpense": 26871,
        "totalOperatingExpense": 26871,
        "totalOtherIncomeExpenseNet": -85
      },
      {
        "costOfGoodsSold": 93034,
        "dilutedAverageSharesOutstanding": 8658.087,
        "dilutedEPS": 0.44,
        "ebit": 4945,
        "grossIncome": 30891,
        "interestExpense": 673,
        "interestIncomeExpense": -625,
        "minorityInterest": -64,
        "netIncome": 3842,
        "netIncomeAfterTaxes": 3906,
        "period": "2019-04-30",
        "pretaxIncome": 5157,
        "provisionforIncomeTaxes": 1251,
        "revenue": 123925,
        "sgaExpense": 25946,
        "totalOperatingExpense": 25946,
        "totalOtherIncomeExpenseNet": 837
      },
      {
        "costOfGoodsSold": 104907,
        "dilutedAverageSharesOutstanding": 8736.087,
        "dilutedEPS": 0.42,
        "ebit": 6067,
        "grossIncome": 33886,
        "interestExpense": 669,
        "interestIncomeExpense": -605,
        "minorityInterest": -126,
        "netIncome": 3687,
        "netIncomeAfterTaxes": 4321,
        "nonRecurringItems": 0,
        "period": "2019-01-31",
        "pretaxIncome": 5664,
        "provisionforIncomeTaxes": 1343,
        "revenue": 138793,
        "sgaExpense": 27819,
        "totalOperatingExpense": 27819,
        "totalOtherIncomeExpenseNet": 202
      },
      {
        "costOfGoodsSold": 93116,
        "dilutedAverageSharesOutstanding": 8823.088,
        "dilutedEPS": 0.19,
        "ebit": 4986,
        "grossIncome": 31778,
        "interestExpense": 593,
        "interestIncomeExpense": -534,
        "minorityInterest": -107,
        "netIncome": 1710,
        "netIncomeAfterTaxes": 1770,
        "nonRecurringItems": 0,
        "period": "2018-10-31",
        "pretaxIncome": 2576,
        "provisionforIncomeTaxes": 806,
        "revenue": 124894,
        "sgaExpense": 26792,
        "totalOperatingExpense": 26792,
        "totalOtherIncomeExpenseNet": -1876
      },
      {
        "costOfGoodsSold": 95571,
        "dilutedAverageSharesOutstanding": 8838.088,
        "dilutedEPS": -0.08,
        "ebit": 5750,
        "grossIncome": 32457,
        "interestExpense": 554,
        "interestIncomeExpense": -503,
        "minorityInterest": -134,
        "netIncome": -861,
        "netIncomeAfterTaxes": -604,
        "nonRecurringItems": -4800,
        "period": "2018-07-31",
        "pretaxIncome": 398,
        "provisionforIncomeTaxes": 1002,
        "revenue": 128028,
        "sgaExpense": 26707,
        "totalOperatingExpense": 26707,
        "totalOtherIncomeExpenseNet": -49
      },
      {
        "costOfGoodsSold": 91707,
        "dilutedAverageSharesOutstanding": 8901.089,
        "dilutedEPS": 0.22,
        "ebit": 5154,
        "grossIncome": 30983,
        "interestExpense": 530,
        "interestIncomeExpense": -487,
        "minorityInterest": -142,
        "netIncome": 2134,
        "netIncomeAfterTaxes": 2134,
        "period": "2018-04-30",
        "pretaxIncome": 2822,
        "provisionforIncomeTaxes": 688,
        "revenue": 122690,
        "sgaExpense": 25829,
        "totalOperatingExpense": 25829,
        "totalOtherIncomeExpenseNet": -1845
      },
      {
        "costOfGoodsSold": 102640,
        "dilutedAverageSharesOutstanding": 8931.089,
        "dilutedEPS": 0.24,
        "ebit": 5518,
        "grossIncome": 33627,
        "interestExpense": 536,
        "interestIncomeExpense": -499,
        "minorityInterest": -188,
        "netIncome": 2175,
        "netIncomeAfterTaxes": 2163,
        "nonRecurringItems": -2055,
        "period": "2018-01-31",
        "pretaxIncome": 2964,
        "provisionforIncomeTaxes": 801,
        "revenue": 136267,
        "sgaExpense": 28109,
        "totalOperatingExpense": 28109
      },
      {
        "costOfGoodsSold": 91547,
        "dilutedAverageSharesOutstanding": 8988.09,
        "dilutedEPS": 0.19,
        "ebit": 4864,
        "grossIncome": 31632,
        "interestExpense": 583,
        "interestIncomeExpense": -541,
        "minorityInterest": -155,
        "netIncome": 1749,
        "netIncomeAfterTaxes": 1904,
        "nonRecurringItems": -1444,
        "period": "2017-10-31",
        "pretaxIncome": 2879,
        "provisionforIncomeTaxes": 975,
        "revenue": 123179,
        "sgaExpense": 26768,
        "totalOperatingExpense": 26768
      },
      {
        "costOfGoodsSold": 91521,
        "dilutedAverageSharesOutstanding": 9063.091,
        "dilutedEPS": 0.32,
        "ebit": 6019,
        "grossIncome": 31834,
        "interestExpense": 613,
        "interestIncomeExpense": -575,
        "minorityInterest": -205,
        "netIncome": 2899,
        "netIncomeAfterTaxes": 3104,
        "nonRecurringItems": -838,
        "period": "2017-07-31",
        "pretaxIncome": 4606,
        "provisionforIncomeTaxes": 1502,
        "revenue": 123355,
        "sgaExpense": 25815,
        "totalOperatingExpense": 25815
      },
      {
        "costOfGoodsSold": 87688,
        "dilutedAverageSharesOutstanding": 9141.091,
        "dilutedEPS": 0.33,
        "ebit": 5237,
        "grossIncome": 29854,
        "interestExpense": 598,
        "interestIncomeExpense": -563,
        "minorityInterest": -113,
        "netIncome": 3039,
        "netIncomeAfterTaxes": 3152,
        "period": "2017-04-30",
        "pretaxIncome": 4674,
        "provisionforIncomeTaxes": 1522,
        "revenue": 117542,
        "sgaExpense": 24617,
        "totalOperatingExpense": 24617
      },
      {
        "costOfGoodsSold": 97743,
        "dilutedAverageSharesOutstanding": 9238.617,
        "dilutedEPS": 0.41,
        "ebit": 6205,
        "grossIncome": 33193,
        "interestExpense": 585,
        "interestIncomeExpense": -555,
        "minorityInterest": -229,
        "netIncome": 3757,
        "netIncomeAfterTaxes": 3986,
        "period": "2017-01-31",
        "pretaxIncome": 5650,
        "provisionforIncomeTaxes": 1664,
        "revenue": 130936,
        "sgaExpense": 26988,
        "totalOperatingExpense": 26988
      },
      {
        "costOfGoodsSold": 87484,
        "dilutedAverageSharesOutstanding": 9300.093,
        "dilutedEPS": 0.33,
        "ebit": 5119,
        "grossIncome": 30695,
        "interestExpense": 609,
        "interestIncomeExpense": -585,
        "minorityInterest": -168,
        "netIncome": 3034,
        "netIncomeAfterTaxes": 3202,
        "period": "2016-10-31",
        "pretaxIncome": 4534,
        "provisionforIncomeTaxes": 1332,
        "revenue": 118179,
        "sgaExpense": 25576,
        "totalOperatingExpense": 25576
      },
      {
        "costOfGoodsSold": 89485,
        "dilutedAverageSharesOutstanding": 9357.094,
        "dilutedEPS": 0.4,
        "ebit": 6165,
        "grossIncome": 31369,
        "interestExpense": 588,
        "interestIncomeExpense": -566,
        "minorityInterest": -116,
        "netIncome": 3773,
        "netIncomeAfterTaxes": 3889,
        "period": "2016-07-31",
        "pretaxIncome": 5599,
        "provisionforIncomeTaxes": 1710,
        "revenue": 120854,
        "sgaExpense": 25204,
        "totalOperatingExpense": 25204
      },
      {
        "costOfGoodsSold": 86544,
        "dilutedAverageSharesOutstanding": 9462.095,
        "dilutedEPS": 0.33,
        "ebit": 5275,
        "grossIncome": 29360,
        "interestExpense": 585,
        "interestIncomeExpense": -561,
        "minorityInterest": -137,
        "netIncome": 3079,
        "netIncomeAfterTaxes": 3216,
        "period": "2016-04-30",
        "pretaxIncome": 4714,
        "provisionforIncomeTaxes": 1498,
        "revenue": 115904,
        "sgaExpense": 24085,
        "totalOperatingExpense": 24085
      },
      {
        "costOfGoodsSold": 96999,
        "dilutedAverageSharesOutstanding": 9525.095,
        "dilutedEPS": 0.48,
        "ebit": 6642,
        "grossIncome": 32668,
        "interestExpense": 565,
        "interestIncomeExpense": -548,
        "minorityInterest": -174,
        "netIncome": 4574,
        "netIncomeAfterTaxes": 4748,
        "period": "2016-01-31",
        "pretaxIncome": 6094,
        "provisionforIncomeTaxes": 1346,
        "revenue": 129667,
        "sgaExpense": 26026,
        "totalOperatingExpense": 26026
      },
      {
        "costOfGoodsSold": 87446,
        "dilutedAverageSharesOutstanding": 9657.097,
        "dilutedEPS": 0.34,
        "ebit": 5714,
        "grossIncome": 29962,
        "interestExpense": 573,
        "interestIncomeExpense": -552,
        "minorityInterest": -110,
        "netIncome": 3304,
        "netIncomeAfterTaxes": 3414,
        "period": "2015-10-31",
        "pretaxIncome": 5162,
        "provisionforIncomeTaxes": 1748,
        "revenue": 117408,
        "sgaExpense": 24248,
        "totalOperatingExpense": 24248
      }
    ],
    "symbol": "WMT"
  }
}