{
  "symbol": "BRK.B",
  "statement": "ic",
  "frequency": "annual",
  "timestamp": "2025-09-19T13:56:43.727821",
  "data": {
    "financials": [
      {
        "costOfGoodsSold": 280512,
        "dilutedAverageSharesOutstanding": 1.438,
        "dilutedEPS": 61888.03,
        "ebit": 60936,
        "grossIncome": 90921,
        "interestExpense": 5200,
        "interestIncomeExpense": 49440,
        "minorityInterest": -566,
        "netIncome": 88995,
        "netIncomeAfterTaxes": 89561,
        "otherOperatingExpensesTotal": 4343,
        "period": "2024-12-31",
        "pretaxIncome": 110376,
        "provisionforIncomeTaxes": 20815,
        "revenue": 371433,
        "sgaExpense": 25642,
        "totalOperatingExpense": 29985,
        "year": 2024
      },
      {
        "costOfGoodsSold": 289520,
        "dilutedAverageSharesOutstanding": 1.449,
        "dilutedEPS": 66406.48,
        "ebit": 48341,
        "grossIncome": 74962,
        "interestExpense": 5003,
        "interestIncomeExpense": 71825,
        "minorityInterest": -924,
        "netIncome": 96223,
        "netIncomeAfterTaxes": 97147,
        "otherOperatingExpensesTotal": 4016,
        "period": "2023-12-31",
        "pretaxIncome": 120166,
        "provisionforIncomeTaxes": 23019,
        "revenue": 364482,
        "sgaExpense": 22605,
        "totalOperatingExpense": 26621,
        "year": 2023
      },
      {
        "costOfGoodsSold": 237642,
        "dilutedAverageSharesOutstanding": 1.469,
        "dilutedEPS": -15492.85,
        "ebit": 39888,
        "grossIncome": 64378,
        "interestExpense": 4352,
        "interestIncomeExpense": -70388,
        "minorityInterest": -761,
        "netIncome": -22759,
        "netIncomeAfterTaxes": -21998,
        "otherOperatingExpensesTotal": 4984,
        "period": "2022-12-31",
        "pretaxIncome": -30500,
        "provisionforIncomeTaxes": -8502,
        "revenue": 302020,
        "sgaExpense": 19506,
        "totalOperatingExpense": 24490,
        "year": 2022
      },
      {
        "costOfGoodsSold": 215122,
        "dilutedAverageSharesOutstanding": 1.51,
        "dilutedEPS": 59560.92,
        "ebit": 36605,
        "grossIncome": 61063,
        "interestExpense": 4172,
        "interestIncomeExpense": 75256,
        "minorityInterest": -1012,
        "netIncome": 89937,
        "netIncomeAfterTaxes": 90949,
        "otherOperatingExpensesTotal": 5615,
        "period": "2021-12-31",
        "pretaxIncome": 111861,
        "provisionforIncomeTaxes": 20912,
        "revenue": 276185,
        "sgaExpense": 18843,
        "totalOperatingExpense": 24458,
        "year": 2021
      },
      {
        "costOfGoodsSold": 191930,
        "dilutedAverageSharesOutstanding": 1.594,
        "dilutedEPS": 26675.65,
        "ebit": 29044,
        "grossIncome": 53649,
        "interestExpense": 4083,
        "interestIncomeExpense": 37320,
        "minorityInterest": -732,
        "netIncome": 42521,
        "netIncomeAfterTaxes": 43253,
        "nonRecurringItems": -10671,
        "otherOperatingExpensesTotal": 4796,
        "period": "2020-12-31",
        "pretaxIncome": 55693,
        "provisionforIncomeTaxes": 12440,
        "revenue": 245579,
        "sgaExpense": 19809,
        "totalOperatingExpense": 24605,
        "year": 2020
      },
      {
        "costOfGoodsSold": 198418,
        "dilutedAverageSharesOutstanding": 1.634,
        "dilutedEPS": 49826.8,
        "ebit": 32874,
        "grossIncome": 56198,
        "interestExpense": 3961,
        "interestIncomeExpense": 69822,
        "minorityInterest": -375,
        "netIncome": 81417,
        "netIncomeAfterTaxes": 81792,
        "otherOperatingExpensesTotal": 4002,
        "period": "2019-12-31",
        "pretaxIncome": 102696,
        "provisionforIncomeTaxes": 20904,
        "revenue": 254616,
        "sgaExpense": 19322,
        "totalOperatingExpense": 23324,
        "year": 2019
      },
      {
        "costOfGoodsSold": 193228,
        "dilutedAverageSharesOutstanding": 1.644,
        "dilutedEPS": 2445.86,
        "ebit": 32476,
        "grossIncome": 54609,
        "interestExpense": 3853,
        "interestIncomeExpense": -28475,
        "minorityInterest": -301,
        "netIncome": 4021,
        "netIncomeAfterTaxes": 4020,
        "otherOperatingExpensesTotal": 3895,
        "period": "2018-12-31",
        "pretaxIncome": 4001,
        "provisionforIncomeTaxes": -19,
        "revenue": 247837,
        "sgaExpense": 18238,
        "totalOperatingExpense": 22133,
        "year": 2018
      },
      {
        "costOfGoodsSold": 194431,
        "dilutedAverageSharesOutstanding": 1.645,
        "dilutedEPS": 27319.14,
        "ebit": 23082,
        "grossIncome": 45502,
        "interestExpense": 4386,
        "interestIncomeExpense": 756,
        "minorityInterest": -413,
        "netIncome": 44940,
        "netIncomeAfterTaxes": 17153,
        "otherOperatingExpensesTotal": 3231,
        "period": "2017-12-31",
        "pretaxIncome": 23838,
        "provisionforIncomeTaxes": 6685,
        "revenue": 239933,
        "sgaExpense": 19189,
        "totalOperatingExpense": 22420,
        "year": 2017
      },
      {
        "costOfGoodsSold": 166557,
        "dilutedAverageSharesOutstanding": 1.644,
        "dilutedEPS": 14643.55,
        "ebit": 27995,
        "grossIncome": 48557,
        "interestExpense": 3741,
        "interestIncomeExpense": 5672,
        "minorityInterest": -353,
        "netIncome": 24074,
        "netIncomeAfterTaxes": 24427,
        "otherOperatingExpensesTotal": 2589,
        "period": "2016-12-31",
        "pretaxIncome": 33667,
        "provisionforIncomeTaxes": 9240,
        "revenue": 215114,
        "sgaExpense": 17973,
        "totalOperatingExpense": 20562,
        "year": 2016
      },
      {
        "costOfGoodsSold": 157051,
        "dilutedAverageSharesOutstanding": 1.643,
        "dilutedEPS": 14657.94,
        "ebit": 38583,
        "grossIncome": 53892,
        "interestExpense": 3515,
        "interestIncomeExpense": -3637,
        "minorityInterest": -331,
        "netIncome": 24083,
        "netIncomeAfterTaxes": 24414,
        "period": "2015-12-31",
        "pretaxIncome": 34946,
        "provisionforIncomeTaxes": 10532,
        "revenue": 210943,
        "sgaExpense": 15309,
        "totalOperatingExpense": 15309,
        "year": 2015
      }
    ],
    "symbol": "BRK.A"
  }
}