{
  "symbol": "AES",
  "statement": "ic",
  "frequency": "annual",
  "timestamp": "2025-09-19T13:55:17.644190",
  "data": {
    "financials": [
      {
        "costOfGoodsSold": 9964,
        "dilutedAverageSharesOutstanding": 713,
        "dilutedEPS": 2.3647,
        "ebit": 2095,
        "equityEarningsAffiliates": -26,
        "grossIncome": 2314,
        "interestExpense": 1485,
        "interestIncomeExpense": -1073,
        "minorityInterest": 877,
        "netIncome": 1679,
        "netIncomeAfterTaxes": 835,
        "nonRecurringItems": -128,
        "otherOperatingExpensesTotal": -69,
        "period": "2024-12-31",
        "pretaxIncome": 894,
        "provisionforIncomeTaxes": 59,
        "revenue": 12278,
        "sgaExpense": 288,
        "totalOperatingExpense": 219,
        "totalOtherIncomeExpenseNet": 0,
        "year": 2024
      },
      {
        "costOfGoodsSold": 10164,
        "dilutedAverageSharesOutstanding": 712,
        "dilutedEPS": 0.3413,
        "ebit": 2281,
        "equityEarningsAffiliates": -32,
        "grossIncome": 2504,
        "interestExpense": 1319,
        "interestIncomeExpense": -1127,
        "minorityInterest": 431,
        "netIncome": 249,
        "netIncomeAfterTaxes": -157,
        "nonRecurringItems": -1050,
        "otherOperatingExpensesTotal": -32,
        "period": "2023-12-31",
        "pretaxIncome": 104,
        "provisionforIncomeTaxes": 261,
        "revenue": 12668,
        "sgaExpense": 255,
        "totalOperatingExpense": 223,
        "totalOtherIncomeExpenseNet": 0,
        "year": 2023
      },
      {
        "costOfGoodsSold": 10069,
        "dilutedAverageSharesOutstanding": 668,
        "dilutedEPS": -0.82,
        "ebit": 2361,
        "equityEarningsAffiliates": -71,
        "grossIncome": 2548,
        "interestExpense": 1117,
        "interestIncomeExpense": -783,
        "minorityInterest": -41,
        "netIncome": -546,
        "netIncomeAfterTaxes": -434,
        "nonRecurringItems": -1572,
        "otherOperatingExpensesTotal": -20,
        "period": "2022-12-31",
        "pretaxIncome": -169,
        "provisionforIncomeTaxes": 265,
        "revenue": 12617,
        "sgaExpense": 207,
        "totalOperatingExpense": 187,
        "totalOtherIncomeExpenseNet": -175,
        "year": 2022
      },
      {
        "costOfGoodsSold": 8430,
        "dilutedAverageSharesOutstanding": 666,
        "dilutedEPS": -0.62,
        "ebit": 2924,
        "equityEarningsAffiliates": -24,
        "grossIncome": 2711,
        "interestExpense": 911,
        "interestIncomeExpense": -623,
        "minorityInterest": 542,
        "netIncome": -409,
        "netIncomeAfterTaxes": -931,
        "nonRecurringItems": -3365,
        "otherOperatingExpensesTotal": -379,
        "period": "2021-12-31",
        "pretaxIncome": -1064,
        "provisionforIncomeTaxes": -133,
        "revenue": 11141,
        "sgaExpense": 166,
        "totalOperatingExpense": -213,
        "totalOtherIncomeExpenseNet": 0,
        "year": 2021
      },
      {
        "costOfGoodsSold": 6967,
        "dilutedAverageSharesOutstanding": 668,
        "dilutedEPS": 0.06,
        "ebit": 2572,
        "equityEarningsAffiliates": -123,
        "grossIncome": 2693,
        "interestExpense": 1038,
        "interestIncomeExpense": -715,
        "minorityInterest": -106,
        "netIncome": 46,
        "netIncomeAfterTaxes": 272,
        "nonRecurringItems": -1167,
        "otherOperatingExpensesTotal": -44,
        "period": "2020-12-31",
        "pretaxIncome": 488,
        "provisionforIncomeTaxes": 216,
        "revenue": 9660,
        "sgaExpense": 165,
        "totalOperatingExpense": 121,
        "totalOtherIncomeExpenseNet": -202,
        "year": 2020
      },
      {
        "costOfGoodsSold": 7840,
        "dilutedAverageSharesOutstanding": 667,
        "dilutedEPS": 0.45,
        "ebit": 2158,
        "equityEarningsAffiliates": -172,
        "grossIncome": 2349,
        "interestExpense": 1050,
        "interestIncomeExpense": -799,
        "minorityInterest": -175,
        "netIncome": 303,
        "netIncomeAfterTaxes": 649,
        "nonRecurringItems": -266,
        "otherOperatingExpensesTotal": -5,
        "period": "2019-12-31",
        "pretaxIncome": 1001,
        "provisionforIncomeTaxes": 352,
        "revenue": 10189,
        "sgaExpense": 196,
        "totalOperatingExpense": 191,
        "totalOtherIncomeExpenseNet": -92,
        "year": 2019
      },
      {
        "costOfGoodsSold": 8163,
        "dilutedAverageSharesOutstanding": 665,
        "dilutedEPS": 1.8,
        "ebit": 2393,
        "equityEarningsAffiliates": 39,
        "grossIncome": 2573,
        "interestExpense": 1056,
        "interestIncomeExpense": -818,
        "minorityInterest": -364,
        "netIncome": 1203,
        "netIncomeAfterTaxes": 1348,
        "nonRecurringItems": 590,
        "otherOperatingExpensesTotal": -12,
        "period": "2018-12-31",
        "pretaxIncome": 2018,
        "provisionforIncomeTaxes": 670,
        "revenue": 10736,
        "sgaExpense": 192,
        "totalOperatingExpense": 180,
        "totalOtherIncomeExpenseNet": -147,
        "year": 2018
      },
      {
        "costOfGoodsSold": 8066,
        "dilutedAverageSharesOutstanding": 660,
        "dilutedEPS": -1.75,
        "ebit": 2299,
        "equityEarningsAffiliates": 71,
        "grossIncome": 2464,
        "interestExpense": 1170,
        "interestIncomeExpense": -884,
        "minorityInterest": -359,
        "netIncome": -1161,
        "netIncomeAfterTaxes": -180,
        "nonRecurringItems": -644,
        "otherOperatingExpensesTotal": -50,
        "period": "2017-12-31",
        "pretaxIncome": 771,
        "provisionforIncomeTaxes": 951,
        "revenue": 10530,
        "sgaExpense": 215,
        "totalOperatingExpense": 165,
        "year": 2017
      },
      {
        "costOfGoodsSold": 7901,
        "dilutedAverageSharesOutstanding": 660,
        "dilutedEPS": -1.71,
        "ebit": 2173,
        "equityEarningsAffiliates": 36,
        "grossIncome": 2380,
        "interestExpense": 1134,
        "interestIncomeExpense": -904,
        "minorityInterest": -211,
        "netIncome": -1130,
        "netIncomeAfterTaxes": 155,
        "nonRecurringItems": -1082,
        "otherOperatingExpensesTotal": 13,
        "period": "2016-12-31",
        "pretaxIncome": 187,
        "provisionforIncomeTaxes": 32,
        "revenue": 10281,
        "sgaExpense": 194,
        "totalOperatingExpense": 207,
        "totalOtherIncomeExpenseNet": 0,
        "year": 2016
      },
      {
        "costOfGoodsSold": 8597,
        "dilutedAverageSharesOutstanding": 689,
        "dilutedEPS": 0.46,
        "ebit": 2500,
        "equityEarningsAffiliates": 105,
        "grossIncome": 2663,
        "interestExpense": 1145,
        "interestIncomeExpense": -783,
        "minorityInterest": -364,
        "netIncome": 306,
        "netIncomeAfterTaxes": 577,
        "nonRecurringItems": -728,
        "otherOperatingExpensesTotal": -33,
        "period": "2015-12-31",
        "pretaxIncome": 989,
        "provisionforIncomeTaxes": 412,
        "revenue": 11260,
        "sgaExpense": 196,
        "totalOperatingExpense": 163,
        "year": 2015
      }
    ],
    "symbol": "AES"
  }
}