{
  "symbol": "VMC",
  "statement": "ic",
  "frequency": "quarterly",
  "timestamp": "2025-09-19T14:08:27.303728",
  "data": {
    "financials": [
      {
        "costOfGoodsSold": 1477.2,
        "dilutedAverageSharesOutstanding": 132.9,
        "dilutedEPS": 2.4304,
        "ebit": 469.8,
        "grossIncome": 625.2,
        "interestExpense": 59.2,
        "interestIncomeExpense": -59.2,
        "minorityInterest": 0.1,
        "netIncome": 320.9,
        "netIncomeAfterTaxes": 322.9,
        "nonRecurringItems": 1.2,
        "otherOperatingExpensesTotal": 10.9,
        "period": "2025-06-30",
        "pretaxIncome": 414.2,
        "provisionforIncomeTaxes": 91.3,
        "revenue": 2102.4,
        "sgaExpense": 144.5,
        "totalOperatingExpense": 155.4,
        "totalOtherIncomeExpenseNet": 2.4
      },
      {
        "costOfGoodsSold": 1269.3,
        "dilutedAverageSharesOutstanding": 133,
        "dilutedEPS": 0.9759,
        "ebit": 219,
        "grossIncome": 365.3,
        "interestExpense": 59.7,
        "interestIncomeExpense": -59.7,
        "minorityInterest": -0.5,
        "netIncome": 128.9,
        "netIncomeAfterTaxes": 130.3,
        "nonRecurringItems": 7.4,
        "otherOperatingExpensesTotal": 8,
        "period": "2025-03-31",
        "pretaxIncome": 164.1,
        "provisionforIncomeTaxes": 33.8,
        "revenue": 1634.6,
        "sgaExpense": 138.3,
        "totalOperatingExpense": 146.3,
        "totalOtherIncomeExpenseNet": -2.6
      },
      {
        "costOfGoodsSold": 1316.5,
        "dilutedAverageSharesOutstanding": 133.1,
        "dilutedEPS": 2.2262,
        "ebit": 353.3,
        "grossIncome": 537.2,
        "interestExpense": 73.5,
        "interestIncomeExpense": -52.6,
        "minorityInterest": 0.2,
        "netIncome": 293.7,
        "netIncomeAfterTaxes": 296.1,
        "nonRecurringItems": 47.7,
        "otherOperatingExpensesTotal": 45.8,
        "period": "2024-12-31",
        "pretaxIncome": 339,
        "provisionforIncomeTaxes": 42.9,
        "revenue": 1853.7,
        "sgaExpense": 138.1,
        "totalOperatingExpense": 183.9,
        "totalOtherIncomeExpenseNet": -9.4
      },
      {
        "costOfGoodsSold": 1438.7,
        "dilutedAverageSharesOutstanding": 133,
        "dilutedEPS": 1.5707,
        "ebit": 423.5,
        "grossIncome": 565.2,
        "interestExpense": 38.4,
        "interestIncomeExpense": -38.4,
        "minorityInterest": -0.8,
        "netIncome": 207.6,
        "netIncomeAfterTaxes": 209.7,
        "nonRecurringItems": -86.4,
        "otherOperatingExpensesTotal": 12.6,
        "period": "2024-09-30",
        "pretaxIncome": 294.9,
        "provisionforIncomeTaxes": 85.2,
        "revenue": 2003.9,
        "sgaExpense": 129.1,
        "totalOperatingExpense": 141.7,
        "totalOtherIncomeExpenseNet": -3.8
      },
      {
        "costOfGoodsSold": 1422.2,
        "dilutedAverageSharesOutstanding": 133.1,
        "dilutedEPS": 2.3291,
        "ebit": 449.8,
        "grossIncome": 592.2,
        "interestExpense": 40.2,
        "interestIncomeExpense": -40.2,
        "minorityInterest": -0.3,
        "netIncome": 308,
        "netIncomeAfterTaxes": 310.3,
        "nonRecurringItems": 3.8,
        "otherOperatingExpensesTotal": 8.3,
        "period": "2024-06-30",
        "pretaxIncome": 404.7,
        "provisionforIncomeTaxes": 94.4,
        "revenue": 2014.4,
        "sgaExpense": 134.1,
        "totalOperatingExpense": 142.4,
        "totalOtherIncomeExpenseNet": -8.7
      },
      {
        "costOfGoodsSold": 1240.8,
        "dilutedAverageSharesOutstanding": 133.1,
        "dilutedEPS": 0.7844,
        "ebit": 172.3,
        "grossIncome": 304.9,
        "interestExpense": 39.1,
        "interestIncomeExpense": -39.1,
        "minorityInterest": -0.2,
        "netIncome": 102.7,
        "netIncomeAfterTaxes": 104.6,
        "nonRecurringItems": 0.6,
        "otherOperatingExpensesTotal": 2.9,
        "period": "2024-03-31",
        "pretaxIncome": 133.5,
        "provisionforIncomeTaxes": 28.9,
        "revenue": 1545.7,
        "sgaExpense": 129.7,
        "totalOperatingExpense": 132.6,
        "totalOtherIncomeExpenseNet": -0.3
      },
      {
        "costOfGoodsSold": 1362.1,
        "dilutedAverageSharesOutstanding": 133.7,
        "dilutedEPS": 1.7173,
        "ebit": 316.5,
        "grossIncome": 472.2,
        "interestExpense": 53.9,
        "interestIncomeExpense": -37.4,
        "minorityInterest": -0.7,
        "netIncome": 227.4,
        "netIncomeAfterTaxes": 230.3,
        "nonRecurringItems": 53.6,
        "otherOperatingExpensesTotal": 13.3,
        "period": "2023-12-31",
        "pretaxIncome": 335.3,
        "provisionforIncomeTaxes": 105,
        "revenue": 1834.3,
        "sgaExpense": 142.4,
        "totalOperatingExpense": 155.7,
        "totalOtherIncomeExpenseNet": 2.6
      },
      {
        "costOfGoodsSold": 1594.8,
        "dilutedAverageSharesOutstanding": 133.7,
        "dilutedEPS": 2.06,
        "ebit": 442.9,
        "grossIncome": 591,
        "interestExpense": 46.6,
        "interestIncomeExpense": -46.6,
        "minorityInterest": -0.8,
        "netIncome": 276.5,
        "netIncomeAfterTaxes": 280.1,
        "nonRecurringItems": -24,
        "otherOperatingExpensesTotal": 4.2,
        "period": "2023-09-30",
        "pretaxIncome": 365.9,
        "provisionforIncomeTaxes": 85.8,
        "revenue": 2185.8,
        "sgaExpense": 143.9,
        "totalOperatingExpense": 148.1,
        "totalOtherIncomeExpenseNet": -6.4
      },
      {
        "costOfGoodsSold": 1529.6,
        "dilutedAverageSharesOutstanding": 133.8,
        "dilutedEPS": 2.3,
        "ebit": 434.4,
        "grossIncome": 583.3,
        "interestExpense": 46.7,
        "interestIncomeExpense": -46.7,
        "minorityInterest": 0,
        "netIncome": 308.6,
        "netIncomeAfterTaxes": 312.3,
        "nonRecurringItems": 16.7,
        "otherOperatingExpensesTotal": 9.8,
        "period": "2023-06-30",
        "pretaxIncome": 404.3,
        "provisionforIncomeTaxes": 92,
        "revenue": 2112.9,
        "sgaExpense": 139.1,
        "totalOperatingExpense": 148.9,
        "totalOtherIncomeExpenseNet": -0.1
      },
      {
        "costOfGoodsSold": 1347,
        "dilutedAverageSharesOutstanding": 133.7,
        "dilutedEPS": 0.9185,
        "ebit": 185.5,
        "grossIncome": 302,
        "interestExpense": 49,
        "interestIncomeExpense": -49,
        "minorityInterest": -0.2,
        "netIncome": 120.7,
        "netIncomeAfterTaxes": 123,
        "nonRecurringItems": 1.7,
        "otherOperatingExpensesTotal": -0.8,
        "period": "2023-03-31",
        "pretaxIncome": 139.6,
        "provisionforIncomeTaxes": 16.6,
        "revenue": 1649,
        "sgaExpense": 117.3,
        "totalOperatingExpense": 116.5,
        "totalOtherIncomeExpenseNet": 1.4
      },
      {
        "costOfGoodsSold": 1382,
        "dilutedAverageSharesOutstanding": 133.6,
        "dilutedEPS": 0.9124,
        "ebit": 209.3,
        "grossIncome": 349.9,
        "interestExpense": 48.4,
        "interestIncomeExpense": -47.6,
        "minorityInterest": -0.4,
        "netIncome": 119.4,
        "netIncomeAfterTaxes": 122.3,
        "nonRecurringItems": -17.8,
        "otherOperatingExpensesTotal": 14.2,
        "period": "2022-12-31",
        "pretaxIncome": 150.7,
        "provisionforIncomeTaxes": 28.4,
        "revenue": 1731.9,
        "sgaExpense": 126.4,
        "totalOperatingExpense": 140.6,
        "totalOtherIncomeExpenseNet": 6.8
      },
      {
        "costOfGoodsSold": 1595.4,
        "dilutedAverageSharesOutstanding": 133.6,
        "dilutedEPS": 1.3346,
        "ebit": 349.4,
        "grossIncome": 492.9,
        "interestExpense": 46.1,
        "interestIncomeExpense": -46.1,
        "minorityInterest": 0,
        "netIncome": 177.1,
        "netIncomeAfterTaxes": 178.3,
        "nonRecurringItems": -44,
        "otherOperatingExpensesTotal": 8.2,
        "period": "2022-09-30",
        "pretaxIncome": 260.6,
        "provisionforIncomeTaxes": 82.3,
        "revenue": 2088.3,
        "sgaExpense": 135.3,
        "totalOperatingExpense": 143.5,
        "totalOtherIncomeExpenseNet": 1.3
      },
      {
        "costOfGoodsSold": 1508.1,
        "dilutedAverageSharesOutstanding": 133.5,
        "dilutedEPS": 1.4,
        "ebit": 305.6,
        "grossIncome": 446.2,
        "interestExpense": 38.7,
        "interestIncomeExpense": -38.7,
        "minorityInterest": -0.1,
        "netIncome": 187.3,
        "netIncomeAfterTaxes": 200.5,
        "nonRecurringItems": 2,
        "otherOperatingExpensesTotal": 6.2,
        "period": "2022-06-30",
        "pretaxIncome": 264.2,
        "provisionforIncomeTaxes": 63.7,
        "revenue": 1954.3,
        "sgaExpense": 134.4,
        "totalOperatingExpense": 140.6,
        "totalOtherIncomeExpenseNet": -4.7
      },
      {
        "costOfGoodsSold": 1271.9,
        "dilutedAverageSharesOutstanding": 133.6,
        "dilutedEPS": 0.7006,
        "ebit": 144.4,
        "grossIncome": 268.8,
        "interestExpense": 35.9,
        "interestIncomeExpense": -35.9,
        "minorityInterest": -0.3,
        "netIncome": 91.8,
        "netIncomeAfterTaxes": 93.9,
        "nonRecurringItems": 2.6,
        "otherOperatingExpensesTotal": 5.4,
        "period": "2022-03-31",
        "pretaxIncome": 112.6,
        "provisionforIncomeTaxes": 18.7,
        "revenue": 1540.7,
        "sgaExpense": 119,
        "totalOperatingExpense": 124.4,
        "totalOtherIncomeExpenseNet": 1.5
      },
      {
        "costOfGoodsSold": 1254.594,
        "dilutedAverageSharesOutstanding": 133.56,
        "dilutedEPS": 1.0372,
        "ebit": 211.602,
        "grossIncome": 351.709,
        "interestExpense": 37.711,
        "interestIncomeExpense": -36.111,
        "minorityInterest": 0.254,
        "netIncome": 137.935,
        "netIncomeAfterTaxes": 138.279,
        "nonRecurringItems": -0.216,
        "otherOperatingExpensesTotal": 15.559,
        "period": "2021-12-31",
        "pretaxIncome": 168.687,
        "provisionforIncomeTaxes": 30.408,
        "revenue": 1606.303,
        "sgaExpense": 124.548,
        "totalOperatingExpense": 140.107,
        "totalOtherIncomeExpenseNet": -6.588
      },
      {
        "costOfGoodsSold": 1122.445,
        "dilutedAverageSharesOutstanding": 133.544,
        "dilutedEPS": 1.3263,
        "ebit": 259.426,
        "grossIncome": 394.061,
        "interestExpense": 36.776,
        "interestIncomeExpense": -36.776,
        "minorityInterest": 0.146,
        "netIncome": 176.906,
        "netIncomeAfterTaxes": 176.972,
        "nonRecurringItems": 2.94,
        "otherOperatingExpensesTotal": 30.843,
        "period": "2021-09-30",
        "pretaxIncome": 228.742,
        "provisionforIncomeTaxes": 51.77,
        "revenue": 1516.506,
        "sgaExpense": 103.792,
        "totalOperatingExpense": 134.635,
        "totalOtherIncomeExpenseNet": 3.152
      },
      {
        "costOfGoodsSold": 962.683,
        "dilutedAverageSharesOutstanding": 133.507,
        "dilutedEPS": 1.4739,
        "ebit": 287.325,
        "grossIncome": 398.364,
        "interestExpense": 41.696,
        "interestIncomeExpense": -41.696,
        "netIncome": 195.344,
        "netIncomeAfterTaxes": 196.78,
        "nonRecurringItems": 0.211,
        "otherOperatingExpensesTotal": 10.372,
        "period": "2021-06-30",
        "pretaxIncome": 254.063,
        "provisionforIncomeTaxes": 57.283,
        "revenue": 1361.047,
        "sgaExpense": 100.667,
        "totalOperatingExpense": 111.039,
        "totalOtherIncomeExpenseNet": 8.223
      },
      {
        "costOfGoodsSold": 839.1,
        "dilutedAverageSharesOutstanding": 133.4,
        "dilutedEPS": 1.21,
        "ebit": 132.3,
        "grossIncome": 229.3,
        "interestExpense": 33.118,
        "interestIncomeExpense": -33.1,
        "netIncome": 160.6,
        "netIncomeAfterTaxes": 161.7,
        "nonRecurringItems": 117.2,
        "otherOperatingExpensesTotal": 8.3,
        "period": "2021-03-31",
        "pretaxIncome": 222.3,
        "provisionforIncomeTaxes": 60.6,
        "revenue": 1068.3,
        "sgaExpense": 88.6,
        "totalOperatingExpense": 96.9,
        "totalOtherIncomeExpenseNet": 5.9
      },
      {
        "costOfGoodsSold": 872.4,
        "dilutedAverageSharesOutstanding": 133.4,
        "dilutedEPS": 0.87,
        "ebit": 194.7,
        "grossIncome": 302.7,
        "interestExpense": 35.451,
        "interestIncomeExpense": -33.9,
        "netIncome": 114.5,
        "netIncomeAfterTaxes": 115.9,
        "nonRecurringItems": 1.7,
        "otherOperatingExpensesTotal": 9.4,
        "period": "2020-12-31",
        "pretaxIncome": 141.2,
        "provisionforIncomeTaxes": 25.3,
        "revenue": 1175.1,
        "sgaExpense": 98.6,
        "totalOperatingExpense": 108,
        "totalOtherIncomeExpenseNet": -21.4
      },
      {
        "costOfGoodsSold": 929.4,
        "dilutedAverageSharesOutstanding": 133.3,
        "dilutedEPS": 1.51,
        "ebit": 286.5,
        "grossIncome": 380.5,
        "interestExpense": 35.782,
        "interestIncomeExpense": -35.8,
        "netIncome": 199.8,
        "netIncomeAfterTaxes": 201.1,
        "nonRecurringItems": 1.6,
        "otherOperatingExpensesTotal": 10.5,
        "period": "2020-09-30",
        "pretaxIncome": 258.1,
        "provisionforIncomeTaxes": 57,
        "revenue": 1309.9,
        "sgaExpense": 83.5,
        "totalOperatingExpense": 94,
        "totalOtherIncomeExpenseNet": 5.8
      },
      {
        "costOfGoodsSold": 926.1,
        "dilutedAverageSharesOutstanding": 133.1,
        "dilutedEPS": 1.58,
        "ebit": 299.2,
        "grossIncome": 396.5,
        "interestExpense": 33.954,
        "interestIncomeExpense": -34,
        "netIncome": 209.9,
        "netIncomeAfterTaxes": 211,
        "nonRecurringItems": -0.3,
        "otherOperatingExpensesTotal": 6.2,
        "period": "2020-06-30",
        "pretaxIncome": 272.3,
        "provisionforIncomeTaxes": 61.4,
        "revenue": 1322.6,
        "sgaExpense": 91.2,
        "totalOperatingExpense": 97.3,
        "totalOtherIncomeExpenseNet": 7.4
      },
      {
        "costOfGoodsSold": 847.5,
        "dilutedAverageSharesOutstanding": 133.3,
        "dilutedEPS": 0.45,
        "ebit": 111.3,
        "grossIncome": 201.7,
        "interestExpense": 30.773,
        "interestIncomeExpense": -30.8,
        "netIncome": 60.3,
        "netIncomeAfterTaxes": 60,
        "nonRecurringItems": 1,
        "otherOperatingExpensesTotal": 4,
        "period": "2020-03-31",
        "pretaxIncome": 72.2,
        "provisionforIncomeTaxes": 12.2,
        "revenue": 1049.2,
        "sgaExpense": 86.4,
        "totalOperatingExpense": 90.4,
        "totalOtherIncomeExpenseNet": -9.3
      },
      {
        "costOfGoodsSold": 893.1,
        "dilutedAverageSharesOutstanding": 133.7,
        "dilutedEPS": 1.07,
        "ebit": 180.8,
        "grossIncome": 293.1,
        "interestExpense": 31.99,
        "interestIncomeExpense": -30.8,
        "netIncome": 141.1,
        "netIncomeAfterTaxes": 142.6,
        "nonRecurringItems": 12.8,
        "otherOperatingExpensesTotal": 16.5,
        "period": "2019-12-31",
        "pretaxIncome": 166,
        "provisionforIncomeTaxes": 23.4,
        "revenue": 1186.2,
        "sgaExpense": 95.8,
        "totalOperatingExpense": 112.3,
        "totalOtherIncomeExpenseNet": 3.3
      },
      {
        "costOfGoodsSold": 1018.1,
        "dilutedAverageSharesOutstanding": 133.4,
        "dilutedEPS": 1.63,
        "ebit": 303.2,
        "grossIncome": 400.6,
        "interestExpense": 32.197,
        "interestIncomeExpense": -32.2,
        "netIncome": 215.7,
        "netIncomeAfterTaxes": 218.1,
        "nonRecurringItems": 0.2,
        "otherOperatingExpensesTotal": 8.7,
        "period": "2019-09-30",
        "pretaxIncome": 271.5,
        "provisionforIncomeTaxes": 53.5,
        "revenue": 1418.8,
        "sgaExpense": 88.8,
        "totalOperatingExpense": 97.5,
        "totalOtherIncomeExpenseNet": 0.4
      },
      {
        "costOfGoodsSold": 957.2,
        "dilutedAverageSharesOutstanding": 133.4,
        "dilutedEPS": 1.48,
        "ebit": 272.6,
        "grossIncome": 370.5,
        "interestExpense": 33.035,
        "interestIncomeExpense": -33,
        "netIncome": 197.6,
        "netIncomeAfterTaxes": 197.9,
        "nonRecurringItems": 3.5,
        "otherOperatingExpensesTotal": 2.2,
        "period": "2019-06-30",
        "pretaxIncome": 245.5,
        "provisionforIncomeTaxes": 47.6,
        "revenue": 1327.7,
        "sgaExpense": 95.7,
        "totalOperatingExpense": 97.9,
        "totalOtherIncomeExpenseNet": 2.5
      },
      {
        "costOfGoodsSold": 804.8,
        "dilutedAverageSharesOutstanding": 133.1,
        "dilutedEPS": 0.48,
        "ebit": 97.1,
        "grossIncome": 191.7,
        "interestExpense": 32.934,
        "interestIncomeExpense": -32.9,
        "netIncome": 63.3,
        "netIncomeAfterTaxes": 63.9,
        "nonRecurringItems": 7.3,
        "otherOperatingExpensesTotal": 4.3,
        "period": "2019-03-31",
        "pretaxIncome": 74.6,
        "provisionforIncomeTaxes": 10.7,
        "revenue": 996.5,
        "sgaExpense": 90.3,
        "totalOperatingExpense": 94.6,
        "totalOtherIncomeExpenseNet": 3.1
      },
      {
        "costOfGoodsSold": 812.8,
        "dilutedAverageSharesOutstanding": 133.5,
        "dilutedEPS": 0.94,
        "ebit": 179.9,
        "grossIncome": 275.3,
        "interestExpense": 33.411,
        "interestIncomeExpense": -32.9,
        "netIncome": 124,
        "netIncomeAfterTaxes": 124.9,
        "nonRecurringItems": 6.6,
        "otherOperatingExpensesTotal": 11,
        "period": "2018-12-31",
        "pretaxIncome": 153.9,
        "provisionforIncomeTaxes": 29,
        "revenue": 1088,
        "sgaExpense": 84.4,
        "totalOperatingExpense": 95.4,
        "totalOtherIncomeExpenseNet": 0.3
      },
      {
        "costOfGoodsSold": 897.1,
        "dilutedAverageSharesOutstanding": 133.9,
        "dilutedEPS": 1.34,
        "ebit": 247.1,
        "grossIncome": 343.1,
        "interestExpense": 33.547,
        "interestIncomeExpense": -33.5,
        "netIncome": 179.2,
        "netIncomeAfterTaxes": 179.9,
        "nonRecurringItems": 2.1,
        "otherOperatingExpensesTotal": 14.5,
        "period": "2018-09-30",
        "pretaxIncome": 220.5,
        "provisionforIncomeTaxes": 40.7,
        "revenue": 1240.2,
        "sgaExpense": 81.6,
        "totalOperatingExpense": 96,
        "totalOtherIncomeExpenseNet": 4.9
      },
      {
        "costOfGoodsSold": 877,
        "dilutedAverageSharesOutstanding": 135.1,
        "dilutedEPS": 1.2,
        "ebit": 228.7,
        "grossIncome": 323.2,
        "interestExpense": 33.245,
        "interestIncomeExpense": -33.2,
        "netIncome": 159.7,
        "netIncomeAfterTaxes": 160.3,
        "nonRecurringItems": 2.1,
        "otherOperatingExpensesTotal": 5.4,
        "period": "2018-06-30",
        "pretaxIncome": 200.3,
        "provisionforIncomeTaxes": 40,
        "revenue": 1200.2,
        "sgaExpense": 89,
        "totalOperatingExpense": 94.4,
        "totalOtherIncomeExpenseNet": 2.7
      },
      {
        "costOfGoodsSold": 695.1,
        "dilutedAverageSharesOutstanding": 134.4,
        "dilutedEPS": 0.4,
        "ebit": 77,
        "grossIncome": 159.3,
        "interestExpense": 37.774,
        "interestIncomeExpense": -37.8,
        "netIncome": 53,
        "netIncomeAfterTaxes": 53.4,
        "nonRecurringItems": 4.2,
        "otherOperatingExpensesTotal": 4,
        "period": "2018-03-31",
        "pretaxIncome": 48.5,
        "provisionforIncomeTaxes": -4.9,
        "revenue": 854.5,
        "sgaExpense": 78.3,
        "totalOperatingExpense": 82.4,
        "totalOtherIncomeExpenseNet": 5.1
      },
      {
        "costOfGoodsSold": 736,
        "dilutedAverageSharesOutstanding": 135,
        "dilutedEPS": 2.42,
        "ebit": 136,
        "grossIncome": 241.5,
        "interestExpense": 140.95,
        "interestIncomeExpense": -136.5,
        "netIncome": 327.5,
        "netIncomeAfterTaxes": 38.7,
        "nonRecurringItems": 13.2,
        "otherOperatingExpensesTotal": 19.6,
        "period": "2017-12-31",
        "pretaxIncome": 14.3,
        "provisionforIncomeTaxes": -24.4,
        "revenue": 977.5,
        "sgaExpense": 85.9,
        "totalOperatingExpense": 105.5,
        "totalOtherIncomeExpenseNet": 1.6
      },
      {
        "costOfGoodsSold": 791,
        "dilutedAverageSharesOutstanding": 134.8,
        "dilutedEPS": 0.82,
        "ebit": 226,
        "grossIncome": 303.8,
        "interestExpense": 82.041,
        "interestIncomeExpense": -82,
        "netIncome": 108.6,
        "netIncomeAfterTaxes": 110.2,
        "nonRecurringItems": 1.5,
        "otherOperatingExpensesTotal": 4.2,
        "period": "2017-09-30",
        "pretaxIncome": 149.2,
        "provisionforIncomeTaxes": 39.1,
        "revenue": 1094.7,
        "sgaExpense": 73.6,
        "totalOperatingExpense": 77.7,
        "totalOtherIncomeExpenseNet": 3.8
      },
      {
        "costOfGoodsSold": 740.7,
        "dilutedAverageSharesOutstanding": 136.1,
        "dilutedEPS": 0.88,
        "ebit": 189.2,
        "grossIncome": 290,
        "interestExpense": 38.455,
        "interestIncomeExpense": -38.5,
        "netIncome": 120.1,
        "netIncomeAfterTaxes": 111.7,
        "nonRecurringItems": 2.8,
        "otherOperatingExpensesTotal": 17.7,
        "period": "2017-06-30",
        "pretaxIncome": 157.4,
        "provisionforIncomeTaxes": 45.7,
        "revenue": 1030.8,
        "sgaExpense": 83.1,
        "totalOperatingExpense": 100.9,
        "totalOtherIncomeExpenseNet": 3.9
      },
      {
        "costOfGoodsSold": 629.1,
        "dilutedAverageSharesOutstanding": 135,
        "dilutedEPS": 0.32,
        "ebit": 70,
        "grossIncome": 158.2,
        "interestExpense": 34.076,
        "interestIncomeExpense": -34.1,
        "netIncome": 44.9,
        "netIncomeAfterTaxes": 43.5,
        "nonRecurringItems": 0.4,
        "otherOperatingExpensesTotal": 5.8,
        "period": "2017-03-31",
        "pretaxIncome": 40.3,
        "provisionforIncomeTaxes": -3.2,
        "revenue": 787.3,
        "sgaExpense": 82.4,
        "totalOperatingExpense": 88.2,
        "totalOtherIncomeExpenseNet": 4
      },
      {
        "costOfGoodsSold": 645.2,
        "dilutedAverageSharesOutstanding": 135.4,
        "dilutedEPS": 0.83,
        "ebit": 147.6,
        "grossIncome": 227.8,
        "interestExpense": 33.884,
        "interestIncomeExpense": -33.1,
        "netIncome": 112.6,
        "netIncomeAfterTaxes": 108.1,
        "nonRecurringItems": 12.5,
        "otherOperatingExpensesTotal": -1.2,
        "period": "2016-12-31",
        "pretaxIncome": 141.3,
        "provisionforIncomeTaxes": 33.3,
        "revenue": 873,
        "sgaExpense": 81.3,
        "totalOperatingExpense": 80.2,
        "totalOtherIncomeExpenseNet": 14.3
      },
      {
        "costOfGoodsSold": 703.9,
        "dilutedAverageSharesOutstanding": 135.8,
        "dilutedEPS": 1.04,
        "ebit": 224.4,
        "grossIncome": 304.2,
        "interestExpense": 33.126,
        "interestIncomeExpense": -33.1,
        "netIncome": 142,
        "netIncomeAfterTaxes": 145.1,
        "nonRecurringItems": 2.7,
        "otherOperatingExpensesTotal": 3.5,
        "period": "2016-09-30",
        "pretaxIncome": 194.9,
        "provisionforIncomeTaxes": 49.8,
        "revenue": 1008.1,
        "sgaExpense": 76.3,
        "totalOperatingExpense": 79.9,
        "totalOtherIncomeExpenseNet": 1
      },
      {
        "costOfGoodsSold": 664.6,
        "dilutedAverageSharesOutstanding": 136.2,
        "dilutedEPS": 0.93,
        "ebit": 203.3,
        "grossIncome": 292.2,
        "interestExpense": 33.333,
        "interestIncomeExpense": -33.3,
        "netIncome": 124.7,
        "netIncomeAfterTaxes": 127.2,
        "nonRecurringItems": 10.5,
        "otherOperatingExpensesTotal": 6.2,
        "period": "2016-06-30",
        "pretaxIncome": 180.5,
        "provisionforIncomeTaxes": 53.2,
        "revenue": 956.8,
        "sgaExpense": 82.7,
        "totalOperatingExpense": 88.9,
        "totalOtherIncomeExpenseNet": 0
      },
      {
        "costOfGoodsSold": 590,
        "dilutedAverageSharesOutstanding": 136.1,
        "dilutedEPS": 0.31,
        "ebit": 74,
        "grossIncome": 164.7,
        "interestExpense": 33.732,
        "interestIncomeExpense": -33.7,
        "netIncome": 40.2,
        "netIncomeAfterTaxes": 42,
        "nonRecurringItems": -9.1,
        "otherOperatingExpensesTotal": 14.2,
        "period": "2016-03-31",
        "pretaxIncome": 30.5,
        "provisionforIncomeTaxes": -11.5,
        "revenue": 754.7,
        "sgaExpense": 76.5,
        "totalOperatingExpense": 90.7,
        "totalOtherIncomeExpenseNet": -0.7
      },
      {
        "costOfGoodsSold": 603.4,
        "dilutedAverageSharesOutstanding": 135.5,
        "dilutedEPS": 0.65,
        "ebit": 170.9,
        "grossIncome": 253.9,
        "interestExpense": 36.416,
        "interestIncomeExpense": -36.3,
        "netIncome": 88.9,
        "netIncomeAfterTaxes": 93.6,
        "nonRecurringItems": 2.1,
        "otherOperatingExpensesTotal": 3.5,
        "period": "2015-12-31",
        "pretaxIncome": 137.3,
        "provisionforIncomeTaxes": 43.8,
        "revenue": 857.3,
        "sgaExpense": 79.5,
        "totalOperatingExpense": 82.9,
        "totalOtherIncomeExpenseNet": 0.6
      },
      {
        "costOfGoodsSold": 747.2,
        "dilutedAverageSharesOutstanding": 135.6,
        "dilutedEPS": 0.93,
        "ebit": 211.8,
        "grossIncome": 291.3,
        "interestExpense": 37.518,
        "interestIncomeExpense": -37.8,
        "netIncome": 123.8,
        "netIncomeAfterTaxes": 126.2,
        "nonRecurringItems": 0.4,
        "otherOperatingExpensesTotal": 8,
        "period": "2015-09-30",
        "pretaxIncome": 171.6,
        "provisionforIncomeTaxes": 45.4,
        "revenue": 1038.5,
        "sgaExpense": 71.4,
        "totalOperatingExpense": 79.5,
        "totalOtherIncomeExpenseNet": -2.8
      }
    ],
    "symbol": "VMC"
  }
}