{
  "symbol": "GLW",
  "statement": "ic",
  "frequency": "quarterly",
  "timestamp": "2025-09-19T13:58:32.343777",
  "data": {
    "financials": [
      {
        "costOfGoodsSold": 2470,
        "depreciationAmortization": 28,
        "dilutedAverageSharesOutstanding": 865,
        "dilutedEPS": 0.5422,
        "ebit": 573,
        "grossIncome": 1392,
        "interestExpense": 83,
        "interestIncomeExpense": 53,
        "minorityInterest": -31,
        "netIncome": 469,
        "netIncomeAfterTaxes": 500,
        "period": "2025-06-30",
        "pretaxIncome": 584,
        "provisionforIncomeTaxes": 84,
        "researchDevelopment": 276,
        "revenue": 3862,
        "sgaExpense": 515,
        "totalOperatingExpense": 819,
        "totalOtherIncomeExpenseNet": -42
      },
      {
        "costOfGoodsSold": 2238,
        "depreciationAmortization": 28,
        "dilutedAverageSharesOutstanding": 866,
        "dilutedEPS": 0.1813,
        "ebit": 445,
        "grossIncome": 1214,
        "interestExpense": 82,
        "interestIncomeExpense": -171,
        "minorityInterest": -28,
        "netIncome": 157,
        "netIncomeAfterTaxes": 185,
        "period": "2025-03-31",
        "pretaxIncome": 240,
        "provisionforIncomeTaxes": 55,
        "researchDevelopment": 270,
        "revenue": 3452,
        "sgaExpense": 471,
        "totalOperatingExpense": 769,
        "totalOtherIncomeExpenseNet": -34
      },
      {
        "costOfGoodsSold": 2304,
        "depreciationAmortization": 30,
        "dilutedAverageSharesOutstanding": 872,
        "dilutedEPS": 0.3555,
        "ebit": 393,
        "grossIncome": 1197,
        "interestExpense": 79,
        "interestIncomeExpense": 108,
        "minorityInterest": -30,
        "netIncome": 310,
        "netIncomeAfterTaxes": 340,
        "period": "2024-12-31",
        "pretaxIncome": 437,
        "provisionforIncomeTaxes": 97,
        "researchDevelopment": 275,
        "revenue": 3501,
        "sgaExpense": 499,
        "totalOperatingExpense": 804,
        "totalOtherIncomeExpenseNet": -64
      },
      {
        "costOfGoodsSold": 2254,
        "depreciationAmortization": 31,
        "dilutedAverageSharesOutstanding": 854,
        "dilutedEPS": -0.137,
        "ebit": 302,
        "grossIncome": 1137,
        "interestExpense": 83,
        "interestIncomeExpense": -228,
        "minorityInterest": -22,
        "netIncome": -117,
        "netIncomeAfterTaxes": -95,
        "period": "2024-09-30",
        "pretaxIncome": -92,
        "provisionforIncomeTaxes": 3,
        "researchDevelopment": 294,
        "revenue": 3391,
        "sgaExpense": 510,
        "totalOperatingExpense": 835,
        "totalOtherIncomeExpenseNet": -166
      },
      {
        "costOfGoodsSold": 2302,
        "depreciationAmortization": 30,
        "dilutedAverageSharesOutstanding": 864,
        "dilutedEPS": 0.1204,
        "ebit": 186,
        "grossIncome": 949,
        "interestExpense": 84,
        "interestIncomeExpense": -47,
        "minorityInterest": -18,
        "netIncome": 104,
        "netIncomeAfterTaxes": 122,
        "period": "2024-06-30",
        "pretaxIncome": 172,
        "provisionforIncomeTaxes": 50,
        "researchDevelopment": 262,
        "revenue": 3251,
        "sgaExpense": 471,
        "totalOperatingExpense": 763,
        "totalOtherIncomeExpenseNet": 33
      },
      {
        "costOfGoodsSold": 1982,
        "depreciationAmortization": 30,
        "dilutedAverageSharesOutstanding": 862,
        "dilutedEPS": 0.2425,
        "ebit": 254,
        "grossIncome": 993,
        "interestExpense": 83,
        "interestIncomeExpense": -32,
        "minorityInterest": -16,
        "netIncome": 209,
        "netIncomeAfterTaxes": 225,
        "period": "2024-03-31",
        "pretaxIncome": 296,
        "provisionforIncomeTaxes": 71,
        "researchDevelopment": 258,
        "revenue": 2975,
        "sgaExpense": 451,
        "totalOperatingExpense": 739,
        "totalOtherIncomeExpenseNet": 74
      },
      {
        "costOfGoodsSold": 2083,
        "depreciationAmortization": 30,
        "dilutedAverageSharesOutstanding": 800,
        "dilutedEPS": -0.05,
        "ebit": 78,
        "grossIncome": 911,
        "interestExpense": 90,
        "interestIncomeExpense": -44,
        "minorityInterest": -12,
        "netIncome": -40,
        "netIncomeAfterTaxes": -28,
        "period": "2023-12-31",
        "pretaxIncome": -38,
        "provisionforIncomeTaxes": -10,
        "researchDevelopment": 289,
        "revenue": 2994,
        "sgaExpense": 514,
        "totalOperatingExpense": 833,
        "totalOtherIncomeExpenseNet": -72
      },
      {
        "costOfGoodsSold": 2169,
        "depreciationAmortization": 30,
        "dilutedAverageSharesOutstanding": 859,
        "dilutedEPS": 0.19,
        "ebit": 236,
        "grossIncome": 1004,
        "interestExpense": 82,
        "interestIncomeExpense": -52,
        "minorityInterest": -18,
        "netIncome": 164,
        "netIncomeAfterTaxes": 182,
        "period": "2023-09-30",
        "pretaxIncome": 217,
        "provisionforIncomeTaxes": 35,
        "researchDevelopment": 270,
        "revenue": 3173,
        "sgaExpense": 468,
        "totalOperatingExpense": 768,
        "totalOtherIncomeExpenseNet": 33
      },
      {
        "costOfGoodsSold": 2230,
        "depreciationAmortization": 31,
        "dilutedAverageSharesOutstanding": 859,
        "dilutedEPS": 0.33,
        "ebit": 279,
        "grossIncome": 1013,
        "interestExpense": 81,
        "interestIncomeExpense": 43,
        "minorityInterest": -22,
        "netIncome": 281,
        "netIncomeAfterTaxes": 303,
        "period": "2023-06-30",
        "pretaxIncome": 409,
        "provisionforIncomeTaxes": 106,
        "researchDevelopment": 263,
        "revenue": 3243,
        "sgaExpense": 440,
        "totalOperatingExpense": 734,
        "totalOtherIncomeExpenseNet": 87
      },
      {
        "costOfGoodsSold": 2175,
        "depreciationAmortization": 31,
        "dilutedAverageSharesOutstanding": 859,
        "dilutedEPS": 0.2,
        "ebit": 297,
        "grossIncome": 1003,
        "interestExpense": 76,
        "interestIncomeExpense": -77,
        "minorityInterest": -15,
        "netIncome": 176,
        "netIncomeAfterTaxes": 191,
        "period": "2023-03-31",
        "pretaxIncome": 228,
        "provisionforIncomeTaxes": 37,
        "researchDevelopment": 254,
        "revenue": 3178,
        "sgaExpense": 421,
        "totalOperatingExpense": 706,
        "totalOtherIncomeExpenseNet": 8
      },
      {
        "costOfGoodsSold": 2491,
        "depreciationAmortization": 31,
        "dilutedAverageSharesOutstanding": 843,
        "dilutedEPS": -0.04,
        "ebit": 86,
        "grossIncome": 915,
        "interestExpense": 76,
        "interestIncomeExpense": 24,
        "minorityInterest": -9,
        "netIncome": -36,
        "netIncomeAfterTaxes": -27,
        "period": "2022-12-31",
        "pretaxIncome": 4,
        "provisionforIncomeTaxes": 31,
        "researchDevelopment": 281,
        "revenue": 3406,
        "sgaExpense": 517,
        "totalOperatingExpense": 829,
        "totalOtherIncomeExpenseNet": -106
      },
      {
        "costOfGoodsSold": 2426,
        "depreciationAmortization": 31,
        "dilutedAverageSharesOutstanding": 855,
        "dilutedEPS": 0.24,
        "ebit": 292,
        "grossIncome": 1062,
        "interestExpense": 73,
        "interestIncomeExpense": -138,
        "minorityInterest": -18,
        "netIncome": 208,
        "netIncomeAfterTaxes": 226,
        "period": "2022-09-30",
        "pretaxIncome": 260,
        "provisionforIncomeTaxes": 34,
        "researchDevelopment": 278,
        "revenue": 3488,
        "sgaExpense": 461,
        "totalOperatingExpense": 770,
        "totalOtherIncomeExpenseNet": 106
      },
      {
        "costOfGoodsSold": 2369,
        "depreciationAmortization": 30,
        "dilutedAverageSharesOutstanding": 856,
        "dilutedEPS": 0.66,
        "ebit": 490,
        "grossIncome": 1246,
        "interestExpense": 72,
        "interestIncomeExpense": 127,
        "minorityInterest": -21,
        "netIncome": 563,
        "netIncomeAfterTaxes": 584,
        "period": "2022-06-30",
        "pretaxIncome": 750,
        "provisionforIncomeTaxes": 166,
        "researchDevelopment": 240,
        "revenue": 3615,
        "sgaExpense": 486,
        "totalOperatingExpense": 756,
        "totalOtherIncomeExpenseNet": 133
      },
      {
        "costOfGoodsSold": 2397,
        "depreciationAmortization": 31,
        "dilutedAverageSharesOutstanding": 859,
        "dilutedEPS": 0.68,
        "ebit": 570,
        "grossIncome": 1283,
        "interestExpense": 71,
        "interestIncomeExpense": 61,
        "minorityInterest": -22,
        "netIncome": 581,
        "netIncomeAfterTaxes": 603,
        "period": "2022-03-31",
        "pretaxIncome": 783,
        "provisionforIncomeTaxes": 180,
        "researchDevelopment": 248,
        "revenue": 3680,
        "sgaExpense": 434,
        "totalOperatingExpense": 713,
        "totalOtherIncomeExpenseNet": 152
      },
      {
        "costOfGoodsSold": 2405,
        "depreciationAmortization": 32,
        "dilutedAverageSharesOutstanding": 865,
        "dilutedEPS": 0.56,
        "ebit": 483,
        "grossIncome": 1271,
        "interestExpense": 73,
        "interestIncomeExpense": 26,
        "netIncome": 487,
        "netIncomeAfterTaxes": 487,
        "period": "2021-12-31",
        "pretaxIncome": 576,
        "provisionforIncomeTaxes": 89,
        "researchDevelopment": 280,
        "revenue": 3676,
        "sgaExpense": 476,
        "totalOperatingExpense": 788,
        "totalOtherIncomeExpenseNet": 67
      },
      {
        "costOfGoodsSold": 2294,
        "depreciationAmortization": 32,
        "dilutedAverageSharesOutstanding": 866,
        "dilutedEPS": 0.43,
        "ebit": 552,
        "grossIncome": 1321,
        "interestExpense": 72,
        "interestIncomeExpense": -82,
        "minorityInterest": -13,
        "netIncome": 371,
        "netIncomeAfterTaxes": 384,
        "period": "2021-09-30",
        "pretaxIncome": 493,
        "provisionforIncomeTaxes": 109,
        "researchDevelopment": 251,
        "revenue": 3615,
        "sgaExpense": 486,
        "totalOperatingExpense": 769,
        "totalOtherIncomeExpenseNet": 23
      },
      {
        "costOfGoodsSold": 2186,
        "depreciationAmortization": 33,
        "dilutedAverageSharesOutstanding": 844,
        "dilutedEPS": -0.42,
        "ebit": 575,
        "grossIncome": 1315,
        "interestExpense": 78,
        "interestIncomeExpense": -73,
        "minorityInterest": -5,
        "netIncome": -354,
        "netIncomeAfterTaxes": 454,
        "period": "2021-06-30",
        "pretaxIncome": 521,
        "provisionforIncomeTaxes": 67,
        "researchDevelopment": 242,
        "revenue": 3501,
        "sgaExpense": 465,
        "totalOperatingExpense": 740,
        "totalOtherIncomeExpenseNet": 19
      },
      {
        "costOfGoodsSold": 2134,
        "depreciationAmortization": 32,
        "dilutedAverageSharesOutstanding": 898,
        "dilutedEPS": 0.64,
        "ebit": 502,
        "grossIncome": 1156,
        "interestExpense": 77,
        "interestIncomeExpense": 206,
        "netIncome": 575,
        "netIncomeAfterTaxes": 599,
        "period": "2021-03-31",
        "pretaxIncome": 825,
        "provisionforIncomeTaxes": 226,
        "researchDevelopment": 222,
        "revenue": 3290,
        "sgaExpense": 400,
        "totalOperatingExpense": 654,
        "totalOtherIncomeExpenseNet": 117
      },
      {
        "costOfGoodsSold": 2137,
        "depreciationAmortization": 34,
        "dilutedAverageSharesOutstanding": 784,
        "dilutedEPS": 0.29,
        "ebit": 476,
        "grossIncome": 1213,
        "interestExpense": 75,
        "interestIncomeExpense": -157,
        "netIncome": 227,
        "netIncomeAfterTaxes": 252,
        "nonRecurringItems": 0,
        "period": "2020-12-31",
        "pretaxIncome": 330,
        "provisionforIncomeTaxes": 78,
        "researchDevelopment": 232,
        "revenue": 3350,
        "sgaExpense": 471,
        "totalOperatingExpense": 737,
        "totalOtherIncomeExpenseNet": 11
      },
      {
        "costOfGoodsSold": 2000,
        "depreciationAmortization": 33,
        "dilutedAverageSharesOutstanding": 889,
        "dilutedEPS": 0.45,
        "ebit": 257,
        "grossIncome": 1001,
        "interestExpense": 70,
        "interestIncomeExpense": -243,
        "netIncome": 403,
        "netIncomeAfterTaxes": 427,
        "nonRecurringItems": 498,
        "period": "2020-09-30",
        "pretaxIncome": 450,
        "provisionforIncomeTaxes": 23,
        "researchDevelopment": 231,
        "revenue": 3001,
        "sgaExpense": 480,
        "totalOperatingExpense": 744,
        "totalOtherIncomeExpenseNet": -62
      },
      {
        "costOfGoodsSold": 1805,
        "depreciationAmortization": 28,
        "dilutedAverageSharesOutstanding": 759,
        "dilutedEPS": -0.13,
        "ebit": -103,
        "grossIncome": 756,
        "interestExpense": 67,
        "interestIncomeExpense": 52,
        "netIncome": -96,
        "netIncomeAfterTaxes": -71,
        "period": "2020-06-30",
        "pretaxIncome": -49,
        "provisionforIncomeTaxes": 22,
        "researchDevelopment": 430,
        "revenue": 2561,
        "sgaExpense": 401,
        "totalOperatingExpense": 859,
        "totalOtherIncomeExpenseNet": 2
      },
      {
        "costOfGoodsSold": 1830,
        "depreciationAmortization": 26,
        "dilutedAverageSharesOutstanding": 760,
        "dilutedEPS": -0.16,
        "ebit": -121,
        "grossIncome": 561,
        "interestExpense": 64,
        "interestIncomeExpense": 25,
        "netIncome": -120,
        "netIncomeAfterTaxes": -96,
        "period": "2020-03-31",
        "pretaxIncome": -108,
        "provisionforIncomeTaxes": -12,
        "researchDevelopment": 261,
        "revenue": 2391,
        "sgaExpense": 395,
        "totalOperatingExpense": 682,
        "totalOtherIncomeExpenseNet": -12
      },
      {
        "costOfGoodsSold": 1963,
        "depreciationAmortization": 28,
        "dilutedAverageSharesOutstanding": 3200,
        "dilutedEPS": 0.01,
        "ebit": 147,
        "grossIncome": 854,
        "interestExpense": 60,
        "interestIncomeExpense": -51,
        "netIncome": 7,
        "netIncomeAfterTaxes": 32,
        "period": "2019-12-31",
        "pretaxIncome": 17,
        "provisionforIncomeTaxes": -15,
        "researchDevelopment": 278,
        "revenue": 2817,
        "sgaExpense": 401,
        "totalOperatingExpense": 707,
        "totalOtherIncomeExpenseNet": -79
      },
      {
        "costOfGoodsSold": 1917,
        "depreciationAmortization": 28,
        "dilutedAverageSharesOutstanding": 897,
        "dilutedEPS": 0.34,
        "ebit": 365,
        "grossIncome": 1017,
        "interestExpense": 55,
        "interestIncomeExpense": 77,
        "netIncome": 313,
        "netIncomeAfterTaxes": 337,
        "period": "2019-09-30",
        "pretaxIncome": 408,
        "provisionforIncomeTaxes": 71,
        "researchDevelopment": 255,
        "revenue": 2934,
        "sgaExpense": 369,
        "totalOperatingExpense": 652,
        "totalOtherIncomeExpenseNet": -34
      },
      {
        "costOfGoodsSold": 1875,
        "depreciationAmortization": 28,
        "dilutedAverageSharesOutstanding": 789,
        "dilutedEPS": 0.08,
        "ebit": 374,
        "grossIncome": 1065,
        "interestExpense": 54,
        "interestIncomeExpense": -102,
        "netIncome": 68,
        "netIncomeAfterTaxes": 92,
        "period": "2019-06-30",
        "pretaxIncome": 216,
        "provisionforIncomeTaxes": 124,
        "researchDevelopment": 249,
        "revenue": 2940,
        "sgaExpense": 414,
        "totalOperatingExpense": 691,
        "totalOtherIncomeExpenseNet": -56
      },
      {
        "costOfGoodsSold": 1713,
        "depreciationAmortization": 29,
        "dilutedAverageSharesOutstanding": 908,
        "dilutedEPS": 0.52,
        "ebit": 420,
        "grossIncome": 1099,
        "interestExpense": 52,
        "interestIncomeExpense": 162,
        "netIncome": 475,
        "netIncomeAfterTaxes": 499,
        "period": "2019-03-31",
        "pretaxIncome": 575,
        "provisionforIncomeTaxes": 76,
        "researchDevelopment": 249,
        "revenue": 2812,
        "sgaExpense": 401,
        "totalOperatingExpense": 679,
        "totalOtherIncomeExpenseNet": -7
      },
      {
        "costOfGoodsSold": 1833,
        "depreciationAmortization": 26,
        "dilutedAverageSharesOutstanding": 920,
        "dilutedEPS": 0.29,
        "ebit": 466,
        "grossIncome": 1202,
        "interestExpense": 51,
        "interestIncomeExpense": 87,
        "netIncome": 267,
        "netIncomeAfterTaxes": 292,
        "nonRecurringItems": -2,
        "period": "2018-12-31",
        "pretaxIncome": 346,
        "provisionforIncomeTaxes": 54,
        "researchDevelopment": 265,
        "revenue": 3035,
        "sgaExpense": 445,
        "totalOperatingExpense": 736,
        "totalOtherIncomeExpenseNet": -205
      },
      {
        "costOfGoodsSold": 1776,
        "depreciationAmortization": 27,
        "dilutedAverageSharesOutstanding": 930,
        "dilutedEPS": 0.64,
        "ebit": 523,
        "grossIncome": 1232,
        "interestExpense": 45,
        "interestIncomeExpense": 234,
        "netIncome": 601,
        "netIncomeAfterTaxes": 625,
        "nonRecurringItems": -1,
        "period": "2018-09-30",
        "pretaxIncome": 758,
        "provisionforIncomeTaxes": 133,
        "researchDevelopment": 244,
        "revenue": 3008,
        "sgaExpense": 438,
        "totalOperatingExpense": 709,
        "totalOtherIncomeExpenseNet": 2
      },
      {
        "costOfGoodsSold": 1675,
        "depreciationAmortization": 22,
        "dilutedAverageSharesOutstanding": 943,
        "dilutedEPS": 0.75,
        "ebit": 410,
        "grossIncome": 1072,
        "interestExpense": 43,
        "interestIncomeExpense": 484,
        "netIncome": 714,
        "netIncomeAfterTaxes": 738,
        "nonRecurringItems": -15,
        "period": "2018-06-30",
        "pretaxIncome": 864,
        "provisionforIncomeTaxes": 126,
        "researchDevelopment": 243,
        "revenue": 2747,
        "sgaExpense": 397,
        "totalOperatingExpense": 662,
        "totalOtherIncomeExpenseNet": -15
      },
      {
        "costOfGoodsSold": 1545,
        "depreciationAmortization": 19,
        "dilutedAverageSharesOutstanding": 848,
        "dilutedEPS": -0.72,
        "ebit": 194,
        "grossIncome": 955,
        "interestExpense": 52,
        "interestIncomeExpense": -641,
        "netIncome": -613,
        "netIncomeAfterTaxes": -589,
        "period": "2018-03-31",
        "pretaxIncome": -465,
        "provisionforIncomeTaxes": 124,
        "researchDevelopment": 241,
        "revenue": 2500,
        "sgaExpense": 501,
        "totalOperatingExpense": 761,
        "totalOtherIncomeExpenseNet": -18
      },
      {
        "costOfGoodsSold": 1603,
        "depreciationAmortization": 22,
        "dilutedAverageSharesOutstanding": 865,
        "dilutedEPS": -1.66,
        "ebit": 372,
        "grossIncome": 1034,
        "interestExpense": 43,
        "interestIncomeExpense": 254,
        "netIncome": -1437,
        "netIncomeAfterTaxes": 35,
        "nonRecurringItems": 0,
        "period": "2017-12-31",
        "pretaxIncome": 566,
        "provisionforIncomeTaxes": 531,
        "researchDevelopment": 240,
        "revenue": 2637,
        "sgaExpense": 400,
        "totalOperatingExpense": 662,
        "totalOtherIncomeExpenseNet": -60
      },
      {
        "costOfGoodsSold": 1557,
        "depreciationAmortization": 18,
        "dilutedAverageSharesOutstanding": 1009,
        "dilutedEPS": 0.36,
        "ebit": 442,
        "grossIncome": 1050,
        "interestExpense": 37,
        "interestIncomeExpense": 23,
        "netIncome": 366,
        "netIncomeAfterTaxes": 390,
        "period": "2017-09-30",
        "pretaxIncome": 479,
        "provisionforIncomeTaxes": 89,
        "researchDevelopment": 215,
        "revenue": 2607,
        "sgaExpense": 375,
        "totalOperatingExpense": 608,
        "totalOtherIncomeExpenseNet": 14
      },
      {
        "costOfGoodsSold": 1510,
        "depreciationAmortization": 18,
        "dilutedAverageSharesOutstanding": 1034,
        "dilutedEPS": 0.42,
        "ebit": 385,
        "grossIncome": 987,
        "interestExpense": 38,
        "interestIncomeExpense": 214,
        "netIncome": 415,
        "netIncomeAfterTaxes": 439,
        "period": "2017-06-30",
        "pretaxIncome": 592,
        "provisionforIncomeTaxes": 153,
        "researchDevelopment": 206,
        "revenue": 2497,
        "sgaExpense": 378,
        "totalOperatingExpense": 602,
        "totalOtherIncomeExpenseNet": -7
      },
      {
        "costOfGoodsSold": 1424,
        "depreciationAmortization": 17,
        "dilutedAverageSharesOutstanding": 936,
        "dilutedEPS": 0.07,
        "ebit": 413,
        "grossIncome": 951,
        "interestExpense": 37,
        "interestIncomeExpense": -381,
        "netIncome": 62,
        "netIncomeAfterTaxes": 86,
        "period": "2017-03-31",
        "pretaxIncome": 20,
        "provisionforIncomeTaxes": -66,
        "researchDevelopment": 202,
        "revenue": 2375,
        "sgaExpense": 319,
        "totalOperatingExpense": 538,
        "totalOtherIncomeExpenseNet": -12
      },
      {
        "costOfGoodsSold": 1486,
        "depreciationAmortization": 18,
        "dilutedAverageSharesOutstanding": 1066,
        "dilutedEPS": 1.47,
        "ebit": 431,
        "grossIncome": 990,
        "interestExpense": 37,
        "interestIncomeExpense": 1986,
        "netIncome": 1547,
        "netIncomeAfterTaxes": 1572,
        "nonRecurringItems": 1,
        "period": "2016-12-31",
        "pretaxIncome": 2404,
        "provisionforIncomeTaxes": 832,
        "researchDevelopment": 173,
        "revenue": 2476,
        "sgaExpense": 368,
        "totalOperatingExpense": 559,
        "totalOtherIncomeExpenseNet": -14
      },
      {
        "costOfGoodsSold": 1466,
        "depreciationAmortization": 17,
        "dilutedAverageSharesOutstanding": 1102,
        "dilutedEPS": 0.23,
        "ebit": 535,
        "grossIncome": 1041,
        "interestExpense": 41,
        "interestIncomeExpense": -250,
        "netIncome": 260,
        "netIncomeAfterTaxes": 284,
        "period": "2016-09-30",
        "pretaxIncome": 257,
        "provisionforIncomeTaxes": -27,
        "researchDevelopment": 187,
        "revenue": 2507,
        "sgaExpense": 302,
        "totalOperatingExpense": 506,
        "totalOtherIncomeExpenseNet": -28
      },
      {
        "costOfGoodsSold": 1409,
        "depreciationAmortization": 15,
        "dilutedAverageSharesOutstanding": 1182,
        "dilutedEPS": 1.85,
        "ebit": 245,
        "grossIncome": 951,
        "interestExpense": 40,
        "interestIncomeExpense": -1194,
        "netIncome": 2183,
        "netIncomeAfterTaxes": 2207,
        "nonRecurringItems": 2,
        "period": "2016-06-30",
        "pretaxIncome": 1703,
        "provisionforIncomeTaxes": -504,
        "researchDevelopment": 192,
        "revenue": 2360,
        "sgaExpense": 499,
        "totalOperatingExpense": 706,
        "totalOtherIncomeExpenseNet": 2650
      },
      {
        "costOfGoodsSold": 1283,
        "depreciationAmortization": 14,
        "dilutedAverageSharesOutstanding": 1103,
        "dilutedEPS": -0.36,
        "ebit": 257,
        "grossIncome": 764,
        "interestExpense": 41,
        "interestIncomeExpense": -870,
        "netIncome": -392,
        "netIncomeAfterTaxes": -368,
        "nonRecurringItems": -80,
        "period": "2016-03-31",
        "pretaxIncome": -672,
        "provisionforIncomeTaxes": -304,
        "researchDevelopment": 190,
        "revenue": 2047,
        "sgaExpense": 303,
        "totalOperatingExpense": 507,
        "totalOtherIncomeExpenseNet": 21
      },
      {
        "costOfGoodsSold": 1374,
        "depreciationAmortization": 14,
        "dilutedAverageSharesOutstanding": 1274,
        "dilutedEPS": 0.15,
        "ebit": 72,
        "grossIncome": 857,
        "interestExpense": 39,
        "interestIncomeExpense": 103,
        "netIncome": 199,
        "netIncomeAfterTaxes": 224,
        "nonRecurringItems": 15,
        "period": "2015-12-31",
        "pretaxIncome": 169,
        "provisionforIncomeTaxes": -55,
        "researchDevelopment": 208,
        "revenue": 2231,
        "sgaExpense": 563,
        "totalOperatingExpense": 785,
        "totalOtherIncomeExpenseNet": -21
      },
      {
        "costOfGoodsSold": 1380,
        "depreciationAmortization": 12,
        "dilutedAverageSharesOutstanding": 1218,
        "dilutedEPS": 0.15,
        "ebit": 392,
        "grossIncome": 892,
        "interestExpense": 38,
        "interestIncomeExpense": -147,
        "netIncome": 188,
        "netIncomeAfterTaxes": 212,
        "period": "2015-09-30",
        "pretaxIncome": 218,
        "provisionforIncomeTaxes": 6,
        "researchDevelopment": 181,
        "revenue": 2272,
        "sgaExpense": 307,
        "totalOperatingExpense": 500,
        "totalOtherIncomeExpenseNet": -27
      }
    ],
    "symbol": "GLW"
  }
}