{
  "symbol": "TROW",
  "statement": "ic",
  "frequency": "annual",
  "timestamp": "2025-09-19T14:07:10.631616",
  "data": {
    "financials": [
      {
        "depreciationAmortization": 156.7,
        "dilutedAverageSharesOutstanding": 223.3,
        "dilutedEPS": 9.155,
        "ebit": 2378.1,
        "interestIncomeExpense": 493.6,
        "minorityInterest": -35.7,
        "netIncome": 2044.3,
        "netIncomeAfterTaxes": 2135.8,
        "nonRecurringItems": -44.9,
        "otherOperatingExpensesTotal": 284.1,
        "period": "2024-12-31",
        "pretaxIncome": 2819.6,
        "provisionforIncomeTaxes": 683.8,
        "revenue": 7093.6,
        "sgaExpense": 4274.7,
        "totalOperatingExpense": 4715.5,
        "totalOtherIncomeExpenseNet": -7.2,
        "year": 2024
      },
      {
        "depreciationAmortization": 134.2,
        "dilutedAverageSharesOutstanding": 224.8,
        "dilutedEPS": 7.7593,
        "ebit": 2041.2,
        "interestIncomeExpense": 519.8,
        "minorityInterest": -47,
        "netIncome": 1744.3,
        "netIncomeAfterTaxes": 1835.7,
        "nonRecurringItems": -55,
        "otherOperatingExpensesTotal": 208.6,
        "period": "2023-12-31",
        "pretaxIncome": 2490.3,
        "provisionforIncomeTaxes": 654.6,
        "revenue": 6460.5,
        "sgaExpense": 4076.5,
        "totalOperatingExpense": 4419.3,
        "totalOtherIncomeExpenseNet": -15.7,
        "year": 2023
      },
      {
        "depreciationAmortization": 108.5,
        "dilutedAverageSharesOutstanding": 227.1,
        "dilutedEPS": 6.7,
        "ebit": 2619.8,
        "interestIncomeExpense": -411.2,
        "minorityInterest": 108.3,
        "netIncome": 1521.8,
        "netIncomeAfterTaxes": 1449.6,
        "nonRecurringItems": -243.1,
        "otherOperatingExpensesTotal": 138.9,
        "period": "2022-12-31",
        "pretaxIncome": 1948.2,
        "provisionforIncomeTaxes": 498.6,
        "revenue": 6488.4,
        "sgaExpense": 3621.2,
        "totalOperatingExpense": 3868.6,
        "totalOtherIncomeExpenseNet": -17.3,
        "year": 2022
      },
      {
        "dilutedAverageSharesOutstanding": 228.8,
        "dilutedEPS": 13.12,
        "ebit": 3710,
        "interestIncomeExpense": 288.1,
        "minorityInterest": -15.6,
        "netIncome": 3002.4,
        "netIncomeAfterTaxes": 3098.5,
        "nonRecurringItems": 2.4,
        "otherOperatingExpensesTotal": 236.3,
        "period": "2021-12-31",
        "pretaxIncome": 3994.6,
        "provisionforIncomeTaxes": 896.1,
        "revenue": 7671.9,
        "sgaExpense": 3725.6,
        "totalOperatingExpense": 3961.9,
        "totalOtherIncomeExpenseNet": -5.9,
        "year": 2021
      },
      {
        "dilutedAverageSharesOutstanding": 231.2,
        "dilutedEPS": 9.98,
        "ebit": 2745.7,
        "interestIncomeExpense": 497.8,
        "minorityInterest": -150.6,
        "netIncome": 2307.4,
        "netIncomeAfterTaxes": 2523.3,
        "nonRecurringItems": 0.7,
        "otherOperatingExpensesTotal": 155.5,
        "period": "2020-12-31",
        "pretaxIncome": 3242.2,
        "provisionforIncomeTaxes": 718.9,
        "revenue": 6206.7,
        "sgaExpense": 3305.5,
        "totalOperatingExpense": 3461,
        "totalOtherIncomeExpenseNet": -2,
        "year": 2020
      },
      {
        "dilutedAverageSharesOutstanding": 238.6,
        "dilutedEPS": 8.7,
        "ebit": 2387,
        "interestIncomeExpense": 533.2,
        "minorityInterest": -117.6,
        "netIncome": 2076,
        "netIncomeAfterTaxes": 2248.9,
        "nonRecurringItems": 0.1,
        "otherOperatingExpensesTotal": 153.2,
        "period": "2019-12-31",
        "pretaxIncome": 2927.3,
        "provisionforIncomeTaxes": 678.4,
        "revenue": 5617.9,
        "sgaExpense": 3077.7,
        "totalOperatingExpense": 3230.9,
        "totalOtherIncomeExpenseNet": 7,
        "year": 2019
      },
      {
        "dilutedAverageSharesOutstanding": 246.9,
        "dilutedEPS": 7.26,
        "ebit": 2346.2,
        "interestIncomeExpense": 26.3,
        "minorityInterest": 68.8,
        "netIncome": 1793.9,
        "netIncomeAfterTaxes": 1797.4,
        "nonRecurringItems": 15.2,
        "otherOperatingExpensesTotal": 157.1,
        "period": "2018-12-31",
        "pretaxIncome": 2384.6,
        "provisionforIncomeTaxes": 587.2,
        "revenue": 5372.6,
        "sgaExpense": 2869.3,
        "totalOperatingExpense": 3026.4,
        "totalOtherIncomeExpenseNet": -3.1,
        "year": 2018
      },
      {
        "dilutedAverageSharesOutstanding": 245.1,
        "dilutedEPS": 5.97,
        "ebit": 2058.8,
        "interestIncomeExpense": 392.2,
        "minorityInterest": -83.4,
        "netIncome": 1463.9,
        "netIncomeAfterTaxes": 1652.3,
        "nonRecurringItems": 50,
        "otherOperatingExpensesTotal": 146,
        "period": "2017-12-31",
        "pretaxIncome": 2505.1,
        "provisionforIncomeTaxes": 852.8,
        "revenue": 4854.9,
        "sgaExpense": 2650.1,
        "totalOperatingExpense": 2796.1,
        "totalOtherIncomeExpenseNet": 4.1,
        "year": 2017
      },
      {
        "dilutedAverageSharesOutstanding": 250.3,
        "dilutedEPS": 4.75,
        "ebit": 1799.6,
        "interestIncomeExpense": 229.1,
        "minorityInterest": -39,
        "netIncome": 1189.5,
        "netIncomeAfterTaxes": 1254,
        "nonRecurringItems": -66.2,
        "otherOperatingExpensesTotal": 139.7,
        "period": "2016-12-31",
        "pretaxIncome": 1960.5,
        "provisionforIncomeTaxes": 706.5,
        "revenue": 4284.8,
        "sgaExpense": 2345.5,
        "totalOperatingExpense": 2485.2,
        "totalOtherIncomeExpenseNet": -2,
        "year": 2016
      },
      {
        "depreciationAmortization": 126.3,
        "dilutedAverageSharesOutstanding": 260.9,
        "dilutedEPS": 4.63,
        "ebit": 1898.9,
        "interestIncomeExpense": 106.8,
        "netIncome": 1206.9,
        "netIncomeAfterTaxes": 1223,
        "otherOperatingExpensesTotal": 341.4,
        "period": "2015-12-31",
        "pretaxIncome": 2002.4,
        "provisionforIncomeTaxes": 779.4,
        "revenue": 4200.6,
        "sgaExpense": 1834,
        "totalOperatingExpense": 2301.7,
        "totalOtherIncomeExpenseNet": -3.3,
        "year": 2015
      }
    ],
    "symbol": "TROW"
  }
}