{
  "symbol": "VTRS",
  "statement": "ic",
  "frequency": "quarterly",
  "timestamp": "2025-09-19T14:08:21.065062",
  "data": {
    "financials": [
      {
        "costOfGoodsSold": 2150.2,
        "dilutedAverageSharesOutstanding": 1173,
        "dilutedEPS": -0.0039,
        "ebit": 406.3,
        "grossIncome": 1431.9,
        "interestExpense": 116.6,
        "interestIncomeExpense": -116.6,
        "netIncome": -4.6,
        "netIncomeAfterTaxes": -4.6,
        "nonRecurringItems": -805.7,
        "period": "2025-06-30",
        "pretaxIncome": -217.1,
        "provisionforIncomeTaxes": -212.5,
        "researchDevelopment": 217.4,
        "revenue": 3582.1,
        "sgaExpense": 808.2,
        "totalOperatingExpense": 1025.6,
        "totalOtherIncomeExpenseNet": 298.9
      },
      {
        "costOfGoodsSold": 2019.5,
        "dilutedAverageSharesOutstanding": 1192.4,
        "dilutedEPS": -2.5512,
        "ebit": 196,
        "grossIncome": 1234.8,
        "interestExpense": 115.5,
        "interestIncomeExpense": -115.5,
        "netIncome": -3042,
        "netIncomeAfterTaxes": -3042,
        "nonRecurringItems": -3216.5,
        "period": "2025-03-31",
        "pretaxIncome": -3097,
        "provisionforIncomeTaxes": -55,
        "researchDevelopment": 221.3,
        "revenue": 3254.3,
        "sgaExpense": 817.5,
        "totalOperatingExpense": 1038.8,
        "totalOtherIncomeExpenseNet": 39
      },
      {
        "costOfGoodsSold": 2133.2,
        "dilutedAverageSharesOutstanding": 1193.3,
        "dilutedEPS": -0.4328,
        "ebit": 308.7,
        "grossIncome": 1394.9,
        "interestExpense": 120.2,
        "interestIncomeExpense": -120.2,
        "netIncome": -516.5,
        "netIncomeAfterTaxes": -516.5,
        "nonRecurringItems": -758.8,
        "period": "2024-12-31",
        "pretaxIncome": -526.5,
        "provisionforIncomeTaxes": -10,
        "researchDevelopment": 203.5,
        "revenue": 3528.1,
        "sgaExpense": 882.7,
        "totalOperatingExpense": 1086.2,
        "totalOtherIncomeExpenseNet": 43.8
      },
      {
        "costOfGoodsSold": 2145.3,
        "dilutedAverageSharesOutstanding": 1200.4,
        "dilutedEPS": 0.079,
        "ebit": 539.6,
        "grossIncome": 1605.9,
        "interestExpense": 145.6,
        "interestIncomeExpense": -145.6,
        "netIncome": 94.8,
        "netIncomeAfterTaxes": 94.8,
        "nonRecurringItems": -416.6,
        "period": "2024-09-30",
        "pretaxIncome": 90.5,
        "provisionforIncomeTaxes": -4.3,
        "researchDevelopment": 198.4,
        "revenue": 3751.2,
        "sgaExpense": 867.9,
        "totalOperatingExpense": 1066.3,
        "totalOtherIncomeExpenseNet": 113.1
      },
      {
        "costOfGoodsSold": 2201.5,
        "dilutedAverageSharesOutstanding": 1191.1,
        "dilutedEPS": -0.274,
        "ebit": 479.5,
        "grossIncome": 1595.1,
        "interestExpense": 145.8,
        "interestIncomeExpense": -145.8,
        "netIncome": -326.4,
        "netIncomeAfterTaxes": -326.4,
        "nonRecurringItems": -1026.9,
        "period": "2024-06-30",
        "pretaxIncome": -391.8,
        "provisionforIncomeTaxes": -65.4,
        "researchDevelopment": 203.7,
        "revenue": 3796.6,
        "sgaExpense": 911.9,
        "totalOperatingExpense": 1115.6,
        "totalOtherIncomeExpenseNet": 301.4
      },
      {
        "costOfGoodsSold": 2120.9,
        "dilutedAverageSharesOutstanding": 1209.5,
        "dilutedEPS": 0.0942,
        "ebit": 446.9,
        "grossIncome": 1542.5,
        "interestExpense": 138.4,
        "interestIncomeExpense": -138.4,
        "netIncome": 113.9,
        "netIncomeAfterTaxes": 113.9,
        "nonRecurringItems": -217.1,
        "period": "2024-03-31",
        "pretaxIncome": 204.6,
        "provisionforIncomeTaxes": 90.7,
        "researchDevelopment": 197.3,
        "revenue": 3663.4,
        "sgaExpense": 898.3,
        "totalOperatingExpense": 1095.6,
        "totalOtherIncomeExpenseNet": 113.2
      },
      {
        "costOfGoodsSold": 2186.6,
        "dilutedAverageSharesOutstanding": 1200,
        "dilutedEPS": -0.638,
        "ebit": -113.9,
        "grossIncome": 1650.7,
        "interestExpense": 140.9,
        "interestIncomeExpense": -140.9,
        "netIncome": -765.6,
        "netIncomeAfterTaxes": -765.6,
        "nonRecurringItems": -251,
        "period": "2023-12-31",
        "pretaxIncome": -855,
        "provisionforIncomeTaxes": -89.4,
        "researchDevelopment": 202.4,
        "revenue": 3837.3,
        "sgaExpense": 1562.2,
        "totalOperatingExpense": 1764.6,
        "totalOtherIncomeExpenseNet": -349.2
      },
      {
        "costOfGoodsSold": 2210.7,
        "dilutedAverageSharesOutstanding": 1207.6,
        "dilutedEPS": 0.27,
        "ebit": 591,
        "grossIncome": 1731.2,
        "interestExpense": 141.5,
        "interestIncomeExpense": -141.5,
        "netIncome": 331.6,
        "netIncomeAfterTaxes": 331.6,
        "nonRecurringItems": -165.7,
        "period": "2023-09-30",
        "pretaxIncome": 402.2,
        "provisionforIncomeTaxes": 70.6,
        "researchDevelopment": 210.9,
        "revenue": 3941.9,
        "sgaExpense": 929.3,
        "totalOperatingExpense": 1140.2,
        "totalOtherIncomeExpenseNet": 118.4
      },
      {
        "costOfGoodsSold": 2197.1,
        "dilutedAverageSharesOutstanding": 1203.5,
        "dilutedEPS": 0.22,
        "ebit": 559.6,
        "grossIncome": 1721.5,
        "interestExpense": 143.7,
        "interestIncomeExpense": -143.7,
        "netIncome": 264,
        "netIncomeAfterTaxes": 264,
        "nonRecurringItems": -256.2,
        "period": "2023-06-30",
        "pretaxIncome": 333,
        "provisionforIncomeTaxes": 69,
        "researchDevelopment": 207.9,
        "revenue": 3918.6,
        "sgaExpense": 954,
        "totalOperatingExpense": 1161.9,
        "totalOtherIncomeExpenseNet": 173.3
      },
      {
        "costOfGoodsSold": 2100.2,
        "dilutedAverageSharesOutstanding": 1205.6,
        "dilutedEPS": 0.19,
        "ebit": 563.3,
        "grossIncome": 1628.9,
        "interestExpense": 147,
        "interestIncomeExpense": -147,
        "netIncome": 224.7,
        "netIncomeAfterTaxes": 224.7,
        "nonRecurringItems": -185.3,
        "period": "2023-03-31",
        "pretaxIncome": 322.7,
        "provisionforIncomeTaxes": 98,
        "researchDevelopment": 180.9,
        "revenue": 3729.1,
        "sgaExpense": 884.7,
        "totalOperatingExpense": 1065.6,
        "totalOtherIncomeExpenseNet": 91.7
      },
      {
        "costOfGoodsSold": 2285.9,
        "dilutedAverageSharesOutstanding": 1221.3,
        "dilutedEPS": 0.83,
        "ebit": 352.8,
        "grossIncome": 1590.1,
        "interestExpense": 147.1,
        "interestIncomeExpense": -147.1,
        "netIncome": 1011.2,
        "netIncomeAfterTaxes": 1011.2,
        "nonRecurringItems": -549.7,
        "period": "2022-12-31",
        "pretaxIncome": 1468.9,
        "provisionforIncomeTaxes": 457.7,
        "researchDevelopment": 180.9,
        "revenue": 3876,
        "sgaExpense": 1056.4,
        "totalOperatingExpense": 1237.3,
        "totalOtherIncomeExpenseNet": 1812.9
      },
      {
        "costOfGoodsSold": 2236,
        "dilutedAverageSharesOutstanding": 1218.1,
        "dilutedEPS": 0.29,
        "ebit": 775.5,
        "grossIncome": 1842.2,
        "interestExpense": 153.2,
        "interestIncomeExpense": -153.2,
        "netIncome": 354.3,
        "netIncomeAfterTaxes": 354.3,
        "nonRecurringItems": -221.7,
        "period": "2022-09-30",
        "pretaxIncome": 427.5,
        "provisionforIncomeTaxes": 73.2,
        "researchDevelopment": 174.9,
        "revenue": 4078.2,
        "sgaExpense": 891.8,
        "totalOperatingExpense": 1066.7,
        "totalOtherIncomeExpenseNet": 26.9
      },
      {
        "costOfGoodsSold": 2350.5,
        "dilutedAverageSharesOutstanding": 1217.1,
        "dilutedEPS": 0.26,
        "ebit": 766.1,
        "grossIncome": 1766.3,
        "interestExpense": 145.9,
        "interestIncomeExpense": -145.8,
        "netIncome": 313.9,
        "netIncomeAfterTaxes": 313.9,
        "nonRecurringItems": -217.8,
        "period": "2022-06-30",
        "pretaxIncome": 389.3,
        "provisionforIncomeTaxes": 75.4,
        "researchDevelopment": 162,
        "revenue": 4116.8,
        "sgaExpense": 838.2,
        "totalOperatingExpense": 1000.2,
        "totalOtherIncomeExpenseNet": -13.2
      },
      {
        "costOfGoodsSold": 2357.4,
        "dilutedAverageSharesOutstanding": 1213.1,
        "dilutedEPS": 0.33,
        "ebit": 872.8,
        "grossIncome": 1834.3,
        "interestExpense": 146.2,
        "interestIncomeExpense": -146.3,
        "netIncome": 399.2,
        "netIncomeAfterTaxes": 399.2,
        "nonRecurringItems": -166.9,
        "period": "2022-03-31",
        "pretaxIncome": 527.5,
        "provisionforIncomeTaxes": 128.3,
        "researchDevelopment": 142,
        "revenue": 4191.7,
        "sgaExpense": 819.5,
        "totalOperatingExpense": 961.5,
        "totalOtherIncomeExpenseNet": -32.1
      },
      {
        "costOfGoodsSold": 2558.8,
        "dilutedAverageSharesOutstanding": 1209.4,
        "dilutedEPS": -0.22,
        "ebit": 621.6,
        "grossIncome": 1782.8,
        "interestExpense": 148.2,
        "interestIncomeExpense": -155.2,
        "netIncome": -263.8,
        "netIncomeAfterTaxes": -263.8,
        "nonRecurringItems": -704.9,
        "period": "2021-12-31",
        "pretaxIncome": -203.9,
        "provisionforIncomeTaxes": 59.9,
        "researchDevelopment": 194.7,
        "revenue": 4341.6,
        "sgaExpense": 966.5,
        "totalOperatingExpense": 1161.2,
        "totalOtherIncomeExpenseNet": 34.6
      },
      {
        "costOfGoodsSold": 2734,
        "dilutedAverageSharesOutstanding": 1212.6,
        "dilutedEPS": 0.26,
        "ebit": 669,
        "grossIncome": 1802.6,
        "interestExpense": 151.9,
        "interestIncomeExpense": -165.7,
        "netIncome": 311.5,
        "netIncomeAfterTaxes": 311.5,
        "nonRecurringItems": -313.7,
        "period": "2021-09-30",
        "pretaxIncome": 199.9,
        "provisionforIncomeTaxes": -111.6,
        "researchDevelopment": 153.1,
        "revenue": 4536.6,
        "sgaExpense": 980.5,
        "totalOperatingExpense": 1133.6,
        "totalOtherIncomeExpenseNet": 10.3
      },
      {
        "costOfGoodsSold": 3071,
        "dilutedAverageSharesOutstanding": 1208.8,
        "dilutedEPS": -0.23,
        "ebit": 382.6,
        "grossIncome": 1506.8,
        "interestExpense": 167.1,
        "interestIncomeExpense": -175,
        "netIncome": -279.2,
        "netIncomeAfterTaxes": -279.2,
        "nonRecurringItems": -430.4,
        "period": "2021-06-30",
        "pretaxIncome": -219.1,
        "provisionforIncomeTaxes": 60.1,
        "researchDevelopment": 143.8,
        "revenue": 4577.8,
        "sgaExpense": 980.4,
        "totalOperatingExpense": 1124.2,
        "totalOtherIncomeExpenseNet": 3.7
      },
      {
        "costOfGoodsSold": 2962.6,
        "dilutedAverageSharesOutstanding": 1207.5,
        "dilutedEPS": -0.86,
        "ebit": 338.5,
        "grossIncome": 1467.7,
        "interestExpense": 169,
        "interestIncomeExpense": -186.7,
        "netIncome": -1037.6,
        "netIncomeAfterTaxes": -1037.6,
        "nonRecurringItems": -604.7,
        "period": "2021-03-31",
        "pretaxIncome": -441.3,
        "provisionforIncomeTaxes": 596.3,
        "researchDevelopment": 163,
        "revenue": 4430.3,
        "sgaExpense": 966.2,
        "totalOperatingExpense": 1129.2,
        "totalOtherIncomeExpenseNet": 11.6
      },
      {
        "costOfGoodsSold": 2500.4,
        "dilutedAverageSharesOutstanding": 854.4,
        "dilutedEPS": -1.07,
        "ebit": 121.5,
        "grossIncome": 1123.1,
        "interestExpense": 144.4,
        "interestIncomeExpense": -149,
        "netIncome": -915.8,
        "netIncomeAfterTaxes": -915.8,
        "nonRecurringItems": -1003,
        "period": "2020-12-31",
        "pretaxIncome": -1013.5,
        "provisionforIncomeTaxes": -97.7,
        "researchDevelopment": 153.3,
        "revenue": 3623.5,
        "sgaExpense": 848.3,
        "totalOperatingExpense": 1001.6,
        "totalOtherIncomeExpenseNet": 17
      },
      {
        "costOfGoodsSold": 1711.9,
        "dilutedAverageSharesOutstanding": 517.7,
        "dilutedEPS": 0.36,
        "ebit": 561.3,
        "grossIncome": 1260.2,
        "interestExpense": 117.3,
        "interestIncomeExpense": -111.4,
        "netIncome": 185.7,
        "netIncomeAfterTaxes": 185.7,
        "nonRecurringItems": -209.9,
        "period": "2020-09-30",
        "pretaxIncome": 241.6,
        "provisionforIncomeTaxes": 55.9,
        "researchDevelopment": 126,
        "revenue": 2972.1,
        "sgaExpense": 572.9,
        "totalOperatingExpense": 698.9,
        "totalOtherIncomeExpenseNet": 1.6
      },
      {
        "costOfGoodsSold": 1600.6,
        "dilutedAverageSharesOutstanding": 517.2,
        "dilutedEPS": 0.08,
        "ebit": 446.6,
        "grossIncome": 1130.6,
        "interestExpense": 116.2,
        "interestIncomeExpense": -137.2,
        "netIncome": 39.4,
        "netIncomeAfterTaxes": 39.4,
        "nonRecurringItems": -328.5,
        "period": "2020-06-30",
        "pretaxIncome": 20,
        "provisionforIncomeTaxes": -19.4,
        "researchDevelopment": 115.7,
        "revenue": 2731.2,
        "sgaExpense": 568.3,
        "totalOperatingExpense": 684,
        "totalOtherIncomeExpenseNet": 39.1
      },
      {
        "costOfGoodsSold": 1591.3,
        "dilutedAverageSharesOutstanding": 517,
        "dilutedEPS": 0.04,
        "ebit": 333.7,
        "grossIncome": 1027.9,
        "interestExpense": 119.9,
        "interestIncomeExpense": -121.4,
        "netIncome": 20.8,
        "netIncomeAfterTaxes": 20.8,
        "nonRecurringItems": -149.4,
        "period": "2020-03-31",
        "pretaxIncome": 30.7,
        "provisionforIncomeTaxes": 9.9,
        "researchDevelopment": 112.3,
        "revenue": 2619.2,
        "sgaExpense": 581.9,
        "totalOperatingExpense": 694.2,
        "totalOtherIncomeExpenseNet": -32.2
      },
      {
        "costOfGoodsSold": 1865.1,
        "dilutedAverageSharesOutstanding": 519.5,
        "dilutedEPS": 0.04,
        "ebit": 594.9,
        "grossIncome": 1326.7,
        "interestExpense": 126,
        "interestIncomeExpense": -144.8,
        "netIncome": 20.5,
        "netIncomeAfterTaxes": 20.5,
        "nonRecurringItems": -333.3,
        "period": "2019-12-31",
        "pretaxIncome": 135.2,
        "provisionforIncomeTaxes": 114.7,
        "researchDevelopment": 131.2,
        "revenue": 3191.8,
        "sgaExpense": 600.6,
        "totalOperatingExpense": 731.8,
        "totalOtherIncomeExpenseNet": 18.4
      },
      {
        "costOfGoodsSold": 1804.3,
        "dilutedAverageSharesOutstanding": 516.2,
        "dilutedEPS": 0.37,
        "ebit": 437.2,
        "grossIncome": 1157.4,
        "interestExpense": 128.9,
        "interestIncomeExpense": -123.4,
        "netIncome": 189.8,
        "netIncomeAfterTaxes": 189.8,
        "nonRecurringItems": -113.5,
        "period": "2019-09-30",
        "pretaxIncome": 185.8,
        "provisionforIncomeTaxes": -4,
        "researchDevelopment": 127.6,
        "revenue": 2961.7,
        "sgaExpense": 592.6,
        "totalOperatingExpense": 720.2,
        "totalOtherIncomeExpenseNet": -14.5
      },
      {
        "costOfGoodsSold": 1718.5,
        "dilutedAverageSharesOutstanding": 515.5,
        "dilutedEPS": -0.33,
        "ebit": 369.9,
        "grossIncome": 1133,
        "interestExpense": 131.2,
        "interestIncomeExpense": -169.5,
        "netIncome": -168.5,
        "netIncomeAfterTaxes": -168.5,
        "nonRecurringItems": -274.4,
        "period": "2019-06-30",
        "pretaxIncome": -52.1,
        "provisionforIncomeTaxes": 116.4,
        "researchDevelopment": 120.5,
        "revenue": 2851.5,
        "sgaExpense": 642.6,
        "totalOperatingExpense": 763.1,
        "totalOtherIncomeExpenseNet": 21.9
      },
      {
        "costOfGoodsSold": 1560.7,
        "dilutedAverageSharesOutstanding": 515,
        "dilutedEPS": -0.05,
        "ebit": 214.3,
        "grossIncome": 934.8,
        "interestExpense": 131.2,
        "interestIncomeExpense": -149.6,
        "netIncome": -25,
        "netIncomeAfterTaxes": -25,
        "nonRecurringItems": -190.3,
        "period": "2019-03-31",
        "pretaxIncome": -114.5,
        "provisionforIncomeTaxes": -89.5,
        "researchDevelopment": 139.4,
        "revenue": 2495.5,
        "sgaExpense": 581.1,
        "totalOperatingExpense": 720.5,
        "totalOtherIncomeExpenseNet": 11.1
      },
      {
        "costOfGoodsSold": 1819.2,
        "dilutedAverageSharesOutstanding": 516.5,
        "dilutedEPS": 0.11,
        "ebit": 526.4,
        "grossIncome": 1259.5,
        "interestExpense": 135.2,
        "interestIncomeExpense": -119,
        "netIncome": 51.2,
        "netIncomeAfterTaxes": 58,
        "nonRecurringItems": -293.5,
        "period": "2018-12-31",
        "pretaxIncome": 77,
        "provisionforIncomeTaxes": 19,
        "researchDevelopment": 130.3,
        "revenue": 3078.7,
        "sgaExpense": 602.8,
        "totalOperatingExpense": 733.1,
        "totalOtherIncomeExpenseNet": -36.9
      },
      {
        "costOfGoodsSold": 1689.1,
        "dilutedAverageSharesOutstanding": 516.5,
        "dilutedEPS": 0.34,
        "ebit": 486.9,
        "grossIncome": 1173.3,
        "interestExpense": 136.2,
        "interestIncomeExpense": -175.5,
        "netIncome": 176.7,
        "netIncomeAfterTaxes": 155.4,
        "nonRecurringItems": -150,
        "period": "2018-09-30",
        "pretaxIncome": 192.2,
        "provisionforIncomeTaxes": 36.8,
        "researchDevelopment": 140.6,
        "revenue": 2862.4,
        "sgaExpense": 545.8,
        "totalOperatingExpense": 686.4,
        "totalOtherIncomeExpenseNet": 30.8
      },
      {
        "costOfGoodsSold": 1698,
        "dilutedAverageSharesOutstanding": 516.3,
        "dilutedEPS": 0.07,
        "ebit": 407.7,
        "grossIncome": 1110.3,
        "interestExpense": 139.2,
        "interestIncomeExpense": -176.5,
        "netIncome": 37.5,
        "netIncomeAfterTaxes": 37.5,
        "nonRecurringItems": -235.6,
        "period": "2018-06-30",
        "pretaxIncome": 18.7,
        "provisionforIncomeTaxes": -18.8,
        "researchDevelopment": 144.4,
        "revenue": 2808.3,
        "sgaExpense": 558.2,
        "totalOperatingExpense": 702.6,
        "totalOtherIncomeExpenseNet": 23.1
      },
      {
        "costOfGoodsSold": 1655.6,
        "dilutedAverageSharesOutstanding": 516.8,
        "dilutedEPS": 0.17,
        "ebit": 308,
        "grossIncome": 1028.9,
        "interestExpense": 131.7,
        "interestIncomeExpense": -95.2,
        "netIncome": 87.1,
        "netIncomeAfterTaxes": 87.1,
        "nonRecurringItems": -169.7,
        "period": "2018-03-31",
        "pretaxIncome": 10.5,
        "provisionforIncomeTaxes": -76.6,
        "researchDevelopment": 153.4,
        "revenue": 2684.5,
        "sgaExpense": 567.5,
        "totalOperatingExpense": 720.9,
        "totalOtherIncomeExpenseNet": -32.6
      },
      {
        "costOfGoodsSold": 1842.6,
        "dilutedAverageSharesOutstanding": 535.8,
        "dilutedEPS": 0.45,
        "ebit": 640.1,
        "grossIncome": 1396.3,
        "interestExpense": 128.3,
        "interestIncomeExpense": -30.7,
        "minorityInterest": 0,
        "netIncome": 244.3,
        "netIncomeAfterTaxes": 372.9,
        "nonRecurringItems": -231.6,
        "period": "2017-12-31",
        "pretaxIncome": 327.1,
        "provisionforIncomeTaxes": -45.8,
        "researchDevelopment": 168.8,
        "revenue": 3238.9,
        "sgaExpense": 587.4,
        "totalOperatingExpense": 756.2,
        "totalOtherIncomeExpenseNet": -50.7
      },
      {
        "costOfGoodsSold": 1775.5,
        "dilutedAverageSharesOutstanding": 537,
        "dilutedEPS": 0.16,
        "ebit": 451.3,
        "grossIncome": 1211.6,
        "interestExpense": 131.8,
        "interestIncomeExpense": -171.5,
        "netIncome": 88.3,
        "netIncomeAfterTaxes": 88.3,
        "nonRecurringItems": -132,
        "period": "2017-09-30",
        "pretaxIncome": 179.6,
        "provisionforIncomeTaxes": 91.3,
        "researchDevelopment": 166,
        "revenue": 2987.1,
        "sgaExpense": 594.3,
        "totalOperatingExpense": 760.3,
        "totalOtherIncomeExpenseNet": 31.8
      },
      {
        "costOfGoodsSold": 1704.4,
        "dilutedAverageSharesOutstanding": 537,
        "dilutedEPS": 0.55,
        "ebit": 499.7,
        "grossIncome": 1257.8,
        "interestExpense": 136.3,
        "interestIncomeExpense": -148.7,
        "netIncome": 297,
        "netIncomeAfterTaxes": 297,
        "nonRecurringItems": -25.5,
        "period": "2017-06-30",
        "pretaxIncome": 324.7,
        "provisionforIncomeTaxes": 27.7,
        "researchDevelopment": 171.3,
        "revenue": 2962.2,
        "sgaExpense": 586.8,
        "totalOperatingExpense": 758.1,
        "totalOtherIncomeExpenseNet": -0.8
      },
      {
        "costOfGoodsSold": 1608.6,
        "dilutedAverageSharesOutstanding": 536.9,
        "dilutedEPS": 0.12,
        "ebit": 367.4,
        "grossIncome": 1110.9,
        "interestExpense": 138.2,
        "interestIncomeExpense": -139.3,
        "netIncome": 66.4,
        "netIncomeAfterTaxes": 66.4,
        "nonRecurringItems": -146.3,
        "period": "2017-03-31",
        "pretaxIncome": 71.6,
        "provisionforIncomeTaxes": 5.2,
        "researchDevelopment": 151.1,
        "revenue": 2719.5,
        "sgaExpense": 592.4,
        "totalOperatingExpense": 743.5,
        "totalOtherIncomeExpenseNet": -10.2
      },
      {
        "costOfGoodsSold": 1894.3,
        "dilutedAverageSharesOutstanding": 536.4,
        "dilutedEPS": 0.78,
        "ebit": 621.7,
        "grossIncome": 1373.5,
        "interestExpense": 153.1,
        "interestIncomeExpense": -151.8,
        "minorityInterest": 0,
        "netIncome": 417.5,
        "netIncomeAfterTaxes": 417.5,
        "nonRecurringItems": -258.1,
        "period": "2016-12-31",
        "pretaxIncome": 224.9,
        "provisionforIncomeTaxes": -192.6,
        "researchDevelopment": 164.3,
        "revenue": 3267.8,
        "sgaExpense": 587.5,
        "totalOperatingExpense": 751.8,
        "totalOtherIncomeExpenseNet": 13.1
      },
      {
        "costOfGoodsSold": 1743.6,
        "dilutedAverageSharesOutstanding": 523.6,
        "dilutedEPS": -0.23,
        "ebit": 531.7,
        "grossIncome": 1313.5,
        "interestExpense": 124.7,
        "interestIncomeExpense": -152.6,
        "minorityInterest": 0,
        "netIncome": -119.8,
        "netIncomeAfterTaxes": -119.8,
        "nonRecurringItems": -723.3,
        "period": "2016-09-30",
        "pretaxIncome": -325.3,
        "provisionforIncomeTaxes": -205.5,
        "researchDevelopment": 176.9,
        "revenue": 3057.1,
        "sgaExpense": 604.9,
        "totalOperatingExpense": 781.8,
        "totalOtherIncomeExpenseNet": 18.9
      },
      {
        "costOfGoodsSold": 1365.2,
        "dilutedAverageSharesOutstanding": 509.7,
        "dilutedEPS": 0.33,
        "ebit": 476.8,
        "grossIncome": 1195.5,
        "interestExpense": 77.8,
        "interestIncomeExpense": -114.5,
        "minorityInterest": 0,
        "netIncome": 168.4,
        "netIncomeAfterTaxes": 168.4,
        "nonRecurringItems": -208.6,
        "period": "2016-06-30",
        "pretaxIncome": 203.1,
        "provisionforIncomeTaxes": 34.7,
        "researchDevelopment": 169.1,
        "revenue": 2560.7,
        "sgaExpense": 549.6,
        "totalOperatingExpense": 718.7,
        "totalOtherIncomeExpenseNet": 49.4
      },
      {
        "costOfGoodsSold": 1250.6,
        "dilutedAverageSharesOutstanding": 509.6,
        "dilutedEPS": 0.03,
        "ebit": 253.8,
        "grossIncome": 940.7,
        "interestExpense": 70.3,
        "interestIncomeExpense": -78,
        "netIncome": 13.9,
        "netIncomeAfterTaxes": 13.9,
        "nonRecurringItems": -150.4,
        "period": "2016-03-31",
        "pretaxIncome": 19,
        "provisionforIncomeTaxes": 5.1,
        "researchDevelopment": 187.5,
        "revenue": 2191.3,
        "sgaExpense": 499.4,
        "totalOperatingExpense": 686.9,
        "totalOtherIncomeExpenseNet": -6.4
      },
      {
        "costOfGoodsSold": 1376.8,
        "dilutedAverageSharesOutstanding": 510,
        "dilutedEPS": 0.38,
        "ebit": 527,
        "grossIncome": 1113.9,
        "interestExpense": 57.2,
        "interestIncomeExpense": -120.2,
        "minorityInterest": 0,
        "netIncome": 194.6,
        "netIncomeAfterTaxes": 194.6,
        "nonRecurringItems": -103.4,
        "otherOperatingExpensesTotal": 0,
        "period": "2015-12-31",
        "pretaxIncome": 218.3,
        "provisionforIncomeTaxes": 23.7,
        "researchDevelopment": 157.2,
        "revenue": 2490.7,
        "sgaExpense": 429.7,
        "totalOperatingExpense": 586.9,
        "totalOtherIncomeExpenseNet": -85.1
      },
      {
        "costOfGoodsSold": 1349.9,
        "dilutedAverageSharesOutstanding": 514,
        "dilutedEPS": 0.83,
        "ebit": 710,
        "grossIncome": 1345.3,
        "interestExpense": 99.6,
        "interestIncomeExpense": -61.2,
        "minorityInterest": 0,
        "netIncome": 428.6,
        "netIncomeAfterTaxes": 428.6,
        "nonRecurringItems": -107.7,
        "otherOperatingExpensesTotal": 0,
        "period": "2015-09-30",
        "pretaxIncome": 455.1,
        "provisionforIncomeTaxes": 26.5,
        "researchDevelopment": 174.2,
        "revenue": 2695.2,
        "sgaExpense": 461.1,
        "totalOperatingExpense": 635.3,
        "totalOtherIncomeExpenseNet": -86
      }
    ],
    "symbol": "VTRS"
  }
}