{
  "symbol": "BRO",
  "statement": "ic",
  "frequency": "annual",
  "timestamp": "2025-09-19T13:57:06.323565",
  "data": {
    "financials": [
      {
        "depreciationAmortization": 222,
        "dilutedAverageSharesOutstanding": 284,
        "dilutedEPS": 3.4542,
        "ebit": 1467,
        "gainLossOnDispositionOfAssets": 31,
        "interestExpense": 193,
        "interestIncomeExpense": -193,
        "minorityInterest": -9,
        "netIncome": 981,
        "netIncomeAfterTaxes": 1002,
        "nonRecurringItems": -2,
        "otherOperatingExpensesTotal": 710,
        "period": "2024-12-31",
        "pretaxIncome": 1303,
        "provisionforIncomeTaxes": 301,
        "revenue": 4805,
        "sgaExpense": 2406,
        "totalOperatingExpense": 3338,
        "year": 2024
      },
      {
        "depreciationAmortization": 206,
        "dilutedAverageSharesOutstanding": 280.8,
        "dilutedEPS": 3.05,
        "ebit": 1214.6,
        "gainLossOnDispositionOfAssets": 143.3,
        "interestExpense": 190,
        "interestIncomeExpense": -190,
        "netIncome": 857.2,
        "netIncomeAfterTaxes": 870.5,
        "nonRecurringItems": -21.8,
        "otherOperatingExpensesTotal": 649.9,
        "period": "2023-12-31",
        "pretaxIncome": 1146.1,
        "provisionforIncomeTaxes": 275.6,
        "revenue": 4257.1,
        "sgaExpense": 2186.6,
        "totalOperatingExpense": 3042.5,
        "year": 2023
      },
      {
        "depreciationAmortization": 185.8,
        "dilutedAverageSharesOutstanding": 278.6,
        "dilutedEPS": 2.37,
        "ebit": 973.9,
        "gainLossOnDispositionOfAssets": 4.5,
        "interestExpense": 141.2,
        "interestIncomeExpense": -141.2,
        "netIncome": 659.1,
        "netIncomeAfterTaxes": 671.8,
        "nonRecurringItems": 38.9,
        "otherOperatingExpensesTotal": 596.8,
        "period": "2022-12-31",
        "pretaxIncome": 876.1,
        "provisionforIncomeTaxes": 204.3,
        "revenue": 3573.4,
        "sgaExpense": 1816.9,
        "totalOperatingExpense": 2599.5,
        "year": 2022
      },
      {
        "depreciationAmortization": 152.902,
        "dilutedAverageSharesOutstanding": 277.414,
        "dilutedEPS": 2.07,
        "ebit": 858.644,
        "gainLossOnDispositionOfAssets": 9.605,
        "interestExpense": 64.981,
        "interestIncomeExpense": -64.981,
        "netIncome": 574.162,
        "netIncomeAfterTaxes": 587.104,
        "nonRecurringItems": -40.445,
        "otherOperatingExpensesTotal": 402.941,
        "period": "2021-12-31",
        "pretaxIncome": 762.823,
        "provisionforIncomeTaxes": 175.719,
        "revenue": 3051.398,
        "sgaExpense": 1636.911,
        "totalOperatingExpense": 2192.754,
        "year": 2021
      },
      {
        "depreciationAmortization": 134.799,
        "dilutedAverageSharesOutstanding": 275.867,
        "dilutedEPS": 1.69,
        "ebit": 676.226,
        "gainLossOnDispositionOfAssets": 2.388,
        "interestExpense": 58.973,
        "interestIncomeExpense": -58.973,
        "netIncome": 465.286,
        "netIncomeAfterTaxes": 480.483,
        "nonRecurringItems": 4.458,
        "otherOperatingExpensesTotal": 365.973,
        "period": "2020-12-31",
        "pretaxIncome": 624.099,
        "provisionforIncomeTaxes": 143.616,
        "revenue": 2613.375,
        "sgaExpense": 1436.377,
        "totalOperatingExpense": 1937.149,
        "year": 2020
      },
      {
        "depreciationAmortization": 128.715,
        "dilutedAverageSharesOutstanding": 274.616,
        "dilutedEPS": 1.4,
        "ebit": 578.202,
        "gainLossOnDispositionOfAssets": 10.021,
        "interestExpense": 63.66,
        "interestIncomeExpense": -63.66,
        "netIncome": 385.641,
        "netIncomeAfterTaxes": 398.514,
        "nonRecurringItems": 1.366,
        "otherOperatingExpensesTotal": 377.089,
        "period": "2019-12-31",
        "pretaxIncome": 525.929,
        "provisionforIncomeTaxes": 127.415,
        "revenue": 2392.171,
        "sgaExpense": 1308.165,
        "totalOperatingExpense": 1813.969,
        "year": 2019
      },
      {
        "depreciationAmortization": 109.378,
        "dilutedAverageSharesOutstanding": 275.521,
        "dilutedEPS": 1.22,
        "ebit": 503.836,
        "gainLossOnDispositionOfAssets": 2.175,
        "interestExpense": 40.58,
        "interestIncomeExpense": -40.58,
        "netIncome": 335.958,
        "netIncomeAfterTaxes": 344.255,
        "nonRecurringItems": -2.969,
        "otherOperatingExpensesTotal": 332.118,
        "period": "2018-12-31",
        "pretaxIncome": 462.462,
        "provisionforIncomeTaxes": 118.207,
        "revenue": 2014.246,
        "sgaExpense": 1068.914,
        "totalOperatingExpense": 1510.41,
        "year": 2018
      },
      {
        "depreciationAmortization": 108.144,
        "dilutedAverageSharesOutstanding": 279.394,
        "dilutedEPS": 1.39,
        "ebit": 495.081,
        "gainLossOnDispositionOfAssets": 2.157,
        "interestExpense": 38.316,
        "interestIncomeExpense": -38.316,
        "netIncome": 389.884,
        "netIncomeAfterTaxes": 278.764,
        "nonRecurringItems": -9.2,
        "otherOperatingExpensesTotal": 283.47,
        "period": "2017-12-31",
        "pretaxIncome": 449.722,
        "provisionforIncomeTaxes": 170.958,
        "revenue": 1881.347,
        "sgaExpense": 994.652,
        "totalOperatingExpense": 1386.266,
        "year": 2017
      },
      {
        "depreciationAmortization": 107.666,
        "dilutedAverageSharesOutstanding": 275.608,
        "dilutedEPS": 0.91,
        "ebit": 470.874,
        "gainLossOnDispositionOfAssets": 1.291,
        "interestExpense": 39.481,
        "interestIncomeExpense": -39.481,
        "netIncome": 250.786,
        "netIncomeAfterTaxes": 257.491,
        "nonRecurringItems": -9.185,
        "otherOperatingExpensesTotal": 262.872,
        "period": "2016-12-31",
        "pretaxIncome": 423.499,
        "provisionforIncomeTaxes": 166.008,
        "revenue": 1766.629,
        "sgaExpense": 925.217,
        "totalOperatingExpense": 1295.755,
        "year": 2016
      },
      {
        "depreciationAmortization": 108.311,
        "dilutedAverageSharesOutstanding": 280.224,
        "dilutedEPS": 0.85,
        "ebit": 444.191,
        "gainLossOnDispositionOfAssets": 0.619,
        "interestExpense": 39.248,
        "interestIncomeExpense": -39.248,
        "netIncome": 237.623,
        "netIncomeAfterTaxes": 243.318,
        "nonRecurringItems": -3.003,
        "otherOperatingExpensesTotal": 251.055,
        "period": "2015-12-31",
        "pretaxIncome": 402.559,
        "provisionforIncomeTaxes": 159.241,
        "revenue": 1660.509,
        "sgaExpense": 856.952,
        "totalOperatingExpense": 1216.318,
        "year": 2015
      }
    ],
    "symbol": "BRO"
  }
}