{
  "symbol": "MRK",
  "statement": "ic",
  "frequency": "quarterly",
  "timestamp": "2025-09-19T14:03:51.488867",
  "data": {
    "financials": [
      {
        "costOfGoodsSold": 2816,
        "dilutedAverageSharesOutstanding": 2513,
        "dilutedEPS": 1.76,
        "ebit": 6365,
        "grossIncome": 12990,
        "interestExpense": 305,
        "interestIncomeExpense": 61,
        "minorityInterest": -1,
        "netIncome": 4427,
        "netIncomeAfterTaxes": 4428,
        "nonRecurringItems": -1373,
        "period": "2025-06-30",
        "pretaxIncome": 4999,
        "provisionforIncomeTaxes": 571,
        "researchDevelopment": 3992,
        "revenue": 15806,
        "sgaExpense": 2633,
        "totalOperatingExpense": 6625,
        "totalOtherIncomeExpenseNet": -54
      },
      {
        "costOfGoodsSold": 3383,
        "dilutedAverageSharesOutstanding": 2531,
        "dilutedEPS": 2.01,
        "ebit": 5973,
        "grossIncome": 12146,
        "interestExpense": 313,
        "interestIncomeExpense": -204,
        "minorityInterest": -6,
        "netIncome": 5079,
        "netIncomeAfterTaxes": 5085,
        "nonRecurringItems": -105,
        "period": "2025-03-31",
        "pretaxIncome": 5903,
        "provisionforIncomeTaxes": 818,
        "researchDevelopment": 3621,
        "revenue": 15529,
        "sgaExpense": 2552,
        "totalOperatingExpense": 6173,
        "totalOtherIncomeExpenseNet": 239
      },
      {
        "costOfGoodsSold": 3707,
        "dilutedAverageSharesOutstanding": 2535,
        "dilutedEPS": 1.48,
        "ebit": 5223,
        "grossIncome": 11917,
        "interestExpense": 328,
        "interestIncomeExpense": -387,
        "minorityInterest": -1,
        "netIncome": 3743,
        "netIncomeAfterTaxes": 3744,
        "nonRecurringItems": -926,
        "period": "2024-12-31",
        "pretaxIncome": 4170,
        "provisionforIncomeTaxes": 426,
        "researchDevelopment": 3846,
        "revenue": 15624,
        "sgaExpense": 2848,
        "totalOperatingExpense": 6694,
        "totalOtherIncomeExpenseNet": 260
      },
      {
        "costOfGoodsSold": 3888,
        "dilutedAverageSharesOutstanding": 2541,
        "dilutedEPS": 1.24,
        "ebit": 6307,
        "grossIncome": 12769,
        "interestExpense": 330,
        "interestIncomeExpense": -267,
        "minorityInterest": -4,
        "netIncome": 3157,
        "netIncomeAfterTaxes": 3161,
        "nonRecurringItems": -2379,
        "period": "2024-09-30",
        "pretaxIncome": 4090,
        "provisionforIncomeTaxes": 929,
        "researchDevelopment": 3762,
        "revenue": 16657,
        "sgaExpense": 2700,
        "totalOperatingExpense": 6462,
        "totalOtherIncomeExpenseNet": 429
      },
      {
        "costOfGoodsSold": 3679,
        "dilutedAverageSharesOutstanding": 2544,
        "dilutedEPS": 2.14,
        "ebit": 6225,
        "grossIncome": 12433,
        "interestExpense": 310,
        "interestIncomeExpense": -245,
        "minorityInterest": -6,
        "netIncome": 5455,
        "netIncomeAfterTaxes": 5461,
        "nonRecurringItems": -177,
        "period": "2024-06-30",
        "pretaxIncome": 6006,
        "provisionforIncomeTaxes": 545,
        "researchDevelopment": 3500,
        "revenue": 16112,
        "sgaExpense": 2708,
        "totalOperatingExpense": 6208,
        "totalOtherIncomeExpenseNet": 203
      },
      {
        "costOfGoodsSold": 3424,
        "dilutedAverageSharesOutstanding": 2544,
        "dilutedEPS": 1.87,
        "ebit": 6539,
        "grossIncome": 12351,
        "interestExpense": 303,
        "interestIncomeExpense": -170,
        "minorityInterest": -5,
        "netIncome": 4762,
        "netIncomeAfterTaxes": 4767,
        "nonRecurringItems": -902,
        "period": "2024-03-31",
        "pretaxIncome": 5670,
        "provisionforIncomeTaxes": 903,
        "researchDevelopment": 3334,
        "revenue": 15775,
        "sgaExpense": 2478,
        "totalOperatingExpense": 5812,
        "totalOtherIncomeExpenseNet": 203
      },
      {
        "costOfGoodsSold": 3795,
        "dilutedAverageSharesOutstanding": 2501,
        "dilutedEPS": -0.49,
        "ebit": 4725,
        "grossIncome": 10835,
        "interestExpense": 310,
        "interestIncomeExpense": -302,
        "minorityInterest": 0,
        "netIncome": -1226,
        "netIncomeAfterTaxes": -1226,
        "nonRecurringItems": -6693,
        "period": "2023-12-31",
        "pretaxIncome": -2046,
        "provisionforIncomeTaxes": -820,
        "researchDevelopment": 3335,
        "revenue": 14630,
        "sgaExpense": 2775,
        "totalOperatingExpense": 6110,
        "totalOtherIncomeExpenseNet": 224
      },
      {
        "costOfGoodsSold": 4231,
        "dilutedAverageSharesOutstanding": 2546,
        "dilutedEPS": 1.86,
        "ebit": 5945,
        "grossIncome": 11731,
        "interestExpense": 317,
        "interestIncomeExpense": -362,
        "minorityInterest": -5,
        "netIncome": 4745,
        "netIncomeAfterTaxes": 4750,
        "nonRecurringItems": -199,
        "period": "2023-09-30",
        "pretaxIncome": 5620,
        "provisionforIncomeTaxes": 870,
        "researchDevelopment": 3307,
        "revenue": 15962,
        "sgaExpense": 2479,
        "totalOperatingExpense": 5786,
        "totalOtherIncomeExpenseNet": 236
      },
      {
        "costOfGoodsSold": 3992,
        "dilutedAverageSharesOutstanding": 2539,
        "dilutedEPS": -2.35,
        "ebit": 5273,
        "grossIncome": 11043,
        "interestExpense": 277,
        "interestIncomeExpense": -405,
        "minorityInterest": -3,
        "netIncome": -5975,
        "netIncomeAfterTaxes": -5972,
        "nonRecurringItems": -10436,
        "period": "2023-06-30",
        "pretaxIncome": -5335,
        "provisionforIncomeTaxes": 637,
        "researchDevelopment": 3120,
        "revenue": 15035,
        "sgaExpense": 2650,
        "totalOperatingExpense": 5770,
        "totalOtherIncomeExpenseNet": 233
      },
      {
        "costOfGoodsSold": 3897,
        "dilutedAverageSharesOutstanding": 2541,
        "dilutedEPS": 1.11,
        "ebit": 5211,
        "grossIncome": 10590,
        "interestExpense": 242,
        "interestIncomeExpense": 259,
        "minorityInterest": -4,
        "netIncome": 2821,
        "netIncomeAfterTaxes": 2825,
        "nonRecurringItems": -2044.5,
        "period": "2023-03-31",
        "pretaxIncome": 3650,
        "provisionforIncomeTaxes": 825,
        "researchDevelopment": 2901,
        "revenue": 14487,
        "sgaExpense": 2478,
        "totalOperatingExpense": 5379,
        "totalOtherIncomeExpenseNet": 224.5
      },
      {
        "costOfGoodsSold": 3843,
        "dilutedAverageSharesOutstanding": 2548,
        "dilutedEPS": 1.18,
        "ebit": 4358,
        "grossIncome": 9987,
        "interestExpense": 235,
        "interestIncomeExpense": -215,
        "minorityInterest": -1,
        "netIncome": 3017,
        "netIncomeAfterTaxes": 3018,
        "nonRecurringItems": -920,
        "period": "2022-12-31",
        "pretaxIncome": 3513,
        "provisionforIncomeTaxes": 495,
        "researchDevelopment": 2962,
        "revenue": 13830,
        "sgaExpense": 2667,
        "totalOperatingExpense": 5629,
        "totalOtherIncomeExpenseNet": 290
      },
      {
        "costOfGoodsSold": 3880,
        "dilutedAverageSharesOutstanding": 2542,
        "dilutedEPS": 1.28,
        "ebit": 5074,
        "grossIncome": 11079,
        "interestExpense": 244,
        "interestIncomeExpense": -671,
        "minorityInterest": -5,
        "netIncome": 3248,
        "netIncomeAfterTaxes": 3253,
        "nonRecurringItems": -1062,
        "period": "2022-09-30",
        "pretaxIncome": 3583,
        "provisionforIncomeTaxes": 330,
        "researchDevelopment": 3511,
        "revenue": 14959,
        "sgaExpense": 2494,
        "totalOperatingExpense": 6005,
        "totalOtherIncomeExpenseNet": 242
      },
      {
        "costOfGoodsSold": 4149,
        "dilutedAverageSharesOutstanding": 2540,
        "dilutedEPS": 1.55,
        "ebit": 5183,
        "grossIncome": 10444,
        "interestExpense": 240,
        "interestIncomeExpense": -595,
        "minorityInterest": -5,
        "netIncome": 3944,
        "netIncomeAfterTaxes": 3949,
        "nonRecurringItems": -258,
        "period": "2022-06-30",
        "pretaxIncome": 4487,
        "provisionforIncomeTaxes": 538,
        "researchDevelopment": 2776,
        "revenue": 14593,
        "sgaExpense": 2485,
        "totalOperatingExpense": 5261,
        "totalOtherIncomeExpenseNet": 157
      },
      {
        "costOfGoodsSold": 5334,
        "dilutedAverageSharesOutstanding": 2537,
        "dilutedEPS": 1.7,
        "ebit": 5696,
        "grossIncome": 10567,
        "interestExpense": 243,
        "interestIncomeExpense": -983,
        "minorityInterest": 3,
        "netIncome": 4310,
        "netIncomeAfterTaxes": 4307,
        "nonRecurringItems": -127,
        "period": "2022-03-31",
        "pretaxIncome": 4861,
        "provisionforIncomeTaxes": 554,
        "researchDevelopment": 2569,
        "revenue": 15901,
        "sgaExpense": 2302,
        "totalOperatingExpense": 4871,
        "totalOtherIncomeExpenseNet": 275
      },
      {
        "costOfGoodsSold": 3827,
        "dilutedAverageSharesOutstanding": 2535,
        "dilutedEPS": 1.48,
        "ebit": 4115,
        "grossIncome": 9694,
        "interestExpense": 209,
        "interestIncomeExpense": 110,
        "minorityInterest": -4,
        "netIncome": 3758,
        "netIncomeAfterTaxes": 3824,
        "nonRecurringItems": -540,
        "period": "2021-12-31",
        "pretaxIncome": 3909,
        "provisionforIncomeTaxes": 85,
        "researchDevelopment": 2759,
        "revenue": 13521,
        "sgaExpense": 2820,
        "totalOperatingExpense": 5579,
        "totalOtherIncomeExpenseNet": 224
      },
      {
        "costOfGoodsSold": 3402,
        "dilutedAverageSharesOutstanding": 2536,
        "dilutedEPS": 1.8,
        "ebit": 4984,
        "grossIncome": 9752,
        "interestExpense": 196,
        "interestIncomeExpense": 448,
        "minorityInterest": -4,
        "netIncome": 4567,
        "netIncomeAfterTaxes": 4571,
        "nonRecurringItems": -168,
        "period": "2021-09-30",
        "pretaxIncome": 5266,
        "provisionforIncomeTaxes": 695,
        "researchDevelopment": 2437,
        "revenue": 13154,
        "sgaExpense": 2331,
        "totalOperatingExpense": 4768,
        "totalOtherIncomeExpenseNet": 2
      },
      {
        "costOfGoodsSold": 3029,
        "dilutedAverageSharesOutstanding": 2540,
        "dilutedEPS": 0.6,
        "ebit": 3483,
        "grossIncome": 8373,
        "interestExpense": 202,
        "interestIncomeExpense": -27,
        "minorityInterest": -1,
        "netIncome": 1545,
        "netIncomeAfterTaxes": 1214,
        "nonRecurringItems": -1869,
        "period": "2021-06-30",
        "pretaxIncome": 1717,
        "provisionforIncomeTaxes": 503,
        "researchDevelopment": 2611,
        "revenue": 11402,
        "sgaExpense": 2279,
        "totalOperatingExpense": 4890,
        "totalOtherIncomeExpenseNet": 130
      },
      {
        "costOfGoodsSold": 2984,
        "dilutedAverageSharesOutstanding": 2540,
        "dilutedEPS": 1.25,
        "ebit": 3054,
        "grossIncome": 7643,
        "interestExpense": 199,
        "interestIncomeExpense": 345,
        "minorityInterest": -4,
        "netIncome": 3179,
        "netIncomeAfterTaxes": 2749,
        "nonRecurringItems": -522,
        "period": "2021-03-31",
        "pretaxIncome": 2987,
        "provisionforIncomeTaxes": 238,
        "researchDevelopment": 2404,
        "revenue": 10627,
        "sgaExpense": 2185,
        "totalOperatingExpense": 4589,
        "totalOtherIncomeExpenseNet": 110
      },
      {
        "costOfGoodsSold": 4725,
        "dilutedAverageSharesOutstanding": 2530,
        "dilutedEPS": -0.82,
        "ebit": 964,
        "grossIncome": 6223,
        "interestExpense": 207,
        "interestIncomeExpense": 122,
        "minorityInterest": -3,
        "netIncome": -2094,
        "netIncomeAfterTaxes": -2614,
        "nonRecurringItems": -3762,
        "period": "2020-12-31",
        "pretaxIncome": -2545,
        "provisionforIncomeTaxes": 69,
        "researchDevelopment": 2650,
        "revenue": 10948,
        "sgaExpense": 2609,
        "totalOperatingExpense": 5259,
        "totalOtherIncomeExpenseNet": 131
      },
      {
        "costOfGoodsSold": 2975,
        "dilutedAverageSharesOutstanding": 2538,
        "dilutedEPS": 1.15,
        "ebit": 2579,
        "grossIncome": 7954,
        "interestExpense": 203,
        "interestIncomeExpense": 156,
        "minorityInterest": -2,
        "netIncome": 2941,
        "netIncomeAfterTaxes": 2326,
        "nonRecurringItems": -185,
        "period": "2020-09-30",
        "pretaxIncome": 2706,
        "provisionforIncomeTaxes": 380,
        "researchDevelopment": 3330,
        "revenue": 10929,
        "sgaExpense": 2045,
        "totalOperatingExpense": 5375,
        "totalOtherIncomeExpenseNet": 156
      },
      {
        "costOfGoodsSold": 2722,
        "dilutedAverageSharesOutstanding": 2536,
        "dilutedEPS": 1.18,
        "ebit": 2503,
        "grossIncome": 6631,
        "interestExpense": 209,
        "interestIncomeExpense": 332,
        "minorityInterest": -4,
        "netIncome": 3002,
        "netIncomeAfterTaxes": 2345,
        "nonRecurringItems": -149,
        "period": "2020-06-30",
        "pretaxIncome": 2741,
        "provisionforIncomeTaxes": 396,
        "researchDevelopment": 2054,
        "revenue": 9353,
        "sgaExpense": 2074,
        "totalOperatingExpense": 4128,
        "totalOtherIncomeExpenseNet": 55
      },
      {
        "costOfGoodsSold": 2761,
        "dilutedAverageSharesOutstanding": 2539,
        "dilutedEPS": 1.26,
        "ebit": 3189,
        "grossIncome": 7527,
        "interestExpense": 212,
        "interestIncomeExpense": -189,
        "minorityInterest": 5,
        "netIncome": 3219,
        "netIncomeAfterTaxes": 2466,
        "nonRecurringItems": -166,
        "period": "2020-03-31",
        "pretaxIncome": 2961,
        "provisionforIncomeTaxes": 495,
        "researchDevelopment": 2158,
        "revenue": 10288,
        "sgaExpense": 2180,
        "totalOperatingExpense": 4338,
        "totalOtherIncomeExpenseNet": 127
      },
      {
        "costOfGoodsSold": 778,
        "dilutedAverageSharesOutstanding": 2613.703,
        "dilutedEPS": 0.76,
        "ebit": -935,
        "grossIncome": 3370,
        "interestExpense": 220,
        "interestIncomeExpense": -71,
        "minorityInterest": 11,
        "netIncome": 1997,
        "netIncomeAfterTaxes": -2234,
        "nonRecurringItems": -1161,
        "period": "2019-12-31",
        "pretaxIncome": -1862,
        "provisionforIncomeTaxes": 372,
        "researchDevelopment": 2217,
        "revenue": 4148,
        "sgaExpense": 2088,
        "totalOperatingExpense": 4305,
        "totalOtherIncomeExpenseNet": 305
      },
      {
        "costOfGoodsSold": 3928,
        "dilutedAverageSharesOutstanding": 2572,
        "dilutedEPS": 0.74,
        "ebit": 3660,
        "grossIncome": 8469,
        "interestExpense": 231,
        "interestIncomeExpense": -192,
        "minorityInterest": -6,
        "netIncome": 1901,
        "netIncomeAfterTaxes": 1907,
        "nonRecurringItems": -1278,
        "period": "2019-09-30",
        "pretaxIncome": 2347,
        "provisionforIncomeTaxes": 440,
        "researchDevelopment": 2221,
        "revenue": 12397,
        "sgaExpense": 2588,
        "totalOperatingExpense": 4809,
        "totalOtherIncomeExpenseNet": 157
      },
      {
        "costOfGoodsSold": 3336,
        "dilutedAverageSharesOutstanding": 2588,
        "dilutedEPS": 1.03,
        "ebit": 3558,
        "grossIncome": 8424,
        "interestExpense": 233,
        "interestIncomeExpense": -127,
        "minorityInterest": 26,
        "netIncome": 2670,
        "netIncomeAfterTaxes": 2644,
        "nonRecurringItems": -159,
        "period": "2019-06-30",
        "pretaxIncome": 3259,
        "provisionforIncomeTaxes": 615,
        "researchDevelopment": 2186,
        "revenue": 11760,
        "sgaExpense": 2680,
        "totalOperatingExpense": 4866,
        "totalOtherIncomeExpenseNet": -13
      },
      {
        "costOfGoodsSold": 3018,
        "dilutedAverageSharesOutstanding": 2603,
        "dilutedEPS": 1.11,
        "ebit": 3442,
        "grossIncome": 7798,
        "interestExpense": 209,
        "interestIncomeExpense": -246,
        "minorityInterest": 53,
        "netIncome": 2915,
        "netIncomeAfterTaxes": 2929,
        "nonRecurringItems": -187,
        "period": "2019-03-31",
        "pretaxIncome": 3067,
        "provisionforIncomeTaxes": 138,
        "researchDevelopment": 1931,
        "revenue": 10816,
        "sgaExpense": 2425,
        "totalOperatingExpense": 4356,
        "totalOtherIncomeExpenseNet": 58
      },
      {
        "costOfGoodsSold": 3276,
        "dilutedAverageSharesOutstanding": 2634,
        "dilutedEPS": 0.69,
        "ebit": 2899,
        "grossIncome": 7722,
        "interestExpense": 203,
        "interestIncomeExpense": 88,
        "minorityInterest": 49,
        "netIncome": 1827,
        "netIncomeAfterTaxes": 2067,
        "nonRecurringItems": -185,
        "period": "2018-12-31",
        "pretaxIncome": 2604,
        "provisionforIncomeTaxes": 537,
        "researchDevelopment": 2213,
        "revenue": 10998,
        "sgaExpense": 2610,
        "totalOperatingExpense": 4823,
        "totalOtherIncomeExpenseNet": -198
      },
      {
        "costOfGoodsSold": 3197,
        "dilutedAverageSharesOutstanding": 2678,
        "dilutedEPS": 0.73,
        "ebit": 3082,
        "grossIncome": 7597,
        "interestExpense": 190,
        "interestIncomeExpense": -59,
        "minorityInterest": -8,
        "netIncome": 1950,
        "netIncomeAfterTaxes": 1958,
        "nonRecurringItems": -589,
        "period": "2018-09-30",
        "pretaxIncome": 2665,
        "provisionforIncomeTaxes": 707,
        "researchDevelopment": 2072,
        "revenue": 10794,
        "sgaExpense": 2443,
        "totalOperatingExpense": 4515,
        "totalOtherIncomeExpenseNet": 231
      },
      {
        "costOfGoodsSold": 3414,
        "dilutedAverageSharesOutstanding": 2696,
        "dilutedEPS": 0.63,
        "ebit": 2617,
        "grossIncome": 7051,
        "interestExpense": 194,
        "interestIncomeExpense": -120,
        "minorityInterest": -9,
        "netIncome": 1707,
        "netIncomeAfterTaxes": 1716,
        "nonRecurringItems": -579,
        "period": "2018-06-30",
        "pretaxIncome": 2086,
        "provisionforIncomeTaxes": 370,
        "researchDevelopment": 1927,
        "revenue": 10465,
        "sgaExpense": 2507,
        "totalOperatingExpense": 4434,
        "totalOtherIncomeExpenseNet": 168
      },
      {
        "costOfGoodsSold": 3178,
        "dilutedAverageSharesOutstanding": 2710,
        "dilutedEPS": 0.27,
        "ebit": 2558,
        "grossIncome": 6859,
        "interestExpense": 185,
        "interestIncomeExpense": -159,
        "minorityInterest": -5,
        "netIncome": 736,
        "netIncomeAfterTaxes": 741,
        "nonRecurringItems": -1504,
        "period": "2018-03-31",
        "pretaxIncome": 1345,
        "provisionforIncomeTaxes": 604,
        "researchDevelopment": 1794,
        "revenue": 10037,
        "sgaExpense": 2507,
        "totalOperatingExpense": 4301,
        "totalOtherIncomeExpenseNet": 450
      },
      {
        "costOfGoodsSold": 3515,
        "dilutedAverageSharesOutstanding": 2715,
        "dilutedEPS": -0.38,
        "ebit": 1916,
        "grossIncome": 6918,
        "interestExpense": 190,
        "interestIncomeExpense": 158,
        "minorityInterest": -8,
        "netIncome": -1046,
        "netIncomeAfterTaxes": 1587,
        "nonRecurringItems": -567,
        "period": "2017-12-31",
        "pretaxIncome": 1879,
        "provisionforIncomeTaxes": 292,
        "researchDevelopment": 2182,
        "revenue": 10433,
        "sgaExpense": 2820,
        "totalOperatingExpense": 5002,
        "totalOtherIncomeExpenseNet": 372
      },
      {
        "costOfGoodsSold": 3249,
        "dilutedAverageSharesOutstanding": 2727,
        "dilutedEPS": -0.02,
        "ebit": 2900,
        "grossIncome": 7076,
        "interestExpense": 189,
        "interestIncomeExpense": -193,
        "minorityInterest": -5,
        "netIncome": -56,
        "netIncomeAfterTaxes": -51,
        "nonRecurringItems": -2786,
        "period": "2017-09-30",
        "pretaxIncome": 200,
        "provisionforIncomeTaxes": 251,
        "researchDevelopment": 1786,
        "revenue": 10325,
        "sgaExpense": 2390,
        "totalOperatingExpense": 4176,
        "totalOtherIncomeExpenseNet": 279
      },
      {
        "costOfGoodsSold": 3000,
        "dilutedAverageSharesOutstanding": 2752,
        "dilutedEPS": 0.71,
        "ebit": 2754,
        "grossIncome": 6930,
        "interestExpense": 193,
        "interestIncomeExpense": -106,
        "minorityInterest": -5,
        "netIncome": 1946,
        "netIncomeAfterTaxes": 1951,
        "nonRecurringItems": -257,
        "period": "2017-06-30",
        "pretaxIncome": 2439,
        "provisionforIncomeTaxes": 488,
        "researchDevelopment": 1740,
        "revenue": 9930,
        "sgaExpense": 2436,
        "totalOperatingExpense": 4176,
        "totalOtherIncomeExpenseNet": 48
      },
      {
        "costOfGoodsSold": 2876,
        "dilutedAverageSharesOutstanding": 2766,
        "dilutedEPS": 0.56,
        "ebit": 2352,
        "grossIncome": 6558,
        "interestExpense": 182,
        "interestIncomeExpense": -138,
        "minorityInterest": -5,
        "netIncome": 1551,
        "netIncomeAfterTaxes": 1556,
        "nonRecurringItems": -291,
        "period": "2017-03-31",
        "pretaxIncome": 2003,
        "provisionforIncomeTaxes": 447,
        "researchDevelopment": 1796,
        "revenue": 9434,
        "sgaExpense": 2410,
        "totalOperatingExpense": 4206,
        "totalOtherIncomeExpenseNet": 80
      },
      {
        "costOfGoodsSold": 3439,
        "dilutedAverageSharesOutstanding": 2757,
        "dilutedEPS": -0.22,
        "ebit": 2452,
        "grossIncome": 6676,
        "interestExpense": 180,
        "interestIncomeExpense": -207,
        "minorityInterest": -8,
        "netIncome": -595,
        "netIncomeAfterTaxes": -587,
        "nonRecurringItems": -3707,
        "period": "2016-12-31",
        "pretaxIncome": -1356,
        "provisionforIncomeTaxes": -769,
        "researchDevelopment": 1402,
        "revenue": 10115,
        "sgaExpense": 2822,
        "totalOperatingExpense": 4224,
        "totalOtherIncomeExpenseNet": 106
      },
      {
        "costOfGoodsSold": 3373,
        "dilutedAverageSharesOutstanding": 2786,
        "dilutedEPS": 0.78,
        "ebit": 3162,
        "grossIncome": 7163,
        "interestExpense": 170,
        "interestIncomeExpense": -93,
        "minorityInterest": -4,
        "netIncome": 2184,
        "netIncomeAfterTaxes": 2188,
        "nonRecurringItems": -251,
        "period": "2016-09-30",
        "pretaxIncome": 2887,
        "provisionforIncomeTaxes": 699,
        "researchDevelopment": 1645,
        "revenue": 10536,
        "sgaExpense": 2356,
        "totalOperatingExpense": 4001,
        "totalOtherIncomeExpenseNet": 69
      },
      {
        "costOfGoodsSold": 3417,
        "dilutedAverageSharesOutstanding": 2789,
        "dilutedEPS": 0.43,
        "ebit": 2182,
        "grossIncome": 6427,
        "interestExpense": 171,
        "interestIncomeExpense": 15,
        "minorityInterest": -4,
        "netIncome": 1205,
        "netIncomeAfterTaxes": 1209,
        "nonRecurringItems": -544,
        "period": "2016-06-30",
        "pretaxIncome": 1504,
        "provisionforIncomeTaxes": 295,
        "researchDevelopment": 1892,
        "revenue": 9844,
        "sgaExpense": 2353,
        "totalOperatingExpense": 4245,
        "totalOtherIncomeExpenseNet": -149
      },
      {
        "costOfGoodsSold": 3273,
        "dilutedAverageSharesOutstanding": 2795,
        "dilutedEPS": 0.4,
        "ebit": 2147,
        "grossIncome": 6039,
        "interestExpense": 172,
        "interestIncomeExpense": -118,
        "minorityInterest": -5,
        "netIncome": 1125,
        "netIncomeAfterTaxes": 1130,
        "nonRecurringItems": -475,
        "period": "2016-03-31",
        "pretaxIncome": 1624,
        "provisionforIncomeTaxes": 494,
        "researchDevelopment": 1579,
        "revenue": 9312,
        "sgaExpense": 2313,
        "totalOperatingExpense": 3892,
        "totalOtherIncomeExpenseNet": 70
      },
      {
        "costOfGoodsSold": 3736,
        "dilutedAverageSharesOutstanding": 2814,
        "dilutedEPS": 0.35,
        "ebit": 2226,
        "gainLossOnDispositionOfAssets": 250,
        "grossIncome": 6479,
        "interestExpense": 169,
        "interestIncomeExpense": 134,
        "minorityInterest": -5,
        "netIncome": 977,
        "netIncomeAfterTaxes": 982,
        "nonRecurringItems": -1916,
        "period": "2015-12-31",
        "pretaxIncome": 816,
        "provisionforIncomeTaxes": -166,
        "researchDevelopment": 1693,
        "revenue": 10215,
        "sgaExpense": 2560,
        "totalOperatingExpense": 4253,
        "totalOtherIncomeExpenseNet": 122
      },
      {
        "costOfGoodsSold": 3691,
        "dilutedAverageSharesOutstanding": 2836,
        "dilutedEPS": 0.64,
        "ebit": 2470,
        "grossIncome": 6382,
        "interestExpense": 165,
        "interestIncomeExpense": -262,
        "minorityInterest": -5,
        "netIncome": 1826,
        "netIncomeAfterTaxes": 1831,
        "nonRecurringItems": -243,
        "period": "2015-09-30",
        "pretaxIncome": 2397,
        "provisionforIncomeTaxes": 566,
        "researchDevelopment": 1483,
        "revenue": 10073,
        "sgaExpense": 2429,
        "totalOperatingExpense": 3912,
        "totalOtherIncomeExpenseNet": 432
      }
    ],
    "symbol": "MRK"
  }
}