{
  "symbol": "WST",
  "statement": "ic",
  "frequency": "quarterly",
  "timestamp": "2025-09-19T14:08:48.945910",
  "data": {
    "financials": [
      {
        "costOfGoodsSold": 492.6,
        "dilutedAverageSharesOutstanding": 72.5,
        "dilutedEPS": 1.8179,
        "ebit": 157.8,
        "equityEarningsAffiliates": 5,
        "grossIncome": 273.9,
        "interestExpense": 0.1,
        "interestIncomeExpense": 1.8,
        "netIncome": 131.8,
        "netIncomeAfterTaxes": 126.8,
        "nonRecurringItems": -2.4,
        "otherOperatingExpensesTotal": 2.5,
        "period": "2025-06-30",
        "pretaxIncome": 157,
        "provisionforIncomeTaxes": 30.2,
        "researchDevelopment": 19.1,
        "revenue": 766.5,
        "sgaExpense": 94.5,
        "totalOperatingExpense": 116.1,
        "totalOtherIncomeExpenseNet": -0.2
      },
      {
        "costOfGoodsSold": 466.1,
        "dilutedAverageSharesOutstanding": 73,
        "dilutedEPS": 1.2301,
        "ebit": 126.3,
        "equityEarningsAffiliates": 3.4,
        "grossIncome": 231.9,
        "interestExpense": 0.4,
        "interestIncomeExpense": 2.5,
        "netIncome": 89.8,
        "netIncomeAfterTaxes": 86.4,
        "nonRecurringItems": -18.1,
        "otherOperatingExpensesTotal": 2.7,
        "period": "2025-03-31",
        "pretaxIncome": 110.5,
        "provisionforIncomeTaxes": 24.1,
        "researchDevelopment": 16.3,
        "revenue": 698,
        "sgaExpense": 86.6,
        "totalOperatingExpense": 105.6,
        "totalOtherIncomeExpenseNet": -0.2
      },
      {
        "costOfGoodsSold": 475.2,
        "dilutedAverageSharesOutstanding": 73.4,
        "dilutedEPS": 1.7725,
        "ebit": 167.9,
        "equityEarningsAffiliates": 2,
        "grossIncome": 273.6,
        "interestExpense": -0.8,
        "interestIncomeExpense": 2.7,
        "netIncome": 130.1,
        "netIncomeAfterTaxes": 128.1,
        "nonRecurringItems": -5.4,
        "otherOperatingExpensesTotal": 1.9,
        "period": "2024-12-31",
        "pretaxIncome": 164.9,
        "provisionforIncomeTaxes": 36.8,
        "researchDevelopment": 18.5,
        "revenue": 748.8,
        "sgaExpense": 85.3,
        "totalOperatingExpense": 105.7,
        "totalOtherIncomeExpenseNet": -0.3
      },
      {
        "costOfGoodsSold": 482.2,
        "dilutedAverageSharesOutstanding": 73.4,
        "dilutedEPS": 1.8529,
        "ebit": 163.9,
        "equityEarningsAffiliates": 3.9,
        "grossIncome": 264.7,
        "interestExpense": 0.7,
        "interestIncomeExpense": -0.2,
        "netIncome": 136,
        "netIncomeAfterTaxes": 132.1,
        "nonRecurringItems": 1.5,
        "otherOperatingExpensesTotal": 1.8,
        "period": "2024-09-30",
        "pretaxIncome": 164.5,
        "provisionforIncomeTaxes": 32.4,
        "researchDevelopment": 15.5,
        "revenue": 746.9,
        "sgaExpense": 83.5,
        "totalOperatingExpense": 100.8,
        "totalOtherIncomeExpenseNet": -0.7
      },
      {
        "costOfGoodsSold": 472.1,
        "dilutedAverageSharesOutstanding": 73.7,
        "dilutedEPS": 1.5102,
        "ebit": 128.5,
        "equityEarningsAffiliates": 4.5,
        "grossIncome": 230,
        "interestExpense": 1.5,
        "interestIncomeExpense": 0.5,
        "netIncome": 111.3,
        "netIncomeAfterTaxes": 106.8,
        "nonRecurringItems": -0.3,
        "otherOperatingExpensesTotal": 1,
        "period": "2024-06-30",
        "pretaxIncome": 128.7,
        "provisionforIncomeTaxes": 21.9,
        "researchDevelopment": 17.5,
        "revenue": 702.1,
        "sgaExpense": 83,
        "totalOperatingExpense": 101.5,
        "totalOtherIncomeExpenseNet": 0
      },
      {
        "costOfGoodsSold": 465.2,
        "dilutedAverageSharesOutstanding": 74.3,
        "dilutedEPS": 1.5518,
        "ebit": 124.6,
        "equityEarningsAffiliates": 4.3,
        "grossIncome": 230.2,
        "interestExpense": 1.6,
        "interestIncomeExpense": 3.4,
        "netIncome": 115.3,
        "netIncomeAfterTaxes": 111,
        "nonRecurringItems": -0.6,
        "otherOperatingExpensesTotal": 1.3,
        "period": "2024-03-31",
        "pretaxIncome": 127.4,
        "provisionforIncomeTaxes": 16.4,
        "researchDevelopment": 17.6,
        "revenue": 695.4,
        "sgaExpense": 86.7,
        "totalOperatingExpense": 105.6
      },
      {
        "costOfGoodsSold": 453.8,
        "dilutedAverageSharesOutstanding": 74.7,
        "dilutedEPS": 1.834,
        "ebit": 168.8,
        "equityEarningsAffiliates": 3.3,
        "grossIncome": 278.2,
        "interestExpense": 1.2,
        "interestIncomeExpense": 1,
        "netIncome": 137,
        "netIncomeAfterTaxes": 133.7,
        "nonRecurringItems": -0.7,
        "otherOperatingExpensesTotal": 1,
        "period": "2023-12-31",
        "pretaxIncome": 168.2,
        "provisionforIncomeTaxes": 34.5,
        "researchDevelopment": 18.4,
        "revenue": 732,
        "sgaExpense": 90,
        "totalOperatingExpense": 109.4,
        "totalOtherIncomeExpenseNet": -0.9
      },
      {
        "costOfGoodsSold": 459.1,
        "dilutedAverageSharesOutstanding": 75.3,
        "dilutedEPS": 2.1421,
        "ebit": 182.1,
        "equityEarningsAffiliates": 3.7,
        "grossIncome": 288.3,
        "interestExpense": 2.9,
        "interestIncomeExpense": 4.6,
        "netIncome": 161.3,
        "netIncomeAfterTaxes": 157.6,
        "nonRecurringItems": -3.5,
        "otherOperatingExpensesTotal": 0.8,
        "period": "2023-09-30",
        "pretaxIncome": 187,
        "provisionforIncomeTaxes": 29.4,
        "researchDevelopment": 16.4,
        "revenue": 747.4,
        "sgaExpense": 89,
        "totalOperatingExpense": 106.2,
        "totalOtherIncomeExpenseNet": 3.8
      },
      {
        "costOfGoodsSold": 462.4,
        "dilutedAverageSharesOutstanding": 75.4,
        "dilutedEPS": 2.057,
        "ebit": 186.1,
        "equityEarningsAffiliates": 5,
        "grossIncome": 291.4,
        "interestExpense": 2.7,
        "interestIncomeExpense": 1.6,
        "netIncome": 155.1,
        "netIncomeAfterTaxes": 150.1,
        "nonRecurringItems": -3.5,
        "otherOperatingExpensesTotal": 0.4,
        "period": "2023-06-30",
        "pretaxIncome": 184.9,
        "provisionforIncomeTaxes": 34.8,
        "researchDevelopment": 16.5,
        "revenue": 753.8,
        "sgaExpense": 88.4,
        "totalOperatingExpense": 105.3,
        "totalOtherIncomeExpenseNet": 0.7
      },
      {
        "costOfGoodsSold": 445.3,
        "dilutedAverageSharesOutstanding": 75.7,
        "dilutedEPS": 1.8494,
        "ebit": 168.1,
        "equityEarningsAffiliates": 5.7,
        "grossIncome": 271.3,
        "interestExpense": 2.2,
        "interestIncomeExpense": 1.1,
        "netIncome": 140,
        "netIncomeAfterTaxes": 134.3,
        "nonRecurringItems": -11.3,
        "otherOperatingExpensesTotal": 0.1,
        "period": "2023-03-31",
        "pretaxIncome": 157.9,
        "provisionforIncomeTaxes": 23.6,
        "researchDevelopment": 17.1,
        "revenue": 716.6,
        "sgaExpense": 86,
        "totalOperatingExpense": 103.2
      },
      {
        "costOfGoodsSold": 446.6,
        "dilutedAverageSharesOutstanding": 75.5,
        "dilutedEPS": 1.36,
        "ebit": 155.3,
        "equityEarningsAffiliates": 3.2,
        "grossIncome": 262.1,
        "interestExpense": 1.7,
        "interestIncomeExpense": 2.2,
        "netIncome": 103,
        "netIncomeAfterTaxes": 97.3,
        "nonRecurringItems": -28,
        "otherOperatingExpensesTotal": 5.2,
        "period": "2022-12-31",
        "pretaxIncome": 128.7,
        "provisionforIncomeTaxes": 31.4,
        "researchDevelopment": 15.9,
        "revenue": 708.7,
        "sgaExpense": 85.7,
        "totalOperatingExpense": 106.8,
        "totalOtherIncomeExpenseNet": -0.8
      },
      {
        "costOfGoodsSold": 418.9,
        "dilutedAverageSharesOutstanding": 75.7,
        "dilutedEPS": 1.59,
        "ebit": 184,
        "equityEarningsAffiliates": 4.8,
        "grossIncome": 268,
        "interestExpense": 2.2,
        "interestIncomeExpense": 1.5,
        "netIncome": 120.6,
        "netIncomeAfterTaxes": 119,
        "nonRecurringItems": -49.6,
        "otherOperatingExpensesTotal": 4.1,
        "period": "2022-09-30",
        "pretaxIncome": 136.2,
        "provisionforIncomeTaxes": 17.2,
        "researchDevelopment": 13.6,
        "revenue": 686.9,
        "sgaExpense": 66.3,
        "totalOperatingExpense": 84,
        "totalOtherIncomeExpenseNet": 0.3
      },
      {
        "costOfGoodsSold": 449.8,
        "dilutedAverageSharesOutstanding": 75.8,
        "dilutedEPS": 2.49,
        "ebit": 225.5,
        "equityEarningsAffiliates": 5.5,
        "grossIncome": 321.5,
        "interestExpense": 1.8,
        "interestIncomeExpense": -0.1,
        "netIncome": 188.5,
        "netIncomeAfterTaxes": 183,
        "nonRecurringItems": 1,
        "otherOperatingExpensesTotal": 0.1,
        "period": "2022-06-30",
        "pretaxIncome": 227.2,
        "provisionforIncomeTaxes": 44.2,
        "researchDevelopment": 14.4,
        "revenue": 771.3,
        "sgaExpense": 81.5,
        "totalOperatingExpense": 96,
        "totalOtherIncomeExpenseNet": 0.8
      },
      {
        "costOfGoodsSold": 435.4,
        "dilutedAverageSharesOutstanding": 76,
        "dilutedEPS": 2.29,
        "ebit": 188.6,
        "equityEarningsAffiliates": 7.2,
        "grossIncome": 284.6,
        "interestExpense": 2.2,
        "interestIncomeExpense": -0.8,
        "netIncome": 173.8,
        "netIncomeAfterTaxes": 166.6,
        "nonRecurringItems": -0.6,
        "otherOperatingExpensesTotal": -2,
        "period": "2022-03-31",
        "pretaxIncome": 187.8,
        "provisionforIncomeTaxes": 21.2,
        "researchDevelopment": 14.6,
        "revenue": 720,
        "sgaExpense": 83.4,
        "totalOperatingExpense": 96,
        "totalOtherIncomeExpenseNet": 0.6
      },
      {
        "costOfGoodsSold": 428.3,
        "dilutedAverageSharesOutstanding": 77.8,
        "dilutedEPS": 1.9,
        "ebit": 188.3,
        "equityEarningsAffiliates": 0,
        "grossIncome": 302.5,
        "interestExpense": 2.6,
        "interestIncomeExpense": -3.4,
        "netIncome": 147.7,
        "netIncomeAfterTaxes": 147.7,
        "nonRecurringItems": -4.4,
        "otherOperatingExpensesTotal": 3.4,
        "period": "2021-12-31",
        "pretaxIncome": 181.9,
        "provisionforIncomeTaxes": 34.2,
        "researchDevelopment": 13.7,
        "revenue": 730.8,
        "sgaExpense": 97.1,
        "totalOperatingExpense": 114.2,
        "totalOtherIncomeExpenseNet": 1.4
      },
      {
        "costOfGoodsSold": 418.3,
        "dilutedAverageSharesOutstanding": 76,
        "dilutedEPS": 2.31,
        "ebit": 182.4,
        "equityEarningsAffiliates": 6.5,
        "grossIncome": 288.2,
        "interestExpense": 1.8,
        "interestIncomeExpense": -1.8,
        "netIncome": 175.6,
        "netIncomeAfterTaxes": 169.1,
        "nonRecurringItems": -0.6,
        "otherOperatingExpensesTotal": 0.8,
        "period": "2021-09-30",
        "pretaxIncome": 181.1,
        "provisionforIncomeTaxes": 12,
        "researchDevelopment": 13.1,
        "revenue": 706.5,
        "sgaExpense": 91.9,
        "totalOperatingExpense": 105.8,
        "totalOtherIncomeExpenseNet": 1.1
      },
      {
        "costOfGoodsSold": 408.5,
        "dilutedAverageSharesOutstanding": 75.7,
        "dilutedEPS": 2.46,
        "ebit": 209.9,
        "equityEarningsAffiliates": 8.6,
        "grossIncome": 315.1,
        "interestExpense": 1.9,
        "interestIncomeExpense": 0.9,
        "netIncome": 187.3,
        "netIncomeAfterTaxes": 177.3,
        "nonRecurringItems": -1.3,
        "otherOperatingExpensesTotal": -1.3,
        "period": "2021-06-30",
        "pretaxIncome": 211,
        "provisionforIncomeTaxes": 33.7,
        "researchDevelopment": 13.8,
        "revenue": 723.6,
        "sgaExpense": 92.7,
        "totalOperatingExpense": 105.2,
        "totalOtherIncomeExpenseNet": 1.5
      },
      {
        "costOfGoodsSold": 398.8,
        "dilutedAverageSharesOutstanding": 75.8,
        "dilutedEPS": 1.99,
        "ebit": 176.6,
        "equityEarningsAffiliates": 5,
        "grossIncome": 271.9,
        "interestExpense": 1.9,
        "interestIncomeExpense": -1.5,
        "netIncome": 151.2,
        "netIncomeAfterTaxes": 146.2,
        "nonRecurringItems": -1.8,
        "otherOperatingExpensesTotal": 2.9,
        "period": "2021-03-31",
        "pretaxIncome": 174.9,
        "provisionforIncomeTaxes": 28.7,
        "researchDevelopment": 12.2,
        "revenue": 670.7,
        "sgaExpense": 80.2,
        "totalOperatingExpense": 95.3,
        "totalOtherIncomeExpenseNet": 1.6
      },
      {
        "costOfGoodsSold": 369.1,
        "dilutedAverageSharesOutstanding": 76.4,
        "dilutedEPS": 1.29,
        "ebit": 119.7,
        "equityEarningsAffiliates": 3.7,
        "grossIncome": 211.1,
        "interestExpense": 2.1,
        "interestIncomeExpense": -4.9,
        "netIncome": 98.4,
        "netIncomeAfterTaxes": 94.7,
        "nonRecurringItems": -0.6,
        "otherOperatingExpensesTotal": 2.2,
        "period": "2020-12-31",
        "pretaxIncome": 115.1,
        "provisionforIncomeTaxes": 20.4,
        "researchDevelopment": 12.9,
        "revenue": 580.2,
        "sgaExpense": 76.3,
        "totalOperatingExpense": 91.4,
        "totalOtherIncomeExpenseNet": 0.9
      },
      {
        "costOfGoodsSold": 353.4,
        "dilutedAverageSharesOutstanding": 75.8,
        "dilutedEPS": 1.09,
        "ebit": 105.6,
        "equityEarningsAffiliates": 5.7,
        "grossIncome": 194.6,
        "interestExpense": 2.1,
        "interestIncomeExpense": -2.9,
        "netIncome": 82.3,
        "netIncomeAfterTaxes": 76.6,
        "nonRecurringItems": -5.4,
        "otherOperatingExpensesTotal": 0.3,
        "period": "2020-09-30",
        "pretaxIncome": 97.7,
        "provisionforIncomeTaxes": 21.1,
        "researchDevelopment": 12.5,
        "revenue": 548,
        "sgaExpense": 76.2,
        "totalOperatingExpense": 89,
        "totalOtherIncomeExpenseNet": 0.4
      },
      {
        "costOfGoodsSold": 332.1,
        "dilutedAverageSharesOutstanding": 75.5,
        "dilutedEPS": 1.21,
        "ebit": 107.9,
        "equityEarningsAffiliates": 5.2,
        "grossIncome": 195.1,
        "interestExpense": 2,
        "interestIncomeExpense": 0.2,
        "netIncome": 91.2,
        "netIncomeAfterTaxes": 86,
        "nonRecurringItems": -6.3,
        "otherOperatingExpensesTotal": -1.3,
        "period": "2020-06-30",
        "pretaxIncome": 102,
        "provisionforIncomeTaxes": 16,
        "researchDevelopment": 10.8,
        "revenue": 527.2,
        "sgaExpense": 77.7,
        "totalOperatingExpense": 87.2,
        "totalOtherIncomeExpenseNet": 0.2
      },
      {
        "costOfGoodsSold": 324.5,
        "dilutedAverageSharesOutstanding": 75.5,
        "dilutedEPS": 0.98,
        "ebit": 83.2,
        "equityEarningsAffiliates": 2.8,
        "grossIncome": 167,
        "interestExpense": 2,
        "interestIncomeExpense": 3.6,
        "netIncome": 74.3,
        "netIncomeAfterTaxes": 71.5,
        "nonRecurringItems": 0,
        "otherOperatingExpensesTotal": 1.3,
        "period": "2020-03-31",
        "pretaxIncome": 86.5,
        "provisionforIncomeTaxes": 15,
        "researchDevelopment": 10.7,
        "revenue": 491.5,
        "sgaExpense": 71.8,
        "totalOperatingExpense": 83.8,
        "totalOtherIncomeExpenseNet": -0.3
      },
      {
        "costOfGoodsSold": 317.4,
        "dilutedAverageSharesOutstanding": 75.7,
        "dilutedEPS": 0.84,
        "ebit": 79.2,
        "equityEarningsAffiliates": 3,
        "grossIncome": 153.2,
        "interestExpense": 2,
        "interestIncomeExpense": -0.8,
        "netIncome": 63.9,
        "netIncomeAfterTaxes": 60.9,
        "nonRecurringItems": -1.1,
        "otherOperatingExpensesTotal": -5.2,
        "period": "2019-12-31",
        "pretaxIncome": 77.4,
        "provisionforIncomeTaxes": 16.5,
        "researchDevelopment": 10.2,
        "revenue": 470.6,
        "sgaExpense": 69,
        "totalOperatingExpense": 74,
        "totalOtherIncomeExpenseNet": 0.1
      },
      {
        "costOfGoodsSold": 308.3,
        "dilutedAverageSharesOutstanding": 75.5,
        "dilutedEPS": 0.75,
        "ebit": 70.1,
        "equityEarningsAffiliates": 2.3,
        "grossIncome": 147.8,
        "interestExpense": 2,
        "interestIncomeExpense": -1.1,
        "netIncome": 56.3,
        "netIncomeAfterTaxes": 54,
        "nonRecurringItems": -2.8,
        "otherOperatingExpensesTotal": 3.6,
        "period": "2019-09-30",
        "pretaxIncome": 64.9,
        "provisionforIncomeTaxes": 10.9,
        "researchDevelopment": 9.3,
        "revenue": 456.1,
        "sgaExpense": 64.8,
        "totalOperatingExpense": 77.7,
        "totalOtherIncomeExpenseNet": -1.3
      },
      {
        "costOfGoodsSold": 311.8,
        "dilutedAverageSharesOutstanding": 75.1,
        "dilutedEPS": 0.88,
        "ebit": 81.9,
        "equityEarningsAffiliates": 2,
        "grossIncome": 157.9,
        "interestExpense": 1.9,
        "interestIncomeExpense": -1.4,
        "netIncome": 66.1,
        "netIncomeAfterTaxes": 64.1,
        "nonRecurringItems": -1.4,
        "otherOperatingExpensesTotal": -3.9,
        "period": "2019-06-30",
        "pretaxIncome": 79.6,
        "provisionforIncomeTaxes": 15.5,
        "researchDevelopment": 9.6,
        "revenue": 469.7,
        "sgaExpense": 70.3,
        "totalOperatingExpense": 76,
        "totalOtherIncomeExpenseNet": 0.5
      },
      {
        "costOfGoodsSold": 296.7,
        "dilutedAverageSharesOutstanding": 75.3,
        "dilutedEPS": 0.74,
        "ebit": 71.3,
        "equityEarningsAffiliates": 1.6,
        "grossIncome": 146.8,
        "interestExpense": 2.3,
        "interestIncomeExpense": -1.4,
        "netIncome": 55.4,
        "netIncomeAfterTaxes": 53.8,
        "nonRecurringItems": -0.6,
        "otherOperatingExpensesTotal": -2.9,
        "period": "2019-03-31",
        "pretaxIncome": 69.9,
        "provisionforIncomeTaxes": 16.1,
        "researchDevelopment": 9.8,
        "revenue": 443.5,
        "sgaExpense": 68.6,
        "totalOperatingExpense": 75.5,
        "totalOtherIncomeExpenseNet": 0.6
      },
      {
        "costOfGoodsSold": 289.3,
        "dilutedAverageSharesOutstanding": 75.4,
        "dilutedEPS": 0.68,
        "ebit": 68.2,
        "equityEarningsAffiliates": 1.1,
        "grossIncome": 133.2,
        "interestExpense": 2.2,
        "interestIncomeExpense": -1.6,
        "netIncome": 52,
        "netIncomeAfterTaxes": 48.1,
        "nonRecurringItems": -2.4,
        "otherOperatingExpensesTotal": -4.5,
        "period": "2018-12-31",
        "pretaxIncome": 65.8,
        "provisionforIncomeTaxes": 17.7,
        "researchDevelopment": 9.8,
        "revenue": 422.5,
        "sgaExpense": 59.7,
        "totalOperatingExpense": 65,
        "totalOtherIncomeExpenseNet": 1.6
      },
      {
        "costOfGoodsSold": 296.1,
        "dilutedAverageSharesOutstanding": 75.7,
        "dilutedEPS": 0.73,
        "ebit": 63.1,
        "equityEarningsAffiliates": 2.1,
        "grossIncome": 135.6,
        "interestExpense": 1.9,
        "interestIncomeExpense": -1.5,
        "netIncome": 55.2,
        "netIncomeAfterTaxes": 53.1,
        "nonRecurringItems": -2.3,
        "otherOperatingExpensesTotal": -2.5,
        "period": "2018-09-30",
        "pretaxIncome": 61.1,
        "provisionforIncomeTaxes": 8,
        "researchDevelopment": 10.1,
        "revenue": 431.7,
        "sgaExpense": 64.9,
        "totalOperatingExpense": 72.5,
        "totalOtherIncomeExpenseNet": 1.8
      },
      {
        "costOfGoodsSold": 305.3,
        "dilutedAverageSharesOutstanding": 75,
        "dilutedEPS": 0.75,
        "ebit": 62.5,
        "equityEarningsAffiliates": 2,
        "grossIncome": 142.2,
        "interestExpense": 2.2,
        "interestIncomeExpense": -1.9,
        "netIncome": 56.1,
        "netIncomeAfterTaxes": 54.1,
        "nonRecurringItems": -2.2,
        "otherOperatingExpensesTotal": -1.1,
        "period": "2018-06-30",
        "pretaxIncome": 60.1,
        "provisionforIncomeTaxes": 6,
        "researchDevelopment": 10.8,
        "revenue": 447.5,
        "sgaExpense": 70,
        "totalOperatingExpense": 79.7,
        "totalOtherIncomeExpenseNet": 1.7
      },
      {
        "costOfGoodsSold": 281.3,
        "dilutedAverageSharesOutstanding": 75.5,
        "dilutedEPS": 0.58,
        "ebit": 56.7,
        "equityEarningsAffiliates": 2.4,
        "grossIncome": 134.4,
        "interestExpense": 1.8,
        "interestIncomeExpense": -1.3,
        "netIncome": 43.6,
        "netIncomeAfterTaxes": 41.5,
        "nonRecurringItems": -3.3,
        "otherOperatingExpensesTotal": -0.2,
        "period": "2018-03-31",
        "pretaxIncome": 53.7,
        "provisionforIncomeTaxes": 12.2,
        "researchDevelopment": 9.6,
        "revenue": 415.7,
        "sgaExpense": 68.3,
        "totalOperatingExpense": 77.7,
        "totalOtherIncomeExpenseNet": 1.6
      },
      {
        "costOfGoodsSold": 287.1,
        "dilutedAverageSharesOutstanding": 75.8,
        "dilutedEPS": 0,
        "ebit": 61,
        "equityEarningsAffiliates": 2.5,
        "grossIncome": 128.5,
        "interestExpense": 2.1,
        "interestIncomeExpense": -1.7,
        "netIncome": 0,
        "netIncomeAfterTaxes": 79.4,
        "nonRecurringItems": 0,
        "otherOperatingExpensesTotal": -1.1,
        "period": "2017-12-31",
        "pretaxIncome": 59.3,
        "provisionforIncomeTaxes": -20.1,
        "researchDevelopment": 9.7,
        "revenue": 415.6,
        "sgaExpense": 58.9,
        "totalOperatingExpense": 67.5
      },
      {
        "costOfGoodsSold": 273.2,
        "dilutedAverageSharesOutstanding": 75.9,
        "dilutedEPS": 0.67,
        "ebit": 63.9,
        "equityEarningsAffiliates": 2.1,
        "grossIncome": 125,
        "interestExpense": 1,
        "interestIncomeExpense": -1,
        "netIncome": 51,
        "netIncomeAfterTaxes": 48.9,
        "nonRecurringItems": 0,
        "otherOperatingExpensesTotal": -9.5,
        "period": "2017-09-30",
        "pretaxIncome": 62.9,
        "provisionforIncomeTaxes": 14,
        "researchDevelopment": 9.1,
        "revenue": 398.2,
        "sgaExpense": 61.5,
        "totalOperatingExpense": 61.1
      },
      {
        "costOfGoodsSold": 272.6,
        "dilutedAverageSharesOutstanding": 75.8,
        "dilutedEPS": 0.51,
        "ebit": 53.8,
        "equityEarningsAffiliates": 1,
        "grossIncome": 125,
        "interestExpense": 2.1,
        "interestIncomeExpense": -2,
        "netIncome": 38.8,
        "netIncomeAfterTaxes": 37.8,
        "nonRecurringItems": -11.1,
        "otherOperatingExpensesTotal": 0.6,
        "period": "2017-06-30",
        "pretaxIncome": 40.7,
        "provisionforIncomeTaxes": 2.9,
        "researchDevelopment": 10,
        "revenue": 397.6,
        "sgaExpense": 60.6,
        "totalOperatingExpense": 71.2
      },
      {
        "costOfGoodsSold": 253.6,
        "dilutedAverageSharesOutstanding": 74.9,
        "dilutedEPS": 0.81,
        "ebit": 61.3,
        "equityEarningsAffiliates": 3.6,
        "grossIncome": 134.1,
        "interestExpense": 1.9,
        "interestIncomeExpense": -1.8,
        "netIncome": 60.9,
        "netIncomeAfterTaxes": 57.3,
        "nonRecurringItems": 0,
        "otherOperatingExpensesTotal": 0.9,
        "period": "2017-03-31",
        "pretaxIncome": 59.5,
        "provisionforIncomeTaxes": 2.2,
        "researchDevelopment": 10.3,
        "revenue": 387.7,
        "sgaExpense": 61.6,
        "totalOperatingExpense": 72.8
      },
      {
        "costOfGoodsSold": 258.9,
        "dilutedAverageSharesOutstanding": 75.9,
        "dilutedEPS": 0.52,
        "ebit": 57,
        "equityEarningsAffiliates": 2,
        "grossIncome": 123.4,
        "interestExpense": 1.4,
        "interestIncomeExpense": -1.1,
        "netIncome": 39.1,
        "netIncomeAfterTaxes": 37.1,
        "nonRecurringItems": -2.7,
        "otherOperatingExpensesTotal": -4.1,
        "period": "2016-12-31",
        "pretaxIncome": 53.2,
        "provisionforIncomeTaxes": 16.1,
        "researchDevelopment": 9.6,
        "revenue": 382.3,
        "sgaExpense": 60.9,
        "totalOperatingExpense": 66.4
      },
      {
        "costOfGoodsSold": 255.6,
        "dilutedAverageSharesOutstanding": 75,
        "dilutedEPS": 0.5,
        "ebit": 53.6,
        "equityEarningsAffiliates": 2.7,
        "grossIncome": 121.1,
        "interestExpense": 2.2,
        "interestIncomeExpense": -2,
        "netIncome": 37.6,
        "netIncomeAfterTaxes": 34.9,
        "nonRecurringItems": -2.3,
        "otherOperatingExpensesTotal": 0.2,
        "period": "2016-09-30",
        "pretaxIncome": 49.3,
        "provisionforIncomeTaxes": 14.4,
        "researchDevelopment": 9,
        "revenue": 376.7,
        "sgaExpense": 58.3,
        "totalOperatingExpense": 67.5
      },
      {
        "costOfGoodsSold": 254.7,
        "dilutedAverageSharesOutstanding": 74.8,
        "dilutedEPS": 0.6,
        "ebit": 59.7,
        "equityEarningsAffiliates": 2.2,
        "grossIncome": 133.3,
        "interestExpense": 2,
        "interestIncomeExpense": -1.7,
        "netIncome": 44.7,
        "netIncomeAfterTaxes": 42.5,
        "nonRecurringItems": 1.5,
        "otherOperatingExpensesTotal": 2.3,
        "period": "2016-06-30",
        "pretaxIncome": 59.5,
        "provisionforIncomeTaxes": 17,
        "researchDevelopment": 8.8,
        "revenue": 388,
        "sgaExpense": 62.5,
        "totalOperatingExpense": 73.6
      },
      {
        "costOfGoodsSold": 238.8,
        "dilutedAverageSharesOutstanding": 74.1,
        "dilutedEPS": 0.3,
        "ebit": 55.6,
        "equityEarningsAffiliates": 1.2,
        "grossIncome": 123.3,
        "interestExpense": 2.5,
        "interestIncomeExpense": -2.2,
        "netIncome": 22.1,
        "netIncomeAfterTaxes": 20.9,
        "nonRecurringItems": -25.6,
        "otherOperatingExpensesTotal": 0.2,
        "period": "2016-03-31",
        "pretaxIncome": 27.8,
        "provisionforIncomeTaxes": 6.9,
        "researchDevelopment": 9.4,
        "revenue": 362.1,
        "sgaExpense": 58.1,
        "totalOperatingExpense": 67.7
      },
      {
        "costOfGoodsSold": 240.1,
        "dilutedAverageSharesOutstanding": 74.4,
        "dilutedEPS": 0.45,
        "ebit": 45.2,
        "equityEarningsAffiliates": 2,
        "grossIncome": 119.6,
        "interestExpense": 2.9,
        "interestIncomeExpense": -2.6,
        "netIncome": 33.4,
        "netIncomeAfterTaxes": 31.4,
        "nonRecurringItems": 0,
        "otherOperatingExpensesTotal": 2,
        "period": "2015-12-31",
        "pretaxIncome": 42.6,
        "provisionforIncomeTaxes": 11.2,
        "researchDevelopment": 10,
        "revenue": 359.7,
        "sgaExpense": 62.4,
        "totalOperatingExpense": 74.4
      },
      {
        "costOfGoodsSold": 236.2,
        "dilutedAverageSharesOutstanding": 73.9,
        "dilutedEPS": 0.02,
        "ebit": -3.5,
        "equityEarningsAffiliates": 1.6,
        "grossIncome": 108.3,
        "interestExpense": 3.7,
        "interestIncomeExpense": -3.2,
        "netIncome": 1.5,
        "netIncomeAfterTaxes": -0.1,
        "otherOperatingExpensesTotal": 48.7,
        "period": "2015-09-30",
        "pretaxIncome": -6.7,
        "provisionforIncomeTaxes": -6.6,
        "researchDevelopment": 8.5,
        "revenue": 344.5,
        "sgaExpense": 54.6,
        "totalOperatingExpense": 111.8
      }
    ],
    "symbol": "WST"
  }
}