{
  "symbol": "DAL",
  "statement": "ic",
  "frequency": "annual",
  "timestamp": "2025-09-19T13:59:03.293849",
  "data": {
    "financials": [
      {
        "costOfGoodsSold": 30640,
        "depreciationAmortization": 2513,
        "dilutedAverageSharesOutstanding": 648,
        "dilutedEPS": 5.33,
        "ebit": 5995,
        "grossIncome": 31003,
        "interestExpense": 54,
        "interestIncomeExpense": -1066,
        "netIncome": 3457,
        "netIncomeAfterTaxes": 3457,
        "nonRecurringItems": -39,
        "otherOperatingExpensesTotal": 2460,
        "period": "2024-12-31",
        "pretaxIncome": 4658,
        "provisionforIncomeTaxes": 1201,
        "revenue": 61643,
        "sgaExpense": 20035,
        "totalOperatingExpense": 25008,
        "totalOtherIncomeExpenseNet": -232,
        "year": 2024
      },
      {
        "costOfGoodsSold": 28759,
        "depreciationAmortization": 2341,
        "dilutedAverageSharesOutstanding": 643,
        "dilutedEPS": 7.17,
        "ebit": 6385,
        "grossIncome": 29289,
        "interestExpense": 42,
        "interestIncomeExpense": 429,
        "netIncome": 4609,
        "netIncomeAfterTaxes": 4609,
        "nonRecurringItems": -927,
        "otherOperatingExpensesTotal": 2239,
        "period": "2023-12-31",
        "pretaxIncome": 5608,
        "provisionforIncomeTaxes": 999,
        "revenue": 58048,
        "sgaExpense": 18324,
        "totalOperatingExpense": 22904,
        "totalOtherIncomeExpenseNet": -279,
        "year": 2023
      },
      {
        "costOfGoodsSold": 28758,
        "depreciationAmortization": 2107,
        "dilutedAverageSharesOutstanding": 641,
        "dilutedEPS": 2.06,
        "ebit": 3537,
        "grossIncome": 21824,
        "interestExpense": 45,
        "interestIncomeExpense": -1832,
        "netIncome": 1318,
        "netIncomeAfterTaxes": 1318,
        "nonRecurringItems": 24,
        "otherOperatingExpensesTotal": 1824,
        "period": "2022-12-31",
        "pretaxIncome": 1914,
        "provisionforIncomeTaxes": 596,
        "revenue": 50582,
        "sgaExpense": 14356,
        "totalOperatingExpense": 18287,
        "totalOtherIncomeExpenseNet": 185,
        "year": 2022
      },
      {
        "costOfGoodsSold": 18352,
        "depreciationAmortization": 1998,
        "dilutedAverageSharesOutstanding": 641,
        "dilutedEPS": 0.44,
        "ebit": -2645,
        "grossIncome": 11547,
        "interestExpense": 55,
        "interestIncomeExpense": -1560,
        "netIncome": 280,
        "netIncomeAfterTaxes": 280,
        "nonRecurringItems": 4212,
        "otherOperatingExpensesTotal": 1405,
        "period": "2021-12-31",
        "pretaxIncome": 398,
        "provisionforIncomeTaxes": 118,
        "revenue": 29899,
        "sgaExpense": 10789,
        "totalOperatingExpense": 14192,
        "totalOtherIncomeExpenseNet": 391,
        "year": 2021
      },
      {
        "costOfGoodsSold": 12480,
        "depreciationAmortization": 2312,
        "dilutedAverageSharesOutstanding": 636,
        "dilutedEPS": -19.47,
        "ebit": -8196,
        "grossIncome": 4615,
        "interestExpense": 32,
        "interestIncomeExpense": -3466,
        "netIncome": -12385,
        "netIncomeAfterTaxes": -12385,
        "nonRecurringItems": -4273,
        "otherOperatingExpensesTotal": 1163,
        "period": "2020-12-31",
        "pretaxIncome": -15587,
        "provisionforIncomeTaxes": -3202,
        "revenue": 17095,
        "sgaExpense": 9336,
        "totalOperatingExpense": 12811,
        "totalOtherIncomeExpenseNet": 348,
        "year": 2020
      },
      {
        "costOfGoodsSold": 21135,
        "depreciationAmortization": 2581,
        "dilutedAverageSharesOutstanding": 653,
        "dilutedEPS": 7.3,
        "ebit": 6659,
        "grossIncome": 25872,
        "interestIncomeExpense": -223,
        "netIncome": 4767,
        "netIncomeAfterTaxes": 4767,
        "otherOperatingExpensesTotal": 1771,
        "period": "2019-12-31",
        "pretaxIncome": 6198,
        "provisionforIncomeTaxes": 1431,
        "revenue": 47007,
        "sgaExpense": 14861,
        "totalOperatingExpense": 19213,
        "totalOtherIncomeExpenseNet": -238,
        "year": 2019
      },
      {
        "costOfGoodsSold": 21190,
        "depreciationAmortization": 2329,
        "dilutedAverageSharesOutstanding": 694,
        "dilutedEPS": 5.67,
        "ebit": 5211,
        "grossIncome": 23248,
        "interestIncomeExpense": -244,
        "netIncome": 3935,
        "netIncomeAfterTaxes": 3935,
        "otherOperatingExpensesTotal": 1723,
        "period": "2018-12-31",
        "pretaxIncome": 5151,
        "provisionforIncomeTaxes": 1216,
        "revenue": 44438,
        "sgaExpense": 13985,
        "totalOperatingExpense": 18037,
        "totalOtherIncomeExpenseNet": 184,
        "year": 2018
      },
      {
        "costOfGoodsSold": 18132,
        "depreciationAmortization": 2222,
        "dilutedAverageSharesOutstanding": 723,
        "dilutedEPS": 4.43,
        "ebit": 6225,
        "grossIncome": 23006,
        "interestIncomeExpense": -655,
        "netIncome": 3205,
        "netIncomeAfterTaxes": 3599,
        "otherOperatingExpensesTotal": 1609,
        "period": "2017-12-31",
        "pretaxIncome": 5500,
        "provisionforIncomeTaxes": 1901,
        "revenue": 41138,
        "sgaExpense": 12950,
        "totalOperatingExpense": 16781,
        "totalOtherIncomeExpenseNet": -70,
        "year": 2017
      },
      {
        "costOfGoodsSold": 16237,
        "depreciationAmortization": 1886,
        "dilutedAverageSharesOutstanding": 755,
        "dilutedEPS": 5.56,
        "ebit": 7446,
        "grossIncome": 23213,
        "interestIncomeExpense": -838,
        "netIncome": 4195,
        "netIncomeAfterTaxes": 4195,
        "otherOperatingExpensesTotal": 1621,
        "period": "2016-12-31",
        "pretaxIncome": 6353,
        "provisionforIncomeTaxes": 2158,
        "revenue": 39450,
        "sgaExpense": 12260,
        "totalOperatingExpense": 15767,
        "totalOtherIncomeExpenseNet": -255,
        "year": 2016
      },
      {
        "costOfGoodsSold": 15795,
        "depreciationAmortization": 1835,
        "dilutedAverageSharesOutstanding": 804,
        "dilutedEPS": 5.63,
        "ebit": 9138,
        "grossIncome": 24909,
        "interestExpense": 481,
        "interestIncomeExpense": -1782,
        "netIncome": 4526,
        "netIncomeAfterTaxes": 4526,
        "nonRecurringItems": -35,
        "otherOperatingExpensesTotal": 1998,
        "period": "2015-12-31",
        "pretaxIncome": 7157,
        "provisionforIncomeTaxes": 2631,
        "revenue": 40704,
        "sgaExpense": 11938,
        "totalOperatingExpense": 15771,
        "totalOtherIncomeExpenseNet": -164,
        "year": 2015
      }
    ],
    "symbol": "DAL"
  }
}