{
  "symbol": "LUV",
  "statement": "ic",
  "frequency": "quarterly",
  "timestamp": "2025-09-19T14:06:51.674964",
  "data": {
    "financials": [
      {
        "costOfGoodsSold": 1893,
        "depreciationAmortization": 400,
        "dilutedAverageSharesOutstanding": 541,
        "dilutedEPS": 0.3937,
        "ebit": 225,
        "grossIncome": 5351,
        "interestIncomeExpense": 56,
        "netIncome": 213,
        "netIncomeAfterTaxes": 213,
        "otherOperatingExpensesTotal": 1133,
        "period": "2025-06-30",
        "pretaxIncome": 280,
        "provisionforIncomeTaxes": 67,
        "revenue": 7244,
        "sgaExpense": 3593,
        "totalOperatingExpense": 5126,
        "totalOtherIncomeExpenseNet": -1
      },
      {
        "costOfGoodsSold": 1771,
        "depreciationAmortization": 396,
        "dilutedAverageSharesOutstanding": 584,
        "dilutedEPS": -0.2551,
        "ebit": -223,
        "grossIncome": 4657,
        "interestExpense": 35,
        "interestIncomeExpense": 49,
        "netIncome": -149,
        "netIncomeAfterTaxes": -149,
        "otherOperatingExpensesTotal": 1090,
        "period": "2025-03-31",
        "pretaxIncome": -192,
        "provisionforIncomeTaxes": -43,
        "revenue": 6428,
        "sgaExpense": 3394,
        "totalOperatingExpense": 4880,
        "totalOtherIncomeExpenseNet": -18
      },
      {
        "costOfGoodsSold": 1758,
        "depreciationAmortization": 407,
        "dilutedAverageSharesOutstanding": 643,
        "dilutedEPS": 0.4059,
        "ebit": 278,
        "grossIncome": 5172,
        "interestExpense": 47,
        "interestIncomeExpense": 51,
        "netIncome": 261,
        "netIncomeAfterTaxes": 261,
        "nonRecurringItems": -2,
        "otherOperatingExpensesTotal": 950,
        "period": "2024-12-31",
        "pretaxIncome": 329,
        "provisionforIncomeTaxes": 68,
        "revenue": 6930,
        "sgaExpense": 3537,
        "totalOperatingExpense": 4894,
        "totalOtherIncomeExpenseNet": 2
      },
      {
        "costOfGoodsSold": 1910,
        "depreciationAmortization": 438,
        "dilutedAverageSharesOutstanding": 601,
        "dilutedEPS": 0.1115,
        "ebit": 38,
        "grossIncome": 4960,
        "interestExpense": 54,
        "interestIncomeExpense": 33,
        "netIncome": 67,
        "netIncomeAfterTaxes": 67,
        "otherOperatingExpensesTotal": 1079,
        "period": "2024-09-30",
        "pretaxIncome": 89,
        "provisionforIncomeTaxes": 22,
        "revenue": 6870,
        "sgaExpense": 3405,
        "totalOperatingExpense": 4922,
        "totalOtherIncomeExpenseNet": 18
      },
      {
        "costOfGoodsSold": 2110,
        "depreciationAmortization": 404,
        "dilutedAverageSharesOutstanding": 643,
        "dilutedEPS": 0.5708,
        "ebit": 398,
        "grossIncome": 5244,
        "interestExpense": 55,
        "interestIncomeExpense": 75,
        "netIncome": 367,
        "netIncomeAfterTaxes": 367,
        "otherOperatingExpensesTotal": 1093,
        "period": "2024-06-30",
        "pretaxIncome": 478,
        "provisionforIncomeTaxes": 111,
        "revenue": 7354,
        "sgaExpense": 3349,
        "totalOperatingExpense": 4846,
        "totalOtherIncomeExpenseNet": 5
      },
      {
        "costOfGoodsSold": 1995,
        "depreciationAmortization": 408,
        "dilutedAverageSharesOutstanding": 597,
        "dilutedEPS": -0.3869,
        "ebit": -393,
        "grossIncome": 4334,
        "interestExpense": 58,
        "interestIncomeExpense": 83,
        "netIncome": -231,
        "netIncomeAfterTaxes": -231,
        "otherOperatingExpensesTotal": 1018,
        "period": "2024-03-31",
        "pretaxIncome": -298,
        "provisionforIncomeTaxes": -67,
        "revenue": 6329,
        "sgaExpense": 3301,
        "totalOperatingExpense": 4727,
        "totalOtherIncomeExpenseNet": 12
      },
      {
        "costOfGoodsSold": 2168,
        "depreciationAmortization": 415,
        "dilutedAverageSharesOutstanding": 595,
        "dilutedEPS": -0.4235,
        "ebit": -297,
        "grossIncome": 4655,
        "interestExpense": 58,
        "interestIncomeExpense": 100,
        "netIncome": -252,
        "netIncomeAfterTaxes": -252,
        "nonRecurringItems": -107,
        "otherOperatingExpensesTotal": 1024,
        "period": "2023-12-31",
        "pretaxIncome": -286,
        "provisionforIncomeTaxes": -34,
        "revenue": 6823,
        "sgaExpense": 3513,
        "totalOperatingExpense": 4952,
        "totalOtherIncomeExpenseNet": 18
      },
      {
        "costOfGoodsSold": 2021,
        "depreciationAmortization": 375,
        "dilutedAverageSharesOutstanding": 640,
        "dilutedEPS": 0.3,
        "ebit": 117,
        "grossIncome": 4504,
        "interestExpense": 59,
        "interestIncomeExpense": 97,
        "netIncome": 193,
        "netIncomeAfterTaxes": 193,
        "nonRecurringItems": 0,
        "otherOperatingExpensesTotal": 958,
        "period": "2023-09-30",
        "pretaxIncome": 237,
        "provisionforIncomeTaxes": 44,
        "revenue": 6525,
        "sgaExpense": 3054,
        "totalOperatingExpense": 4387,
        "totalOtherIncomeExpenseNet": 23
      },
      {
        "costOfGoodsSold": 1862,
        "depreciationAmortization": 367,
        "dilutedAverageSharesOutstanding": 639,
        "dilutedEPS": 1.07,
        "ebit": 795,
        "grossIncome": 5175,
        "interestExpense": 60,
        "interestIncomeExpense": 84,
        "netIncome": 683,
        "netIncomeAfterTaxes": 683,
        "nonRecurringItems": 0,
        "otherOperatingExpensesTotal": 956,
        "period": "2023-06-30",
        "pretaxIncome": 886,
        "provisionforIncomeTaxes": 203,
        "revenue": 7037,
        "sgaExpense": 3057,
        "totalOperatingExpense": 4380,
        "totalOtherIncomeExpenseNet": 7
      },
      {
        "costOfGoodsSold": 1955,
        "depreciationAmortization": 365,
        "dilutedAverageSharesOutstanding": 594,
        "dilutedEPS": -0.27,
        "ebit": -284,
        "grossIncome": 3751,
        "interestExpense": 60,
        "interestIncomeExpense": 69,
        "netIncome": -159,
        "netIncomeAfterTaxes": -159,
        "nonRecurringItems": 0,
        "otherOperatingExpensesTotal": 952,
        "period": "2023-03-31",
        "pretaxIncome": -205,
        "provisionforIncomeTaxes": -46,
        "revenue": 5706,
        "sgaExpense": 2718,
        "totalOperatingExpense": 4035,
        "totalOtherIncomeExpenseNet": 10
      },
      {
        "costOfGoodsSold": 1965,
        "depreciationAmortization": 367,
        "dilutedAverageSharesOutstanding": 593,
        "dilutedEPS": -0.37,
        "ebit": -392,
        "grossIncome": 4207,
        "interestExpense": 60,
        "interestIncomeExpense": 59,
        "netIncome": -220,
        "netIncomeAfterTaxes": -220,
        "nonRecurringItems": 6,
        "otherOperatingExpensesTotal": 1399,
        "period": "2022-12-31",
        "pretaxIncome": -285,
        "provisionforIncomeTaxes": -65,
        "revenue": 6172,
        "sgaExpense": 2833,
        "totalOperatingExpense": 4599,
        "totalOtherIncomeExpenseNet": 42
      },
      {
        "costOfGoodsSold": 2145,
        "depreciationAmortization": 335,
        "dilutedAverageSharesOutstanding": 639,
        "dilutedEPS": 0.43,
        "ebit": 399,
        "grossIncome": 4075,
        "interestExpense": 75,
        "interestIncomeExpense": -5,
        "netIncome": 277,
        "netIncomeAfterTaxes": 277,
        "nonRecurringItems": -80,
        "otherOperatingExpensesTotal": 815,
        "period": "2022-09-30",
        "pretaxIncome": 353,
        "provisionforIncomeTaxes": 76,
        "revenue": 6220,
        "sgaExpense": 2526,
        "totalOperatingExpense": 3676,
        "totalOtherIncomeExpenseNet": 39
      },
      {
        "costOfGoodsSold": 2024,
        "depreciationAmortization": 325,
        "dilutedAverageSharesOutstanding": 635,
        "dilutedEPS": 1.2,
        "ebit": 1173,
        "grossIncome": 4704,
        "interestExpense": 82,
        "interestIncomeExpense": -58,
        "netIncome": 760,
        "netIncomeAfterTaxes": 760,
        "nonRecurringItems": -58,
        "otherOperatingExpensesTotal": 776,
        "period": "2022-06-30",
        "pretaxIncome": 1036,
        "provisionforIncomeTaxes": 276,
        "revenue": 6728,
        "sgaExpense": 2430,
        "totalOperatingExpense": 3531,
        "totalOtherIncomeExpenseNet": -21
      },
      {
        "costOfGoodsSold": 1350,
        "depreciationAmortization": 324,
        "dilutedAverageSharesOutstanding": 592,
        "dilutedEPS": -0.47,
        "ebit": -135,
        "grossIncome": 3344,
        "interestExpense": 84,
        "interestIncomeExpense": -86,
        "netIncome": -278,
        "netIncomeAfterTaxes": -278,
        "nonRecurringItems": -88,
        "otherOperatingExpensesTotal": 715,
        "period": "2022-03-31",
        "pretaxIncome": -376,
        "provisionforIncomeTaxes": -98,
        "revenue": 4694,
        "sgaExpense": 2440,
        "totalOperatingExpense": 3479,
        "totalOtherIncomeExpenseNet": -67
      },
      {
        "costOfGoodsSold": 1413,
        "depreciationAmortization": 323,
        "dilutedAverageSharesOutstanding": 606,
        "dilutedEPS": 0.11,
        "ebit": 210,
        "grossIncome": 3638,
        "interestExpense": 115,
        "interestIncomeExpense": -108,
        "netIncome": 68,
        "netIncomeAfterTaxes": 68,
        "nonRecurringItems": -31,
        "otherOperatingExpensesTotal": 672,
        "period": "2021-12-31",
        "pretaxIncome": 77,
        "provisionforIncomeTaxes": 9,
        "revenue": 5051,
        "sgaExpense": 2433,
        "totalOperatingExpense": 3428,
        "totalOtherIncomeExpenseNet": 6
      },
      {
        "costOfGoodsSold": 1366,
        "depreciationAmortization": 322,
        "dilutedAverageSharesOutstanding": 607,
        "dilutedEPS": 0.73,
        "ebit": -43,
        "grossIncome": 3313,
        "interestExpense": 106,
        "interestIncomeExpense": -104,
        "netIncome": 446,
        "netIncomeAfterTaxes": 446,
        "nonRecurringItems": 764,
        "otherOperatingExpensesTotal": 662,
        "period": "2021-09-30",
        "pretaxIncome": 600,
        "provisionforIncomeTaxes": 154,
        "revenue": 4679,
        "sgaExpense": 2372,
        "totalOperatingExpense": 3356,
        "totalOtherIncomeExpenseNet": -17
      },
      {
        "costOfGoodsSold": 1206,
        "depreciationAmortization": 315,
        "dilutedAverageSharesOutstanding": 615,
        "dilutedEPS": 0.57,
        "ebit": -146,
        "grossIncome": 2802,
        "interestExpense": 108,
        "interestIncomeExpense": -106,
        "netIncome": 348,
        "netIncomeAfterTaxes": 348,
        "nonRecurringItems": 740,
        "otherOperatingExpensesTotal": 586,
        "period": "2021-06-30",
        "pretaxIncome": 502,
        "provisionforIncomeTaxes": 154,
        "revenue": 4008,
        "sgaExpense": 2047,
        "totalOperatingExpense": 2948,
        "totalOtherIncomeExpenseNet": 14
      },
      {
        "costOfGoodsSold": 782,
        "depreciationAmortization": 312,
        "dilutedAverageSharesOutstanding": 609,
        "dilutedEPS": 0.19,
        "ebit": -1249,
        "grossIncome": 1270,
        "interestExpense": 103,
        "interestIncomeExpense": -101,
        "netIncome": 116,
        "netIncomeAfterTaxes": 116,
        "nonRecurringItems": 1448,
        "otherOperatingExpensesTotal": 463,
        "period": "2021-03-31",
        "pretaxIncome": 146,
        "provisionforIncomeTaxes": 30,
        "revenue": 2052,
        "sgaExpense": 1744,
        "totalOperatingExpense": 2519,
        "totalOtherIncomeExpenseNet": 48
      },
      {
        "costOfGoodsSold": 660,
        "depreciationAmortization": 315,
        "dilutedAverageSharesOutstanding": 592,
        "dilutedEPS": -1.53,
        "ebit": -1202,
        "grossIncome": 1353,
        "interestExpense": 102,
        "interestIncomeExpense": -100,
        "netIncome": -908,
        "netIncomeAfterTaxes": -908,
        "nonRecurringItems": 34,
        "otherOperatingExpensesTotal": 521,
        "period": "2020-12-31",
        "pretaxIncome": -1331,
        "provisionforIncomeTaxes": -423,
        "revenue": 2013,
        "sgaExpense": 1719,
        "totalOperatingExpense": 2555,
        "totalOtherIncomeExpenseNet": -63
      },
      {
        "costOfGoodsSold": 687,
        "depreciationAmortization": 315,
        "dilutedAverageSharesOutstanding": 590,
        "dilutedEPS": -1.96,
        "ebit": -1560,
        "grossIncome": 1106,
        "interestExpense": 100,
        "interestIncomeExpense": -96,
        "netIncome": -1157,
        "netIncomeAfterTaxes": -1157,
        "nonRecurringItems": 149,
        "otherOperatingExpensesTotal": 488,
        "period": "2020-09-30",
        "pretaxIncome": -1542,
        "provisionforIncomeTaxes": -385,
        "revenue": 1793,
        "sgaExpense": 1863,
        "totalOperatingExpense": 2666,
        "totalOtherIncomeExpenseNet": -35
      },
      {
        "costOfGoodsSold": 532,
        "depreciationAmortization": 313,
        "dilutedAverageSharesOutstanding": 563,
        "dilutedEPS": -1.63,
        "ebit": -2133,
        "grossIncome": 476,
        "interestExpense": 89,
        "interestIncomeExpense": -80,
        "netIncome": -915,
        "netIncomeAfterTaxes": -915,
        "nonRecurringItems": 1006,
        "otherOperatingExpensesTotal": 442,
        "period": "2020-06-30",
        "pretaxIncome": -1239,
        "provisionforIncomeTaxes": -324,
        "revenue": 1008,
        "sgaExpense": 1854,
        "totalOperatingExpense": 2609,
        "totalOtherIncomeExpenseNet": -32
      },
      {
        "costOfGoodsSold": 1209,
        "depreciationAmortization": 311,
        "dilutedAverageSharesOutstanding": 515,
        "dilutedEPS": -0.18,
        "ebit": -110,
        "grossIncome": 3025,
        "interestExpense": 23,
        "interestIncomeExpense": -6,
        "netIncome": -94,
        "netIncomeAfterTaxes": -94,
        "otherOperatingExpensesTotal": 698,
        "period": "2020-03-31",
        "pretaxIncome": -144,
        "provisionforIncomeTaxes": -50,
        "revenue": 4234,
        "sgaExpense": 2126,
        "totalOperatingExpense": 3135,
        "totalOtherIncomeExpenseNet": -28
      },
      {
        "costOfGoodsSold": 1432,
        "depreciationAmortization": 313,
        "dilutedAverageSharesOutstanding": 527,
        "dilutedEPS": 0.97,
        "ebit": 665,
        "grossIncome": 4298,
        "interestExpense": 19,
        "interestIncomeExpense": 1,
        "netIncome": 513,
        "netIncomeAfterTaxes": 482,
        "otherOperatingExpensesTotal": 715,
        "period": "2019-12-31",
        "pretaxIncome": 666,
        "provisionforIncomeTaxes": 184,
        "revenue": 5730,
        "sgaExpense": 2605,
        "totalOperatingExpense": 3633,
        "totalOtherIncomeExpenseNet": 0
      },
      {
        "costOfGoodsSold": 1435,
        "depreciationAmortization": 308,
        "dilutedAverageSharesOutstanding": 534,
        "dilutedEPS": 1.23,
        "ebit": 819,
        "grossIncome": 4204,
        "interestExpense": 20,
        "interestIncomeExpense": 3,
        "netIncome": 659,
        "netIncomeAfterTaxes": 659,
        "nonRecurringItems": 0,
        "otherOperatingExpensesTotal": 717,
        "period": "2019-09-30",
        "pretaxIncome": 819,
        "provisionforIncomeTaxes": 160,
        "revenue": 5639,
        "sgaExpense": 2360,
        "totalOperatingExpense": 3385,
        "totalOtherIncomeExpenseNet": -3
      },
      {
        "costOfGoodsSold": 1493,
        "depreciationAmortization": 302,
        "dilutedAverageSharesOutstanding": 542,
        "dilutedEPS": 1.37,
        "ebit": 968,
        "grossIncome": 4416,
        "interestExpense": 22,
        "interestIncomeExpense": 2,
        "netIncome": 741,
        "netIncomeAfterTaxes": 741,
        "nonRecurringItems": 0,
        "otherOperatingExpensesTotal": 723,
        "period": "2019-06-30",
        "pretaxIncome": 968,
        "provisionforIncomeTaxes": 227,
        "revenue": 5909,
        "sgaExpense": 2423,
        "totalOperatingExpense": 3448,
        "totalOtherIncomeExpenseNet": -2
      },
      {
        "costOfGoodsSold": 1348,
        "depreciationAmortization": 297,
        "dilutedAverageSharesOutstanding": 552,
        "dilutedEPS": 0.7,
        "ebit": 505,
        "grossIncome": 3801,
        "interestExpense": 22,
        "interestIncomeExpense": 1,
        "netIncome": 387,
        "netIncomeAfterTaxes": 387,
        "nonRecurringItems": 0,
        "otherOperatingExpensesTotal": 729,
        "period": "2019-03-31",
        "pretaxIncome": 504,
        "provisionforIncomeTaxes": 117,
        "revenue": 5149,
        "sgaExpense": 2270,
        "totalOperatingExpense": 3296,
        "totalOtherIncomeExpenseNet": -2
      },
      {
        "costOfGoodsSold": 1554,
        "depreciationAmortization": 331,
        "dilutedAverageSharesOutstanding": 559,
        "dilutedEPS": 1.17,
        "ebit": 820,
        "grossIncome": 4150,
        "interestExpense": 23,
        "interestIncomeExpense": -1,
        "netIncome": 654,
        "netIncomeAfterTaxes": 654,
        "nonRecurringItems": 0,
        "otherOperatingExpensesTotal": 716,
        "period": "2018-12-31",
        "pretaxIncome": 817,
        "provisionforIncomeTaxes": 163,
        "revenue": 5704,
        "sgaExpense": 2283,
        "totalOperatingExpense": 3330,
        "totalOtherIncomeExpenseNet": -2
      },
      {
        "costOfGoodsSold": 1583,
        "depreciationAmortization": 301,
        "dilutedAverageSharesOutstanding": 569,
        "dilutedEPS": 1.08,
        "ebit": 798,
        "grossIncome": 3992,
        "interestExpense": 24,
        "interestIncomeExpense": -4,
        "netIncome": 615,
        "netIncomeAfterTaxes": 615,
        "nonRecurringItems": 0,
        "otherOperatingExpensesTotal": 698,
        "period": "2018-09-30",
        "pretaxIncome": 786,
        "provisionforIncomeTaxes": 171,
        "revenue": 5575,
        "sgaExpense": 2195,
        "totalOperatingExpense": 3194,
        "totalOtherIncomeExpenseNet": -8
      },
      {
        "costOfGoodsSold": 1586,
        "depreciationAmortization": 292,
        "dilutedAverageSharesOutstanding": 579,
        "dilutedEPS": 1.27,
        "ebit": 972,
        "grossIncome": 4156,
        "interestExpense": 23,
        "interestIncomeExpense": -8,
        "netIncome": 733,
        "netIncomeAfterTaxes": 733,
        "nonRecurringItems": 0,
        "otherOperatingExpensesTotal": 691,
        "period": "2018-06-30",
        "pretaxIncome": 960,
        "provisionforIncomeTaxes": 227,
        "revenue": 5742,
        "sgaExpense": 2201,
        "totalOperatingExpense": 3184,
        "totalOtherIncomeExpenseNet": -4
      },
      {
        "costOfGoodsSold": 1388,
        "depreciationAmortization": 277,
        "dilutedAverageSharesOutstanding": 588,
        "dilutedEPS": 0.79,
        "ebit": 591,
        "grossIncome": 3556,
        "interestExpense": 22,
        "interestIncomeExpense": -10,
        "netIncome": 463,
        "netIncomeAfterTaxes": 463,
        "nonRecurringItems": 25,
        "otherOperatingExpensesTotal": 610,
        "period": "2018-03-31",
        "pretaxIncome": 602,
        "provisionforIncomeTaxes": 139,
        "revenue": 4944,
        "sgaExpense": 2078,
        "totalOperatingExpense": 2965,
        "totalOtherIncomeExpenseNet": -4
      },
      {
        "costOfGoodsSold": 1383,
        "depreciationAmortization": 279,
        "dilutedAverageSharesOutstanding": 594,
        "dilutedEPS": 2.94,
        "ebit": 740,
        "grossIncome": 3875,
        "interestExpense": 19,
        "interestIncomeExpense": -5,
        "netIncome": 1747,
        "netIncomeAfterTaxes": 477,
        "otherOperatingExpensesTotal": 693,
        "period": "2017-12-31",
        "pretaxIncome": 735,
        "provisionforIncomeTaxes": 258,
        "revenue": 5258,
        "sgaExpense": 2163,
        "totalOperatingExpense": 3135
      },
      {
        "costOfGoodsSold": 1412,
        "depreciationAmortization": 302,
        "dilutedAverageSharesOutstanding": 598,
        "dilutedEPS": 0.88,
        "ebit": 845,
        "grossIncome": 3891,
        "interestExpense": 13,
        "interestIncomeExpense": -8,
        "netIncome": 528,
        "netIncomeAfterTaxes": 528,
        "otherOperatingExpensesTotal": 690,
        "period": "2017-09-30",
        "pretaxIncome": 832,
        "provisionforIncomeTaxes": 304,
        "revenue": 5303,
        "sgaExpense": 2054,
        "totalOperatingExpense": 3046,
        "totalOtherIncomeExpenseNet": -5
      },
      {
        "costOfGoodsSold": 1409,
        "depreciationAmortization": 319,
        "dilutedAverageSharesOutstanding": 605,
        "dilutedEPS": 1.23,
        "ebit": 1215,
        "grossIncome": 4322,
        "interestExpense": 14,
        "interestIncomeExpense": -47,
        "netIncome": 743,
        "netIncomeAfterTaxes": 743,
        "otherOperatingExpensesTotal": 674,
        "period": "2017-06-30",
        "pretaxIncome": 1165,
        "provisionforIncomeTaxes": 422,
        "revenue": 5731,
        "sgaExpense": 2114,
        "totalOperatingExpense": 3107,
        "totalOtherIncomeExpenseNet": -3
      },
      {
        "costOfGoodsSold": 1323,
        "depreciationAmortization": 318,
        "dilutedAverageSharesOutstanding": 614,
        "dilutedEPS": 0.55,
        "ebit": 606,
        "grossIncome": 3531,
        "interestExpense": 18,
        "interestIncomeExpense": -76,
        "netIncome": 339,
        "netIncomeAfterTaxes": 339,
        "otherOperatingExpensesTotal": 634,
        "period": "2017-03-31",
        "pretaxIncome": 532,
        "provisionforIncomeTaxes": 193,
        "revenue": 4854,
        "sgaExpense": 1973,
        "totalOperatingExpense": 2925,
        "totalOtherIncomeExpenseNet": 2
      },
      {
        "costOfGoodsSold": 1299,
        "depreciationAmortization": 318,
        "dilutedAverageSharesOutstanding": 618,
        "dilutedEPS": 0.85,
        "ebit": 845,
        "grossIncome": 3776,
        "interestExpense": 16,
        "interestIncomeExpense": -36,
        "netIncome": 524,
        "netIncomeAfterTaxes": 522,
        "nonRecurringItems": 0,
        "otherOperatingExpensesTotal": 660,
        "period": "2016-12-31",
        "pretaxIncome": 809,
        "provisionforIncomeTaxes": 287,
        "revenue": 5075,
        "sgaExpense": 1953,
        "totalOperatingExpense": 2931
      },
      {
        "costOfGoodsSold": 1304,
        "depreciationAmortization": 315,
        "dilutedAverageSharesOutstanding": 625,
        "dilutedEPS": 0.62,
        "ebit": 695,
        "grossIncome": 3835,
        "interestExpense": 19,
        "interestIncomeExpense": -77,
        "netIncome": 388,
        "netIncomeAfterTaxes": 388,
        "nonRecurringItems": 0,
        "otherOperatingExpensesTotal": 658,
        "period": "2016-09-30",
        "pretaxIncome": 618,
        "provisionforIncomeTaxes": 230,
        "revenue": 5139,
        "sgaExpense": 2167,
        "totalOperatingExpense": 3140
      },
      {
        "costOfGoodsSold": 1271,
        "depreciationAmortization": 299,
        "dilutedAverageSharesOutstanding": 639,
        "dilutedEPS": 1.28,
        "ebit": 1276,
        "grossIncome": 4113,
        "interestExpense": 21,
        "interestIncomeExpense": 28,
        "netIncome": 820,
        "netIncomeAfterTaxes": 820,
        "nonRecurringItems": 0,
        "otherOperatingExpensesTotal": 619,
        "period": "2016-06-30",
        "pretaxIncome": 1304,
        "provisionforIncomeTaxes": 484,
        "revenue": 5384,
        "sgaExpense": 1919,
        "totalOperatingExpense": 2837
      },
      {
        "costOfGoodsSold": 1213,
        "depreciationAmortization": 290,
        "dilutedAverageSharesOutstanding": 648,
        "dilutedEPS": 0.79,
        "ebit": 944,
        "grossIncome": 3613,
        "interestExpense": 19,
        "interestIncomeExpense": -128,
        "netIncome": 511,
        "netIncomeAfterTaxes": 511,
        "nonRecurringItems": 0,
        "otherOperatingExpensesTotal": 578,
        "period": "2016-03-31",
        "pretaxIncome": 816,
        "provisionforIncomeTaxes": 305,
        "revenue": 4826,
        "sgaExpense": 1801,
        "totalOperatingExpense": 2669
      },
      {
        "costOfGoodsSold": 1136,
        "depreciationAmortization": 264,
        "dilutedAverageSharesOutstanding": 657,
        "dilutedEPS": 0.83,
        "ebit": 1033,
        "grossIncome": 3841,
        "interestExpense": 21,
        "interestIncomeExpense": -179,
        "netIncome": 540,
        "netIncomeAfterTaxes": 536,
        "nonRecurringItems": -7,
        "otherOperatingExpensesTotal": 610,
        "period": "2015-12-31",
        "pretaxIncome": 847,
        "provisionforIncomeTaxes": 311,
        "revenue": 4977,
        "sgaExpense": 1934,
        "totalOperatingExpense": 2808
      },
      {
        "costOfGoodsSold": 1299,
        "depreciationAmortization": 258,
        "dilutedAverageSharesOutstanding": 663,
        "dilutedEPS": 0.88,
        "ebit": 1231,
        "grossIncome": 4019,
        "interestExpense": 22,
        "interestIncomeExpense": -292,
        "netIncome": 584,
        "netIncomeAfterTaxes": 584,
        "nonRecurringItems": -6,
        "otherOperatingExpensesTotal": 572,
        "period": "2015-09-30",
        "pretaxIncome": 933,
        "provisionforIncomeTaxes": 349,
        "revenue": 5318,
        "sgaExpense": 1958,
        "totalOperatingExpense": 2788
      }
    ],
    "symbol": "LUV"
  }
}