{
  "symbol": "ZBRA",
  "statement": "ic",
  "frequency": "annual",
  "timestamp": "2025-09-19T14:09:07.152416",
  "data": {
    "financials": [
      {
        "costOfGoodsSold": 2568,
        "depreciationAmortization": 104,
        "dilutedAverageSharesOutstanding": 51.8797,
        "dilutedEPS": 10.1774,
        "ebit": 765,
        "grossIncome": 2413,
        "interestIncomeExpense": -93,
        "netIncome": 528,
        "netIncomeAfterTaxes": 528,
        "nonRecurringItems": -23,
        "period": "2024-12-31",
        "pretaxIncome": 635,
        "provisionforIncomeTaxes": 107,
        "researchDevelopment": 563,
        "revenue": 4981,
        "sgaExpense": 981,
        "totalOperatingExpense": 1648,
        "totalOtherIncomeExpenseNet": -14,
        "year": 2024
      },
      {
        "costOfGoodsSold": 2461,
        "depreciationAmortization": 104,
        "dilutedAverageSharesOutstanding": 51.711,
        "dilutedEPS": 5.7241,
        "ebit": 585,
        "grossIncome": 2123,
        "interestIncomeExpense": -135,
        "netIncome": 296,
        "netIncomeAfterTaxes": 296,
        "nonRecurringItems": -104,
        "period": "2023-12-31",
        "pretaxIncome": 334,
        "provisionforIncomeTaxes": 38,
        "researchDevelopment": 519,
        "revenue": 4584,
        "sgaExpense": 915,
        "totalOperatingExpense": 1538,
        "totalOtherIncomeExpenseNet": -12,
        "year": 2023
      },
      {
        "costOfGoodsSold": 3157,
        "depreciationAmortization": 136,
        "dilutedAverageSharesOutstanding": 52.6,
        "dilutedEPS": 8.81,
        "ebit": 936,
        "grossIncome": 2624,
        "interestIncomeExpense": 20,
        "netIncome": 463,
        "netIncomeAfterTaxes": 463,
        "nonRecurringItems": -407,
        "period": "2022-12-31",
        "pretaxIncome": 544,
        "provisionforIncomeTaxes": 81,
        "researchDevelopment": 570,
        "revenue": 5781,
        "sgaExpense": 982,
        "totalOperatingExpense": 1688,
        "totalOtherIncomeExpenseNet": -5,
        "year": 2022
      },
      {
        "costOfGoodsSold": 2999,
        "depreciationAmortization": 115,
        "dilutedAverageSharesOutstanding": 53.9,
        "dilutedEPS": 15.53,
        "ebit": 1011,
        "grossIncome": 2628,
        "interestIncomeExpense": -10,
        "netIncome": 837,
        "netIncomeAfterTaxes": 837,
        "nonRecurringItems": -32,
        "period": "2021-12-31",
        "pretaxIncome": 968,
        "provisionforIncomeTaxes": 131,
        "researchDevelopment": 567,
        "revenue": 5627,
        "sgaExpense": 935,
        "totalOperatingExpense": 1617,
        "totalOtherIncomeExpenseNet": -1,
        "year": 2021
      },
      {
        "costOfGoodsSold": 2445,
        "depreciationAmortization": 78,
        "dilutedAverageSharesOutstanding": 53.9,
        "dilutedEPS": 9.35,
        "ebit": 685,
        "grossIncome": 2003,
        "interestExpense": 30,
        "interestIncomeExpense": -94,
        "netIncome": 504,
        "netIncomeAfterTaxes": 504,
        "nonRecurringItems": -34,
        "period": "2020-12-31",
        "pretaxIncome": 560,
        "provisionforIncomeTaxes": 56,
        "researchDevelopment": 453,
        "revenue": 4448,
        "sgaExpense": 787,
        "totalOperatingExpense": 1318,
        "totalOtherIncomeExpenseNet": 3,
        "year": 2020
      },
      {
        "costOfGoodsSold": 2385,
        "depreciationAmortization": 103,
        "dilutedAverageSharesOutstanding": 54,
        "dilutedEPS": 10.08,
        "ebit": 724,
        "grossIncome": 2100,
        "interestExpense": 70,
        "interestIncomeExpense": -95,
        "netIncome": 544,
        "netIncomeAfterTaxes": 544,
        "nonRecurringItems": -32,
        "period": "2019-12-31",
        "pretaxIncome": 598,
        "provisionforIncomeTaxes": 54,
        "researchDevelopment": 447,
        "revenue": 4485,
        "sgaExpense": 826,
        "totalOperatingExpense": 1376,
        "totalOtherIncomeExpenseNet": 1,
        "year": 2019
      },
      {
        "costOfGoodsSold": 2237,
        "depreciationAmortization": 97,
        "dilutedAverageSharesOutstanding": 54.3,
        "dilutedEPS": 7.75,
        "ebit": 629,
        "grossIncome": 1981,
        "interestExpense": 99,
        "interestIncomeExpense": -96,
        "netIncome": 421,
        "netIncomeAfterTaxes": 418,
        "nonRecurringItems": -19,
        "period": "2018-12-31",
        "pretaxIncome": 524,
        "provisionforIncomeTaxes": 106,
        "researchDevelopment": 444,
        "revenue": 4218,
        "sgaExpense": 811,
        "totalOperatingExpense": 1352,
        "totalOtherIncomeExpenseNet": 10,
        "year": 2018
      },
      {
        "costOfGoodsSold": 2012,
        "depreciationAmortization": 184,
        "dilutedAverageSharesOutstanding": 53.7,
        "dilutedEPS": 0.31,
        "ebit": 388,
        "grossIncome": 1710,
        "interestExpense": 227,
        "interestIncomeExpense": -228,
        "netIncome": 17,
        "netIncomeAfterTaxes": 89,
        "nonRecurringItems": -66,
        "period": "2017-12-31",
        "pretaxIncome": 88,
        "provisionforIncomeTaxes": -1,
        "researchDevelopment": 389,
        "revenue": 3722,
        "sgaExpense": 749,
        "totalOperatingExpense": 1322,
        "totalOtherIncomeExpenseNet": -6,
        "year": 2017
      },
      {
        "costOfGoodsSold": 1932,
        "depreciationAmortization": 229,
        "dilutedAverageSharesOutstanding": 51.6,
        "dilutedEPS": -2.66,
        "ebit": 286,
        "grossIncome": 1642,
        "interestExpense": 193,
        "interestIncomeExpense": -198,
        "netIncome": -137,
        "netIncomeAfterTaxes": -137,
        "nonRecurringItems": -206,
        "period": "2016-12-31",
        "pretaxIncome": -129,
        "provisionforIncomeTaxes": 8,
        "researchDevelopment": 376,
        "revenue": 3574,
        "sgaExpense": 751,
        "totalOperatingExpense": 1356,
        "totalOtherIncomeExpenseNet": -11,
        "year": 2016
      },
      {
        "costOfGoodsSold": 2006,
        "depreciationAmortization": 251,
        "dilutedAverageSharesOutstanding": 51,
        "dilutedEPS": -3.1,
        "ebit": 222,
        "grossIncome": 1644,
        "interestExpense": 193,
        "interestIncomeExpense": -216,
        "netIncome": -158,
        "netIncomeAfterTaxes": -158,
        "nonRecurringItems": -185,
        "period": "2015-12-31",
        "pretaxIncome": -180,
        "provisionforIncomeTaxes": -22,
        "researchDevelopment": 394,
        "revenue": 3650,
        "sgaExpense": 777,
        "totalOperatingExpense": 1422,
        "totalOtherIncomeExpenseNet": -1,
        "year": 2015
      }
    ],
    "symbol": "ZBRA"
  }
}