{
  "symbol": "LEN",
  "statement": "ic",
  "frequency": "annual",
  "timestamp": "2025-09-19T14:03:08.469377",
  "data": {
    "financials": [
      {
        "costOfGoodsSold": 29571.601,
        "dilutedAverageSharesOutstanding": 272.019,
        "dilutedEPS": 14.31,
        "ebit": 5175.621,
        "grossIncome": 5869.851,
        "interestExpense": 179.992,
        "interestIncomeExpense": 9.287,
        "minorityInterest": -35.122,
        "netIncome": 3893.71,
        "netIncomeAfterTaxes": 3967.655,
        "otherOperatingExpensesTotal": -145.656,
        "period": "2024-11-30",
        "pretaxIncome": 5184.908,
        "provisionforIncomeTaxes": 1217.253,
        "revenue": 35441.452,
        "sgaExpense": 839.886,
        "totalOperatingExpense": 694.23,
        "year": 2024
      },
      {
        "costOfGoodsSold": 28049.923,
        "dilutedAverageSharesOutstanding": 283.319,
        "dilutedEPS": 13.73,
        "ebit": 5639.535,
        "grossIncome": 6183.443,
        "interestExpense": 242.459,
        "interestIncomeExpense": -437.231,
        "minorityInterest": -22.78,
        "netIncome": 3889.975,
        "netIncomeAfterTaxes": 3961.291,
        "otherOperatingExpensesTotal": 42.57,
        "period": "2023-11-30",
        "pretaxIncome": 5202.304,
        "provisionforIncomeTaxes": 1241.013,
        "revenue": 34233.366,
        "sgaExpense": 501.338,
        "totalOperatingExpense": 543.908,
        "year": 2023
      },
      {
        "costOfGoodsSold": 26175.263,
        "dilutedAverageSharesOutstanding": 289.824,
        "dilutedEPS": 15.74,
        "ebit": 7038.494,
        "grossIncome": 7495.747,
        "interestExpense": 312.731,
        "interestIncomeExpense": -1023.928,
        "minorityInterest": -34.376,
        "netIncome": 4562.145,
        "netIncomeAfterTaxes": 4648.501,
        "nonRecurringItems": 0,
        "otherOperatingExpensesTotal": 42.755,
        "period": "2022-11-30",
        "pretaxIncome": 6014.566,
        "provisionforIncomeTaxes": 1366.065,
        "revenue": 33671.01,
        "sgaExpense": 414.498,
        "totalOperatingExpense": 457.253,
        "year": 2022
      },
      {
        "costOfGoodsSold": 21248.806,
        "dilutedAverageSharesOutstanding": 306.612,
        "dilutedEPS": 14.28,
        "ebit": 5447.072,
        "grossIncome": 5881.87,
        "interestExpense": 365.373,
        "interestIncomeExpense": 213.917,
        "minorityInterest": -26.438,
        "netIncome": 4377.192,
        "netIncomeAfterTaxes": 4456.549,
        "nonRecurringItems": 158.069,
        "otherOperatingExpensesTotal": 36.417,
        "period": "2021-11-30",
        "pretaxIncome": 5819.058,
        "provisionforIncomeTaxes": 1362.509,
        "revenue": 27130.676,
        "sgaExpense": 398.381,
        "totalOperatingExpense": 434.798,
        "year": 2021
      },
      {
        "costOfGoodsSold": 18663.043,
        "dilutedAverageSharesOutstanding": 309.406,
        "dilutedEPS": 7.88,
        "ebit": 3450.413,
        "grossIncome": 3825.811,
        "interestExpense": 374.104,
        "interestIncomeExpense": -388.043,
        "minorityInterest": -2.517,
        "netIncome": 2436.647,
        "netIncomeAfterTaxes": 2467.553,
        "nonRecurringItems": 61.418,
        "otherOperatingExpensesTotal": 16.98,
        "period": "2020-11-30",
        "pretaxIncome": 3123.788,
        "provisionforIncomeTaxes": 656.235,
        "revenue": 22488.854,
        "sgaExpense": 358.418,
        "totalOperatingExpense": 375.398,
        "year": 2020
      },
      {
        "costOfGoodsSold": 19079.891,
        "dilutedAverageSharesOutstanding": 318.422,
        "dilutedEPS": 5.76,
        "ebit": 2864.794,
        "grossIncome": 3179.67,
        "interestExpense": 394.995,
        "interestIncomeExpense": -381.602,
        "minorityInterest": 6.933,
        "netIncome": 1832.91,
        "netIncomeAfterTaxes": 1842.119,
        "nonRecurringItems": -48.9,
        "otherOperatingExpensesTotal": -26.238,
        "period": "2019-11-30",
        "pretaxIncome": 2434.292,
        "provisionforIncomeTaxes": 592.173,
        "revenue": 22259.561,
        "sgaExpense": 341.114,
        "totalOperatingExpense": 314.876,
        "year": 2019
      },
      {
        "costOfGoodsSold": 17932.54,
        "dilutedAverageSharesOutstanding": 308.565,
        "dilutedEPS": 5.44,
        "ebit": 2450.198,
        "grossIncome": 2639.091,
        "interestExpense": 316.164,
        "interestIncomeExpense": -34.534,
        "minorityInterest": -21.682,
        "netIncome": 1680.964,
        "netIncomeAfterTaxes": 1786.113,
        "nonRecurringItems": -152.98,
        "otherOperatingExpensesTotal": -155.041,
        "period": "2018-11-30",
        "pretaxIncome": 2262.684,
        "provisionforIncomeTaxes": 476.571,
        "revenue": 20571.631,
        "sgaExpense": 343.934,
        "totalOperatingExpense": 188.893,
        "year": 2018
      },
      {
        "costOfGoodsSold": 10750.836,
        "dilutedAverageSharesOutstanding": 237.156,
        "dilutedEPS": 3.38,
        "ebit": 1557.942,
        "grossIncome": 1895.529,
        "interestExpense": 277.809,
        "interestIncomeExpense": -228.331,
        "minorityInterest": 38.726,
        "netIncome": 802.656,
        "netIncomeAfterTaxes": 771.754,
        "nonRecurringItems": -140,
        "otherOperatingExpensesTotal": 51.698,
        "period": "2017-11-30",
        "pretaxIncome": 1189.611,
        "provisionforIncomeTaxes": 417.857,
        "revenue": 12646.365,
        "sgaExpense": 285.889,
        "totalOperatingExpense": 337.587,
        "year": 2017
      },
      {
        "costOfGoodsSold": 9214.639,
        "dilutedAverageSharesOutstanding": 230.712,
        "dilutedEPS": 3.93,
        "ebit": 1520.325,
        "grossIncome": 1735.36,
        "interestExpense": 245.061,
        "interestIncomeExpense": -189.856,
        "minorityInterest": -1.247,
        "netIncome": 902.655,
        "netIncomeAfterTaxes": 913.091,
        "otherOperatingExpensesTotal": -17.527,
        "period": "2016-11-30",
        "pretaxIncome": 1330.469,
        "provisionforIncomeTaxes": 417.378,
        "revenue": 10949.999,
        "sgaExpense": 232.562,
        "totalOperatingExpense": 215.035,
        "year": 2016
      },
      {
        "costOfGoodsSold": 7964.055,
        "dilutedAverageSharesOutstanding": 230.812,
        "dilutedEPS": 3.46,
        "ebit": 1324.579,
        "grossIncome": 1509.953,
        "interestExpense": 220.147,
        "interestIncomeExpense": -114.963,
        "minorityInterest": -16.306,
        "netIncome": 794.162,
        "netIncomeAfterTaxes": 819.2,
        "otherOperatingExpensesTotal": -30.87,
        "period": "2015-11-30",
        "pretaxIncome": 1209.616,
        "provisionforIncomeTaxes": 390.416,
        "revenue": 9474.008,
        "sgaExpense": 216.244,
        "totalOperatingExpense": 185.374,
        "year": 2015
      }
    ],
    "symbol": "LEN"
  }
}