{
  "symbol": "INCY",
  "statement": "ic",
  "frequency": "quarterly",
  "timestamp": "2025-09-19T14:01:59.239218",
  "data": {
    "financials": [
      {
        "costOfGoodsSold": 72.766,
        "depreciationAmortization": 6,
        "dilutedAverageSharesOutstanding": 198.744,
        "dilutedEPS": 2.0378,
        "ebit": 310.824,
        "grossIncome": 1142.763,
        "interestExpense": 0.594,
        "interestIncomeExpense": 20.391,
        "netIncome": 404.999,
        "netIncomeAfterTaxes": 404.999,
        "nonRecurringItems": 219.49,
        "period": "2025-06-30",
        "pretaxIncome": 558.012,
        "provisionforIncomeTaxes": 153.013,
        "researchDevelopment": 494.917,
        "revenue": 1215.529,
        "sgaExpense": 331.022,
        "totalOperatingExpense": 831.939,
        "totalOtherIncomeExpenseNet": 7.307
      },
      {
        "costOfGoodsSold": 67.188,
        "depreciationAmortization": 6,
        "dilutedAverageSharesOutstanding": 198.197,
        "dilutedEPS": 0.7982,
        "ebit": 216.74,
        "grossIncome": 985.71,
        "interestExpense": 0.66,
        "interestIncomeExpense": 20.926,
        "netIncome": 158.203,
        "netIncomeAfterTaxes": 158.203,
        "nonRecurringItems": -11.572,
        "period": "2025-03-31",
        "pretaxIncome": 234.19,
        "provisionforIncomeTaxes": 75.987,
        "researchDevelopment": 437.279,
        "revenue": 1052.898,
        "sgaExpense": 325.691,
        "totalOperatingExpense": 768.97,
        "totalOtherIncomeExpenseNet": 8.096
      },
      {
        "costOfGoodsSold": 82.385,
        "depreciationAmortization": 6.1,
        "dilutedAverageSharesOutstanding": 206.831,
        "dilutedEPS": 0.9728,
        "ebit": 297.469,
        "grossIncome": 1096.313,
        "interestExpense": 0.419,
        "interestIncomeExpense": 118.11,
        "netIncome": 201.212,
        "netIncomeAfterTaxes": 201.212,
        "nonRecurringItems": 4.044,
        "period": "2024-12-31",
        "pretaxIncome": 313.724,
        "provisionforIncomeTaxes": 112.512,
        "researchDevelopment": 466.034,
        "revenue": 1178.698,
        "sgaExpense": 326.71,
        "totalOperatingExpense": 798.844,
        "totalOtherIncomeExpenseNet": -105.899
      },
      {
        "costOfGoodsSold": 79.893,
        "depreciationAmortization": 6.1,
        "dilutedAverageSharesOutstanding": 195.838,
        "dilutedEPS": 0.5436,
        "ebit": 169.495,
        "grossIncome": 1057.978,
        "interestExpense": 0.774,
        "interestIncomeExpense": -13.756,
        "netIncome": 106.456,
        "netIncomeAfterTaxes": 106.456,
        "nonRecurringItems": -23.41,
        "period": "2024-09-30",
        "pretaxIncome": 156.524,
        "provisionforIncomeTaxes": 50.068,
        "researchDevelopment": 573.174,
        "revenue": 1137.871,
        "sgaExpense": 309.209,
        "totalOperatingExpense": 888.483,
        "totalOtherIncomeExpenseNet": 24.195
      },
      {
        "costOfGoodsSold": 70.934,
        "depreciationAmortization": 5.7,
        "dilutedAverageSharesOutstanding": 218.175,
        "dilutedEPS": -2.0378,
        "ebit": -445.737,
        "grossIncome": 972.825,
        "interestExpense": 0.657,
        "interestIncomeExpense": 38.584,
        "netIncome": -444.601,
        "netIncomeAfterTaxes": -444.601,
        "nonRecurringItems": -32.393,
        "period": "2024-06-30",
        "pretaxIncome": -389.777,
        "provisionforIncomeTaxes": 54.824,
        "researchDevelopment": 1127.08,
        "revenue": 1043.759,
        "sgaExpense": 285.782,
        "totalOperatingExpense": 1418.562,
        "totalOtherIncomeExpenseNet": 49.769
      },
      {
        "costOfGoodsSold": 55.256,
        "depreciationAmortization": 5.7,
        "dilutedAverageSharesOutstanding": 227.219,
        "dilutedEPS": 0.7462,
        "ebit": 90.417,
        "grossIncome": 825.633,
        "interestExpense": 0.43,
        "interestIncomeExpense": 99.517,
        "netIncome": 169.548,
        "netIncomeAfterTaxes": 169.548,
        "nonRecurringItems": 1.481,
        "period": "2024-03-31",
        "pretaxIncome": 236.159,
        "provisionforIncomeTaxes": 66.611,
        "researchDevelopment": 429.26,
        "revenue": 880.889,
        "sgaExpense": 300.256,
        "totalOperatingExpense": 735.216,
        "totalOtherIncomeExpenseNet": 44.744
      },
      {
        "costOfGoodsSold": 64.051,
        "depreciationAmortization": 5.7,
        "dilutedAverageSharesOutstanding": 226.444,
        "dilutedEPS": 0.888,
        "ebit": 205.231,
        "grossIncome": 949.29,
        "interestExpense": 0.804,
        "interestIncomeExpense": 33.25,
        "netIncome": 201.079,
        "netIncomeAfterTaxes": 201.079,
        "nonRecurringItems": -17.961,
        "period": "2023-12-31",
        "pretaxIncome": 270.956,
        "provisionforIncomeTaxes": 69.877,
        "researchDevelopment": 444.494,
        "revenue": 1013.341,
        "sgaExpense": 293.865,
        "totalOperatingExpense": 744.059,
        "totalOtherIncomeExpenseNet": 50.436
      },
      {
        "costOfGoodsSold": 54.4,
        "depreciationAmortization": 5.7,
        "dilutedAverageSharesOutstanding": 226.2,
        "dilutedEPS": 0.76,
        "ebit": 215.3,
        "grossIncome": 864.6,
        "interestExpense": 0.623,
        "interestIncomeExpense": -27.3,
        "netIncome": 171.3,
        "netIncomeAfterTaxes": 171.3,
        "nonRecurringItems": -0.6,
        "period": "2023-09-30",
        "pretaxIncome": 233.8,
        "provisionforIncomeTaxes": 62.5,
        "researchDevelopment": 375.7,
        "revenue": 919,
        "sgaExpense": 267.9,
        "totalOperatingExpense": 649.3,
        "totalOtherIncomeExpenseNet": 46.4
      },
      {
        "costOfGoodsSold": 62.6,
        "depreciationAmortization": 5.7,
        "dilutedAverageSharesOutstanding": 225.6,
        "dilutedEPS": 0.9,
        "ebit": 201.6,
        "grossIncome": 892,
        "interestExpense": 0.655,
        "interestIncomeExpense": 41.2,
        "netIncome": 203.5,
        "netIncomeAfterTaxes": 203.5,
        "nonRecurringItems": -7.8,
        "period": "2023-06-30",
        "pretaxIncome": 277.6,
        "provisionforIncomeTaxes": 74.1,
        "researchDevelopment": 400.8,
        "revenue": 954.6,
        "sgaExpense": 283.9,
        "totalOperatingExpense": 690.4,
        "totalOtherIncomeExpenseNet": 42.7
      },
      {
        "costOfGoodsSold": 51.4,
        "depreciationAmortization": 5.4,
        "dilutedAverageSharesOutstanding": 225.6,
        "dilutedEPS": 0.1,
        "ebit": 29.6,
        "grossIncome": 757.3,
        "interestExpense": 0.469,
        "interestIncomeExpense": -5.8,
        "netIncome": 21.7,
        "netIncomeAfterTaxes": 21.7,
        "nonRecurringItems": -4.8,
        "period": "2023-03-31",
        "pretaxIncome": 51.9,
        "provisionforIncomeTaxes": 30.2,
        "researchDevelopment": 406.6,
        "revenue": 808.7,
        "sgaExpense": 315.6,
        "totalOperatingExpense": 727.7,
        "totalOtherIncomeExpenseNet": 32.9
      },
      {
        "costOfGoodsSold": 53.8,
        "depreciationAmortization": 5.4,
        "dilutedAverageSharesOutstanding": 225,
        "dilutedEPS": 0.13,
        "ebit": 93.4,
        "grossIncome": 872.9,
        "interestExpense": 0.667,
        "interestIncomeExpense": -16.1,
        "netIncome": 28.5,
        "netIncomeAfterTaxes": 28.5,
        "nonRecurringItems": -23.3,
        "period": "2022-12-31",
        "pretaxIncome": 80.6,
        "provisionforIncomeTaxes": 52.2,
        "researchDevelopment": 501.4,
        "revenue": 926.7,
        "sgaExpense": 272.8,
        "totalOperatingExpense": 779.5,
        "totalOtherIncomeExpenseNet": 26.6
      },
      {
        "costOfGoodsSold": 49.3,
        "depreciationAmortization": 5.3,
        "dilutedAverageSharesOutstanding": 224.2,
        "dilutedEPS": 0.5,
        "ebit": 118.3,
        "grossIncome": 774,
        "interestExpense": 0.641,
        "interestIncomeExpense": -1.3,
        "netIncome": 112.8,
        "netIncomeAfterTaxes": 112.8,
        "nonRecurringItems": 20.1,
        "period": "2022-09-30",
        "pretaxIncome": 148.6,
        "provisionforIncomeTaxes": 35.8,
        "researchDevelopment": 384,
        "revenue": 823.3,
        "sgaExpense": 266.5,
        "totalOperatingExpense": 655.7,
        "totalOtherIncomeExpenseNet": 11.5
      },
      {
        "costOfGoodsSold": 45.2,
        "depreciationAmortization": 5.4,
        "dilutedAverageSharesOutstanding": 223.7,
        "dilutedEPS": 0.72,
        "ebit": 260.3,
        "grossIncome": 866.2,
        "interestExpense": 0.678,
        "interestIncomeExpense": -25.6,
        "netIncome": 161.4,
        "netIncomeAfterTaxes": 161.4,
        "nonRecurringItems": -5.9,
        "period": "2022-06-30",
        "pretaxIncome": 229.4,
        "provisionforIncomeTaxes": 67.9,
        "researchDevelopment": 347.2,
        "revenue": 911.4,
        "sgaExpense": 253.3,
        "totalOperatingExpense": 605.9,
        "totalOtherIncomeExpenseNet": 0.5
      },
      {
        "costOfGoodsSold": 37.2,
        "depreciationAmortization": 5.4,
        "dilutedAverageSharesOutstanding": 223,
        "dilutedEPS": 0.17,
        "ebit": 127.6,
        "grossIncome": 696,
        "interestExpense": 0.68,
        "interestIncomeExpense": -47.3,
        "netIncome": 38,
        "netIncomeAfterTaxes": 38,
        "nonRecurringItems": -11.1,
        "period": "2022-03-31",
        "pretaxIncome": 70.5,
        "provisionforIncomeTaxes": 32.5,
        "researchDevelopment": 353.4,
        "revenue": 733.2,
        "sgaExpense": 209.6,
        "totalOperatingExpense": 568.4,
        "totalOtherIncomeExpenseNet": 1.3
      },
      {
        "costOfGoodsSold": 38.6,
        "depreciationAmortization": 5.3,
        "dilutedAverageSharesOutstanding": 222,
        "dilutedEPS": 2.54,
        "ebit": 119.9,
        "grossIncome": 824.3,
        "interestExpense": 0.752,
        "interestIncomeExpense": 3.6,
        "netIncome": 563.9,
        "netIncomeAfterTaxes": 563.9,
        "nonRecurringItems": -9.2,
        "period": "2021-12-31",
        "pretaxIncome": 120,
        "provisionforIncomeTaxes": -443.8,
        "researchDevelopment": 472.8,
        "revenue": 862.9,
        "sgaExpense": 226.2,
        "totalOperatingExpense": 704.3,
        "totalOtherIncomeExpenseNet": 5.7
      },
      {
        "costOfGoodsSold": 34.5,
        "depreciationAmortization": 5.4,
        "dilutedAverageSharesOutstanding": 222.2,
        "dilutedEPS": 0.82,
        "ebit": 247.5,
        "grossIncome": 778.5,
        "interestExpense": 0.439,
        "interestIncomeExpense": -27.9,
        "netIncome": 181.7,
        "netIncomeAfterTaxes": 181.7,
        "nonRecurringItems": -12.1,
        "period": "2021-09-30",
        "pretaxIncome": 209.5,
        "provisionforIncomeTaxes": 27.7,
        "researchDevelopment": 334.9,
        "revenue": 813,
        "sgaExpense": 190.7,
        "totalOperatingExpense": 531,
        "totalOtherIncomeExpenseNet": 1.9
      },
      {
        "costOfGoodsSold": 32.6,
        "depreciationAmortization": 5.4,
        "dilutedAverageSharesOutstanding": 222.3,
        "dilutedEPS": 0.67,
        "ebit": 155.3,
        "grossIncome": 673.1,
        "interestExpense": 0.358,
        "interestIncomeExpense": 26.4,
        "netIncome": 149.5,
        "netIncomeAfterTaxes": 149.5,
        "nonRecurringItems": -14.5,
        "period": "2021-06-30",
        "pretaxIncome": 171.6,
        "provisionforIncomeTaxes": 22.2,
        "researchDevelopment": 343.5,
        "revenue": 705.7,
        "sgaExpense": 168.9,
        "totalOperatingExpense": 517.8,
        "totalOtherIncomeExpenseNet": 4.4
      },
      {
        "costOfGoodsSold": 23.8,
        "depreciationAmortization": 5.4,
        "dilutedAverageSharesOutstanding": 221.9,
        "dilutedEPS": 0.24,
        "ebit": 114.8,
        "grossIncome": 580.9,
        "interestExpense": 0.359,
        "interestIncomeExpense": -28.1,
        "netIncome": 53.5,
        "netIncomeAfterTaxes": 53.5,
        "nonRecurringItems": -16,
        "period": "2021-03-31",
        "pretaxIncome": 69.3,
        "provisionforIncomeTaxes": 15.8,
        "researchDevelopment": 306.9,
        "revenue": 604.7,
        "sgaExpense": 153.8,
        "totalOperatingExpense": 466.1,
        "totalOtherIncomeExpenseNet": -1.4
      },
      {
        "costOfGoodsSold": 31,
        "depreciationAmortization": 5.3,
        "dilutedAverageSharesOutstanding": 219.2,
        "dilutedEPS": 0.68,
        "ebit": 180.2,
        "grossIncome": 758.5,
        "interestExpense": 0.428,
        "interestIncomeExpense": 3.9,
        "netIncome": 149.9,
        "netIncomeAfterTaxes": 149.9,
        "nonRecurringItems": -16,
        "period": "2020-12-31",
        "pretaxIncome": 168.1,
        "provisionforIncomeTaxes": 18.3,
        "researchDevelopment": 405.9,
        "revenue": 789.5,
        "sgaExpense": 167,
        "totalOperatingExpense": 578.3
      },
      {
        "costOfGoodsSold": 28.9,
        "depreciationAmortization": 5.4,
        "dilutedAverageSharesOutstanding": 218.8,
        "dilutedEPS": -0.07,
        "ebit": 27.4,
        "grossIncome": 591.7,
        "interestExpense": 0.544,
        "interestIncomeExpense": -13.8,
        "netIncome": -15.2,
        "netIncomeAfterTaxes": -15.2,
        "nonRecurringItems": -22.1,
        "period": "2020-09-30",
        "pretaxIncome": -3.5,
        "provisionforIncomeTaxes": 11.7,
        "researchDevelopment": 438.1,
        "revenue": 620.6,
        "sgaExpense": 120.8,
        "totalOperatingExpense": 564.3,
        "totalOtherIncomeExpenseNet": 4.9
      },
      {
        "costOfGoodsSold": 28,
        "depreciationAmortization": 5.4,
        "dilutedAverageSharesOutstanding": 220.4,
        "dilutedEPS": 1.32,
        "ebit": 250.1,
        "grossIncome": 660.1,
        "interestExpense": 0.6,
        "interestIncomeExpense": 71.7,
        "netIncome": 290.3,
        "netIncomeAfterTaxes": 290.3,
        "nonRecurringItems": -19.3,
        "period": "2020-06-30",
        "pretaxIncome": 307.3,
        "provisionforIncomeTaxes": 17,
        "researchDevelopment": 286.6,
        "revenue": 688,
        "sgaExpense": 118,
        "totalOperatingExpense": 410,
        "totalOtherIncomeExpenseNet": 4.8
      },
      {
        "costOfGoodsSold": 21.9,
        "depreciationAmortization": 5.4,
        "dilutedAverageSharesOutstanding": 216.7,
        "dilutedEPS": -3.33,
        "ebit": -655.2,
        "grossIncome": 546.6,
        "interestExpense": 0.602,
        "interestIncomeExpense": -40.1,
        "netIncome": -720.6,
        "netIncomeAfterTaxes": -720.6,
        "nonRecurringItems": -8.8,
        "period": "2020-03-31",
        "pretaxIncome": -704.1,
        "provisionforIncomeTaxes": 16.6,
        "researchDevelopment": 1085.3,
        "revenue": 568.5,
        "sgaExpense": 111.1,
        "totalOperatingExpense": 1201.8
      },
      {
        "costOfGoodsSold": 26.9,
        "depreciationAmortization": 5.3,
        "dilutedAverageSharesOutstanding": 218.4,
        "dilutedEPS": 0.51,
        "ebit": 98.1,
        "grossIncome": 552.5,
        "interestExpense": 0.607,
        "interestIncomeExpense": 31,
        "netIncome": 111,
        "netIncomeAfterTaxes": 111,
        "nonRecurringItems": -3.1,
        "period": "2019-12-31",
        "pretaxIncome": 126,
        "provisionforIncomeTaxes": 15,
        "researchDevelopment": 312.9,
        "revenue": 579.4,
        "sgaExpense": 136.2,
        "totalOperatingExpense": 454.4
      },
      {
        "costOfGoodsSold": 24.6,
        "depreciationAmortization": 5.4,
        "dilutedAverageSharesOutstanding": 217.8,
        "dilutedEPS": 0.59,
        "ebit": 137.6,
        "grossIncome": 526.9,
        "interestExpense": 0.597,
        "interestIncomeExpense": 13.7,
        "netIncome": 128.3,
        "netIncomeAfterTaxes": 128.3,
        "nonRecurringItems": -3.3,
        "period": "2019-09-30",
        "pretaxIncome": 148,
        "provisionforIncomeTaxes": 19.7,
        "researchDevelopment": 281.3,
        "revenue": 551.6,
        "sgaExpense": 102.6,
        "totalOperatingExpense": 389.4
      },
      {
        "costOfGoodsSold": 24,
        "depreciationAmortization": 5.4,
        "dilutedAverageSharesOutstanding": 217.5,
        "dilutedEPS": 0.48,
        "ebit": 105.2,
        "grossIncome": 505.9,
        "interestExpense": 0.316,
        "interestIncomeExpense": 10.1,
        "netIncome": 105.3,
        "netIncomeAfterTaxes": 105.3,
        "nonRecurringItems": -6.6,
        "period": "2019-06-30",
        "pretaxIncome": 108.7,
        "provisionforIncomeTaxes": 3.4,
        "researchDevelopment": 289.4,
        "revenue": 529.9,
        "sgaExpense": 105.9,
        "totalOperatingExpense": 400.7
      },
      {
        "costOfGoodsSold": 17.2,
        "depreciationAmortization": 5.4,
        "dilutedAverageSharesOutstanding": 217.1,
        "dilutedEPS": 0.47,
        "ebit": 80.8,
        "grossIncome": 480.7,
        "interestExpense": 0.335,
        "interestIncomeExpense": 30,
        "netIncome": 102.3,
        "netIncomeAfterTaxes": 102.3,
        "nonRecurringItems": -6.7,
        "period": "2019-03-31",
        "pretaxIncome": 104.1,
        "provisionforIncomeTaxes": 1.8,
        "researchDevelopment": 270.5,
        "revenue": 497.9,
        "sgaExpense": 124,
        "totalOperatingExpense": 399.9
      },
      {
        "costOfGoodsSold": 21.1,
        "depreciationAmortization": 5.3,
        "dilutedAverageSharesOutstanding": 216,
        "dilutedEPS": 0.32,
        "ebit": 89.5,
        "grossIncome": 507.3,
        "interestExpense": 0.355,
        "interestIncomeExpense": -22.5,
        "netIncome": 69.1,
        "netIncomeAfterTaxes": 69.1,
        "nonRecurringItems": -7.5,
        "period": "2018-12-31",
        "pretaxIncome": 70.7,
        "provisionforIncomeTaxes": 1.7,
        "researchDevelopment": 304.2,
        "revenue": 528.4,
        "sgaExpense": 108.4,
        "totalOperatingExpense": 417.8,
        "totalOtherIncomeExpenseNet": 11.3
      },
      {
        "costOfGoodsSold": 19.4,
        "depreciationAmortization": 5.4,
        "dilutedAverageSharesOutstanding": 216,
        "dilutedEPS": 0.14,
        "ebit": 35.8,
        "grossIncome": 430.3,
        "interestExpense": 0.405,
        "interestIncomeExpense": -10.4,
        "netIncome": 29.2,
        "netIncomeAfterTaxes": 29.2,
        "nonRecurringItems": -4.7,
        "period": "2018-09-30",
        "pretaxIncome": 31,
        "provisionforIncomeTaxes": 1.8,
        "researchDevelopment": 292.5,
        "revenue": 449.7,
        "sgaExpense": 96.5,
        "totalOperatingExpense": 394.5,
        "totalOtherIncomeExpenseNet": 10.2
      },
      {
        "costOfGoodsSold": 19.5,
        "depreciationAmortization": 5.4,
        "dilutedAverageSharesOutstanding": 215.1,
        "dilutedEPS": 0.24,
        "ebit": 90.5,
        "grossIncome": 502.1,
        "interestExpense": 0.398,
        "interestIncomeExpense": -35,
        "netIncome": 52.4,
        "netIncomeAfterTaxes": 52.4,
        "nonRecurringItems": -7.3,
        "period": "2018-06-30",
        "pretaxIncome": 54,
        "provisionforIncomeTaxes": 1.6,
        "researchDevelopment": 298.1,
        "revenue": 521.5,
        "sgaExpense": 108,
        "totalOperatingExpense": 411.5,
        "totalOtherIncomeExpenseNet": 5.8
      },
      {
        "costOfGoodsSold": 12.7,
        "depreciationAmortization": 5.4,
        "dilutedAverageSharesOutstanding": 211.7,
        "dilutedEPS": -0.19,
        "ebit": -60.4,
        "grossIncome": 369.6,
        "interestExpense": 0.385,
        "interestIncomeExpense": 22.3,
        "netIncome": -41.1,
        "netIncomeAfterTaxes": -41.1,
        "nonRecurringItems": -6.7,
        "period": "2018-03-31",
        "pretaxIncome": -40.4,
        "provisionforIncomeTaxes": 0.8,
        "researchDevelopment": 303.1,
        "revenue": 382.3,
        "sgaExpense": 121.5,
        "totalOperatingExpense": 430,
        "totalOtherIncomeExpenseNet": 4.5
      },
      {
        "costOfGoodsSold": 17.1,
        "depreciationAmortization": 5.3,
        "dilutedAverageSharesOutstanding": 211.1,
        "dilutedEPS": -0.71,
        "ebit": -122.8,
        "grossIncome": 427.1,
        "interestExpense": 0.373,
        "interestIncomeExpense": -22.3,
        "netIncome": -149.6,
        "netIncomeAfterTaxes": -149.6,
        "nonRecurringItems": -9.6,
        "period": "2017-12-31",
        "pretaxIncome": -148.3,
        "provisionforIncomeTaxes": 1.4,
        "researchDevelopment": 446.9,
        "revenue": 444.2,
        "sgaExpense": 97.7,
        "totalOperatingExpense": 549.9,
        "totalOtherIncomeExpenseNet": 6.4
      },
      {
        "costOfGoodsSold": 16.6,
        "depreciationAmortization": 5.4,
        "dilutedAverageSharesOutstanding": 212.6,
        "dilutedEPS": 0.17,
        "ebit": -1.3,
        "grossIncome": 364.9,
        "interestExpense": 0.204,
        "interestIncomeExpense": 22.8,
        "netIncome": 36.1,
        "netIncomeAfterTaxes": 36.1,
        "nonRecurringItems": 16.3,
        "period": "2017-09-30",
        "pretaxIncome": 43.4,
        "provisionforIncomeTaxes": 7.3,
        "researchDevelopment": 269.6,
        "revenue": 381.5,
        "sgaExpense": 91.3,
        "totalOperatingExpense": 366.2,
        "totalOtherIncomeExpenseNet": 5.5
      },
      {
        "costOfGoodsSold": 14.9,
        "depreciationAmortization": 5.4,
        "dilutedAverageSharesOutstanding": 205.1,
        "dilutedEPS": -0.06,
        "ebit": 14.4,
        "grossIncome": 311.6,
        "interestExpense": 0.384,
        "interestIncomeExpense": -20,
        "netIncome": -12.5,
        "netIncomeAfterTaxes": -12.5,
        "nonRecurringItems": -7.1,
        "period": "2017-06-30",
        "pretaxIncome": -9.4,
        "provisionforIncomeTaxes": 3.1,
        "researchDevelopment": 201.8,
        "revenue": 326.4,
        "sgaExpense": 90.1,
        "totalOperatingExpense": 297.2,
        "totalOtherIncomeExpenseNet": 3.3
      },
      {
        "costOfGoodsSold": 9.4,
        "depreciationAmortization": 5.4,
        "dilutedAverageSharesOutstanding": 195.3,
        "dilutedEPS": -0.96,
        "ebit": -125.8,
        "grossIncome": 374.7,
        "interestExpense": 5.939,
        "interestIncomeExpense": -11.8,
        "netIncome": -187.1,
        "netIncomeAfterTaxes": -187.1,
        "nonRecurringItems": -7.4,
        "period": "2017-03-31",
        "pretaxIncome": -198,
        "provisionforIncomeTaxes": -10.9,
        "researchDevelopment": 407.9,
        "revenue": 384.1,
        "sgaExpense": 87.2,
        "totalOperatingExpense": 500.5,
        "totalOtherIncomeExpenseNet": -53
      },
      {
        "costOfGoodsSold": 19.6,
        "dilutedAverageSharesOutstanding": 195.2,
        "dilutedEPS": 0.05,
        "ebit": 49.2,
        "grossIncome": 306.9,
        "interestExpense": 9.47,
        "interestIncomeExpense": -32.6,
        "netIncome": 8.9,
        "netIncomeAfterTaxes": 8.9,
        "nonRecurringItems": -7.1,
        "period": "2016-12-31",
        "pretaxIncome": 9.4,
        "provisionforIncomeTaxes": 0.6,
        "researchDevelopment": 161.6,
        "revenue": 326.5,
        "sgaExpense": 96.1,
        "totalOperatingExpense": 257.7
      },
      {
        "costOfGoodsSold": 20.2,
        "dilutedAverageSharesOutstanding": 194.3,
        "dilutedEPS": 0.19,
        "ebit": 30.3,
        "grossIncome": 249.3,
        "interestExpense": 9.479,
        "interestIncomeExpense": 16,
        "netIncome": 36.9,
        "netIncomeAfterTaxes": 36.9,
        "nonRecurringItems": -8,
        "period": "2016-09-30",
        "pretaxIncome": 38.3,
        "provisionforIncomeTaxes": 1.4,
        "researchDevelopment": 143.2,
        "revenue": 269.5,
        "sgaExpense": 75.8,
        "totalOperatingExpense": 219
      },
      {
        "costOfGoodsSold": 12.4,
        "dilutedAverageSharesOutstanding": 193,
        "dilutedEPS": 0.18,
        "ebit": 46.9,
        "grossIncome": 233.9,
        "interestExpense": 9.662,
        "interestIncomeExpense": -9.4,
        "netIncome": 34.4,
        "netIncomeAfterTaxes": 34.4,
        "nonRecurringItems": -2.3,
        "period": "2016-06-30",
        "pretaxIncome": 35.2,
        "provisionforIncomeTaxes": 0.8,
        "researchDevelopment": 120.3,
        "revenue": 246.3,
        "sgaExpense": 66.8,
        "totalOperatingExpense": 187
      },
      {
        "costOfGoodsSold": 6,
        "dilutedAverageSharesOutstanding": 192.6,
        "dilutedEPS": 0.12,
        "ebit": 36,
        "grossIncome": 257.5,
        "interestExpense": 10.134,
        "interestIncomeExpense": -11.6,
        "netIncome": 24,
        "netIncomeAfterTaxes": 24,
        "period": "2016-03-31",
        "pretaxIncome": 24.4,
        "provisionforIncomeTaxes": 0.4,
        "researchDevelopment": 156.8,
        "revenue": 263.5,
        "sgaExpense": 64.6,
        "totalOperatingExpense": 221.4
      },
      {
        "costOfGoodsSold": 9.7,
        "dilutedAverageSharesOutstanding": 217.1,
        "dilutedEPS": 0.25,
        "ebit": 65.1,
        "grossIncome": 234.2,
        "interestExpense": 10.213,
        "interestIncomeExpense": -9.4,
        "netIncome": 55.2,
        "netIncomeAfterTaxes": 55.2,
        "nonRecurringItems": 0,
        "period": "2015-12-31",
        "pretaxIncome": 55.7,
        "provisionforIncomeTaxes": 0.5,
        "researchDevelopment": 116.6,
        "revenue": 243.9,
        "sgaExpense": 52.5,
        "totalOperatingExpense": 169.1,
        "totalOtherIncomeExpenseNet": 0
      },
      {
        "costOfGoodsSold": 8,
        "dilutedAverageSharesOutstanding": 181.4,
        "dilutedEPS": -0.22,
        "ebit": -0.1,
        "grossIncome": 179.6,
        "interestExpense": 11.209,
        "interestIncomeExpense": -39.5,
        "netIncome": -39.6,
        "netIncomeAfterTaxes": -39.6,
        "period": "2015-09-30",
        "pretaxIncome": -39.6,
        "provisionforIncomeTaxes": 0,
        "researchDevelopment": 132.1,
        "revenue": 187.6,
        "sgaExpense": 47.6,
        "totalOperatingExpense": 179.7,
        "totalOtherIncomeExpenseNet": 0
      }
    ],
    "symbol": "INCY"
  }
}