{
  "symbol": "IPG",
  "statement": "ic",
  "frequency": "annual",
  "timestamp": "2025-09-19T14:02:12.752091",
  "data": {
    "financials": [
      {
        "costOfGoodsSold": 8872,
        "depreciationAmortization": 258.9,
        "dilutedAverageSharesOutstanding": 377.7,
        "dilutedEPS": 1.8255,
        "ebit": 1430.3,
        "equityEarningsAffiliates": 0.5,
        "grossIncome": 1819.7,
        "interestExpense": 229.9,
        "interestIncomeExpense": -78.2,
        "minorityInterest": -26.2,
        "netIncome": 689.5,
        "netIncomeAfterTaxes": 715.2,
        "nonRecurringItems": -291.3,
        "period": "2024-12-31",
        "pretaxIncome": 1049.1,
        "provisionforIncomeTaxes": 333.9,
        "revenue": 10691.7,
        "sgaExpense": 130.5,
        "totalOperatingExpense": 389.4,
        "totalOtherIncomeExpenseNet": -11.7,
        "year": 2024
      },
      {
        "costOfGoodsSold": 9075.1,
        "depreciationAmortization": 264.3,
        "dilutedAverageSharesOutstanding": 385.9,
        "dilutedEPS": 2.8463,
        "ebit": 1482.7,
        "equityEarningsAffiliates": 1.3,
        "grossIncome": 1814.2,
        "interestExpense": 225.6,
        "interestIncomeExpense": -84.8,
        "minorityInterest": -19.7,
        "netIncome": 1098.4,
        "netIncomeAfterTaxes": 1116.8,
        "nonRecurringItems": 17.8,
        "period": "2023-12-31",
        "pretaxIncome": 1408,
        "provisionforIncomeTaxes": 291.2,
        "revenue": 10889.3,
        "sgaExpense": 67.2,
        "totalOperatingExpense": 331.5,
        "totalOtherIncomeExpenseNet": -7.7,
        "year": 2023
      },
      {
        "costOfGoodsSold": 9083,
        "depreciationAmortization": 274,
        "dilutedAverageSharesOutstanding": 395,
        "dilutedEPS": 2.37,
        "ebit": 1484,
        "equityEarningsAffiliates": 6,
        "grossIncome": 1845,
        "interestExpense": 174.7,
        "interestIncomeExpense": -111,
        "minorityInterest": -18,
        "netIncome": 938,
        "netIncomeAfterTaxes": 951,
        "nonRecurringItems": -114,
        "period": "2022-12-31",
        "pretaxIncome": 1269,
        "provisionforIncomeTaxes": 318,
        "revenue": 10928,
        "sgaExpense": 87,
        "totalOperatingExpense": 361,
        "totalOtherIncomeExpenseNet": 10,
        "year": 2022
      },
      {
        "costOfGoodsSold": 8388,
        "depreciationAmortization": 284,
        "dilutedAverageSharesOutstanding": 398,
        "dilutedEPS": 2.39,
        "ebit": 1447,
        "equityEarningsAffiliates": 3,
        "grossIncome": 1853,
        "interestExpense": 173.1,
        "interestIncomeExpense": -143,
        "minorityInterest": -20,
        "netIncome": 953,
        "netIncomeAfterTaxes": 970,
        "nonRecurringItems": -104,
        "period": "2021-12-31",
        "pretaxIncome": 1222,
        "provisionforIncomeTaxes": 252,
        "revenue": 10241,
        "sgaExpense": 122,
        "totalOperatingExpense": 406,
        "totalOtherIncomeExpenseNet": 23,
        "year": 2021
      },
      {
        "costOfGoodsSold": 7709,
        "depreciationAmortization": 291,
        "dilutedAverageSharesOutstanding": 393,
        "dilutedEPS": 0.89,
        "ebit": 1002,
        "equityEarningsAffiliates": 1,
        "grossIncome": 1352,
        "interestExpense": 192.2,
        "interestIncomeExpense": -163,
        "minorityInterest": -3,
        "netIncome": 351,
        "netIncomeAfterTaxes": 353,
        "nonRecurringItems": -481,
        "period": "2020-12-31",
        "pretaxIncome": 361,
        "provisionforIncomeTaxes": 8,
        "revenue": 9061,
        "sgaExpense": 59,
        "totalOperatingExpense": 350,
        "totalOtherIncomeExpenseNet": 3,
        "year": 2020
      },
      {
        "costOfGoodsSold": 8729,
        "depreciationAmortization": 279,
        "dilutedAverageSharesOutstanding": 391,
        "dilutedEPS": 1.68,
        "ebit": 1120,
        "equityEarningsAffiliates": 0,
        "grossIncome": 1492,
        "interestExpense": 199.3,
        "interestIncomeExpense": -165,
        "minorityInterest": -18,
        "netIncome": 656,
        "netIncomeAfterTaxes": 674,
        "nonRecurringItems": -77,
        "period": "2019-12-31",
        "pretaxIncome": 878,
        "provisionforIncomeTaxes": 205,
        "revenue": 10221,
        "sgaExpense": 94,
        "totalOperatingExpense": 373,
        "totalOtherIncomeExpenseNet": 1,
        "year": 2019
      },
      {
        "costOfGoodsSold": 8336,
        "depreciationAmortization": 203,
        "dilutedAverageSharesOutstanding": 389,
        "dilutedEPS": 1.59,
        "ebit": 1009,
        "equityEarningsAffiliates": -1,
        "grossIncome": 1378,
        "interestExpense": 123,
        "interestIncomeExpense": -101,
        "minorityInterest": -19,
        "netIncome": 619,
        "netIncomeAfterTaxes": 639,
        "nonRecurringItems": -62,
        "period": "2018-12-31",
        "pretaxIncome": 838,
        "provisionforIncomeTaxes": 199,
        "revenue": 9714,
        "sgaExpense": 167,
        "totalOperatingExpense": 370,
        "totalOtherIncomeExpenseNet": -8,
        "year": 2018
      },
      {
        "costOfGoodsSold": 7834,
        "depreciationAmortization": 157,
        "dilutedAverageSharesOutstanding": 397,
        "dilutedEPS": 1.4,
        "ebit": 938,
        "equityEarningsAffiliates": 1,
        "grossIncome": 1214,
        "interestExpense": 90.8,
        "interestIncomeExpense": -71,
        "minorityInterest": -16,
        "netIncome": 554,
        "netIncomeAfterTaxes": 570,
        "nonRecurringItems": -24,
        "period": "2017-12-31",
        "pretaxIncome": 841,
        "provisionforIncomeTaxes": 271,
        "revenue": 9048,
        "sgaExpense": 119,
        "totalOperatingExpense": 275,
        "totalOtherIncomeExpenseNet": -2,
        "year": 2017
      },
      {
        "costOfGoodsSold": 7821,
        "depreciationAmortization": 160,
        "dilutedAverageSharesOutstanding": 408,
        "dilutedEPS": 1.48,
        "ebit": 936,
        "equityEarningsAffiliates": 0,
        "grossIncome": 1235,
        "interestExpense": 90.6,
        "interestIncomeExpense": -71,
        "minorityInterest": -24,
        "netIncome": 605,
        "netIncomeAfterTaxes": 629,
        "nonRecurringItems": -41,
        "period": "2016-12-31",
        "pretaxIncome": 826,
        "provisionforIncomeTaxes": 197,
        "revenue": 9056,
        "sgaExpense": 139,
        "totalOperatingExpense": 299,
        "totalOtherIncomeExpenseNet": 1,
        "year": 2016
      },
      {
        "costOfGoodsSold": 4858,
        "dilutedAverageSharesOutstanding": 416,
        "dilutedEPS": 1.09,
        "ebit": 871,
        "equityEarningsAffiliates": 1,
        "grossIncome": 2756,
        "interestExpense": 85.8,
        "interestIncomeExpense": -63,
        "minorityInterest": -26,
        "netIncome": 455,
        "netIncomeAfterTaxes": 479,
        "nonRecurringItems": -49,
        "period": "2015-12-31",
        "pretaxIncome": 762,
        "provisionforIncomeTaxes": 283,
        "revenue": 7614,
        "sgaExpense": 1885,
        "totalOperatingExpense": 1885,
        "totalOtherIncomeExpenseNet": 3,
        "year": 2015
      }
    ],
    "symbol": "IPG"
  }
}