{
  "symbol": "GL",
  "statement": "ic",
  "frequency": "annual",
  "timestamp": "2025-09-19T14:01:12.114411",
  "data": {
    "financials": [
      {
        "benefitsClaimsLossAdjustment": 3495.196,
        "deferredPolicyAcquisitionExpense": 410.001,
        "dilutedAverageSharesOutstanding": 89.6614,
        "dilutedEPS": 11.9423,
        "ebit": 1475.304,
        "grossPremiumsEarned": 4666.626,
        "interestExpense": 127.092,
        "interestIncomeExpense": -127.092,
        "netIncome": 1070.762,
        "netIncomeAfterTaxes": 1070.762,
        "nonRecurringItems": -21.575,
        "otherOperatingExpensesTotal": 2.62,
        "period": "2024-12-31",
        "pretaxIncome": 1326.637,
        "provisionforIncomeTaxes": 255.875,
        "revenue": 5778.069,
        "sgaExpense": 394.948,
        "totalOperatingExpense": 4302.765,
        "year": 2024
      },
      {
        "benefitsClaimsLossAdjustment": 3423.418,
        "deferredPolicyAcquisitionExpense": 379.7,
        "dilutedAverageSharesOutstanding": 96.3638,
        "dilutedEPS": 10.0739,
        "ebit": 1297.482,
        "grossPremiumsEarned": 4456.325,
        "interestExpense": 102.316,
        "interestIncomeExpense": -102.316,
        "netIncome": 970.755,
        "netIncomeAfterTaxes": 970.755,
        "nonRecurringItems": -0.9,
        "otherOperatingExpensesTotal": 4.17,
        "period": "2023-12-31",
        "pretaxIncome": 1194.266,
        "provisionforIncomeTaxes": 223.511,
        "revenue": 5447.533,
        "sgaExpense": 342.763,
        "totalOperatingExpense": 4150.051,
        "year": 2023
      },
      {
        "benefitsClaimsLossAdjustment": 3331.456,
        "deferredPolicyAcquisitionExpense": 348.824,
        "dilutedAverageSharesOutstanding": 98.9846,
        "dilutedEPS": 9.0356,
        "ebit": 1195.002,
        "grossPremiumsEarned": 4311.488,
        "interestExpense": 90.395,
        "interestIncomeExpense": -90.395,
        "netIncome": 894.386,
        "netIncomeAfterTaxes": 894.386,
        "nonRecurringItems": -2.496,
        "otherOperatingExpensesTotal": 5.311,
        "period": "2022-12-31",
        "pretaxIncome": 1102.111,
        "provisionforIncomeTaxes": 207.725,
        "revenue": 5214.906,
        "sgaExpense": 346.147,
        "totalOperatingExpense": 4031.738,
        "year": 2022
      },
      {
        "benefitsClaimsLossAdjustment": 3114.296,
        "deferredPolicyAcquisitionExpense": 317.616,
        "dilutedAverageSharesOutstanding": 103.1701,
        "dilutedEPS": 9.9943,
        "ebit": 1375.55,
        "grossPremiumsEarned": 4096.029,
        "interestExpense": 83.486,
        "interestIncomeExpense": -83.486,
        "netIncome": 1031.114,
        "netIncomeAfterTaxes": 1031.114,
        "nonRecurringItems": -17.453,
        "otherOperatingExpensesTotal": 2.434,
        "period": "2021-12-31",
        "pretaxIncome": 1274.611,
        "provisionforIncomeTaxes": 243.497,
        "revenue": 5122.183,
        "sgaExpense": 311.456,
        "totalOperatingExpense": 3745.802,
        "year": 2021
      },
      {
        "benefitsClaimsLossAdjustment": 2877.7,
        "deferredPolicyAcquisitionExpense": 575.8,
        "dilutedAverageSharesOutstanding": 107.2,
        "dilutedEPS": 6.82,
        "ebit": 987.3,
        "grossPremiumsEarned": 3815.2,
        "interestExpense": 86.704,
        "interestIncomeExpense": -86.7,
        "netIncome": 731.8,
        "netIncomeAfterTaxes": 731.8,
        "nonRecurringItems": -3.9,
        "otherOperatingExpensesTotal": 1,
        "period": "2020-12-31",
        "pretaxIncome": 896.7,
        "provisionforIncomeTaxes": 164.9,
        "revenue": 4738.6,
        "sgaExpense": 296.7,
        "totalOperatingExpense": 3751.3,
        "year": 2020
      },
      {
        "benefitsClaimsLossAdjustment": 2655.4,
        "deferredPolicyAcquisitionExpense": 551.7,
        "dilutedAverageSharesOutstanding": 111.4,
        "dilutedEPS": 6.83,
        "ebit": 1024.4,
        "grossPremiumsEarned": 3596.5,
        "interestExpense": 84.306,
        "interestIncomeExpense": -84.3,
        "netIncome": 760.8,
        "netIncomeAfterTaxes": 760.9,
        "nonRecurringItems": -8.8,
        "otherOperatingExpensesTotal": 0.6,
        "period": "2019-12-31",
        "pretaxIncome": 931.3,
        "provisionforIncomeTaxes": 170.4,
        "revenue": 4527.5,
        "sgaExpense": 295.4,
        "totalOperatingExpense": 3503.1,
        "year": 2019
      },
      {
        "benefitsClaimsLossAdjustment": 2553.7,
        "deferredPolicyAcquisitionExpense": 516.7,
        "dilutedAverageSharesOutstanding": 115.2,
        "dilutedEPS": 6.08,
        "ebit": 957.3,
        "grossPremiumsEarned": 3423,
        "interestExpense": 90.076,
        "interestIncomeExpense": -90.1,
        "netIncome": 701.5,
        "netIncomeAfterTaxes": 700.7,
        "nonRecurringItems": -3.6,
        "otherOperatingExpensesTotal": 1.6,
        "period": "2018-12-31",
        "pretaxIncome": 863.7,
        "provisionforIncomeTaxes": 163,
        "revenue": 4303.8,
        "sgaExpense": 274.4,
        "totalOperatingExpense": 3346.4,
        "year": 2018
      },
      {
        "benefitsClaimsLossAdjustment": 2492.7,
        "deferredPolicyAcquisitionExpense": 490.4,
        "dilutedAverageSharesOutstanding": 119,
        "dilutedEPS": 12.22,
        "ebit": 915.2,
        "grossPremiumsEarned": 3284.1,
        "interestExpense": 84.532,
        "interestIncomeExpense": -84.5,
        "netIncome": 1454.5,
        "netIncomeAfterTaxes": 581.3,
        "otherOperatingExpensesTotal": 0,
        "period": "2017-12-31",
        "pretaxIncome": 830.6,
        "provisionforIncomeTaxes": 249.4,
        "revenue": 4155.6,
        "sgaExpense": 257.3,
        "totalOperatingExpense": 3240.4,
        "year": 2017
      },
      {
        "benefitsClaimsLossAdjustment": 2377.9,
        "deferredPolicyAcquisitionExpense": 469.1,
        "dilutedAverageSharesOutstanding": 122.4,
        "dilutedEPS": 4.49,
        "ebit": 855.6,
        "grossPremiumsEarned": 3138.4,
        "interestExpense": 83.345,
        "interestIncomeExpense": -83.3,
        "netIncome": 549.8,
        "netIncomeAfterTaxes": 539.6,
        "nonRecurringItems": 0,
        "otherOperatingExpensesTotal": 0.6,
        "period": "2016-12-31",
        "pretaxIncome": 772.2,
        "provisionforIncomeTaxes": 232.6,
        "revenue": 3934.6,
        "sgaExpense": 231.5,
        "totalOperatingExpense": 3079,
        "year": 2016
      },
      {
        "benefitsClaimsLossAdjustment": 2253.8,
        "deferredPolicyAcquisitionExpense": 445.6,
        "dilutedAverageSharesOutstanding": 126.8,
        "dilutedEPS": 4.15,
        "ebit": 842.8,
        "grossPremiumsEarned": 3000.9,
        "interestExpense": 76.642,
        "interestIncomeExpense": -76.6,
        "netIncome": 527.1,
        "netIncomeAfterTaxes": 516.3,
        "nonRecurringItems": 0,
        "otherOperatingExpensesTotal": 0,
        "period": "2015-12-31",
        "pretaxIncome": 766.2,
        "provisionforIncomeTaxes": 249.9,
        "revenue": 3766.1,
        "sgaExpense": 223.9,
        "totalOperatingExpense": 2923.2,
        "year": 2015
      }
    ],
    "symbol": "GL"
  }
}