{
  "symbol": "GIS",
  "statement": "ic",
  "frequency": "quarterly",
  "timestamp": "2025-09-19T14:01:02.209702",
  "data": {
    "financials": [
      {
        "costOfGoodsSold": 3073.9,
        "dilutedAverageSharesOutstanding": 550.6,
        "dilutedEPS": 0.534,
        "ebit": 610.9,
        "equityEarningsAffiliates": -6,
        "grossIncome": 1482.3,
        "interestIncomeExpense": -139.7,
        "minorityInterest": -8,
        "netIncome": 294,
        "netIncomeAfterTaxes": 308,
        "nonRecurringItems": -106.9,
        "period": "2025-05-25",
        "pretaxIncome": 377.1,
        "provisionforIncomeTaxes": 69.1,
        "revenue": 4556.2,
        "sgaExpense": 871.4,
        "totalOperatingExpense": 871.4,
        "totalOtherIncomeExpenseNet": 12.8
      },
      {
        "costOfGoodsSold": 3202.7,
        "dilutedAverageSharesOutstanding": 555,
        "dilutedEPS": 1.1272,
        "ebit": 822.4,
        "equityEarningsAffiliates": 14.4,
        "grossIncome": 1639.5,
        "interestIncomeExpense": -136.3,
        "minorityInterest": -5.4,
        "netIncome": 625.6,
        "netIncomeAfterTaxes": 616.6,
        "nonRecurringItems": 69,
        "period": "2025-02-23",
        "pretaxIncome": 769,
        "provisionforIncomeTaxes": 152.4,
        "revenue": 4842.2,
        "sgaExpense": 817.1,
        "totalOperatingExpense": 817.1,
        "totalOtherIncomeExpenseNet": 13.9
      },
      {
        "costOfGoodsSold": 3308.8,
        "dilutedAverageSharesOutstanding": 560.4,
        "dilutedEPS": 1.4199,
        "ebit": 1090.5,
        "equityEarningsAffiliates": 30,
        "grossIncome": 1931.3,
        "interestIncomeExpense": -124.6,
        "minorityInterest": -6.6,
        "netIncome": 795.7,
        "netIncomeAfterTaxes": 772.3,
        "nonRecurringItems": -12.6,
        "period": "2024-11-24",
        "pretaxIncome": 967.1,
        "provisionforIncomeTaxes": 194.8,
        "revenue": 5240.1,
        "sgaExpense": 840.8,
        "totalOperatingExpense": 840.8,
        "totalOtherIncomeExpenseNet": 13.8
      },
      {
        "costOfGoodsSold": 3158.5,
        "dilutedAverageSharesOutstanding": 563.8,
        "dilutedEPS": 1.0286,
        "ebit": 836.1,
        "equityEarningsAffiliates": 19.2,
        "grossIncome": 1689.6,
        "interestIncomeExpense": -123.6,
        "minorityInterest": -3.7,
        "netIncome": 579.9,
        "netIncomeAfterTaxes": 564.4,
        "nonRecurringItems": -4.6,
        "period": "2024-08-25",
        "pretaxIncome": 721.8,
        "provisionforIncomeTaxes": 157.4,
        "revenue": 4848.1,
        "sgaExpense": 853.5,
        "totalOperatingExpense": 853.5,
        "totalOtherIncomeExpenseNet": 13.9
      },
      {
        "costOfGoodsSold": 3024.6,
        "dilutedAverageSharesOutstanding": 570.5,
        "dilutedEPS": 0.9772,
        "ebit": 851.2,
        "equityEarningsAffiliates": 19.1,
        "grossIncome": 1689.3,
        "interestIncomeExpense": -122.7,
        "minorityInterest": -2.2,
        "netIncome": 557.5,
        "netIncomeAfterTaxes": 540.6,
        "nonRecurringItems": -72,
        "period": "2024-05-26",
        "pretaxIncome": 676.6,
        "provisionforIncomeTaxes": 136,
        "revenue": 4713.9,
        "sgaExpense": 838.1,
        "totalOperatingExpense": 838.1,
        "totalOtherIncomeExpenseNet": 20.1
      },
      {
        "costOfGoodsSold": 3391.2,
        "dilutedAverageSharesOutstanding": 572.8,
        "dilutedEPS": 1.1699,
        "ebit": 917.1,
        "equityEarningsAffiliates": 18,
        "grossIncome": 1708,
        "interestIncomeExpense": -121.7,
        "minorityInterest": -6.2,
        "netIncome": 670.1,
        "netIncomeAfterTaxes": 658.3,
        "nonRecurringItems": -6.4,
        "period": "2024-02-25",
        "pretaxIncome": 807.6,
        "provisionforIncomeTaxes": 149.3,
        "revenue": 5099.2,
        "sgaExpense": 790.9,
        "totalOperatingExpense": 790.9,
        "totalOtherIncomeExpenseNet": 18.6
      },
      {
        "costOfGoodsSold": 3364.9,
        "dilutedAverageSharesOutstanding": 583.4,
        "dilutedEPS": 1.0207,
        "ebit": 944.6,
        "equityEarningsAffiliates": 24.2,
        "grossIncome": 1774.5,
        "interestIncomeExpense": -117.8,
        "minorityInterest": -6.8,
        "netIncome": 595.5,
        "netIncomeAfterTaxes": 578.1,
        "nonRecurringItems": -112.7,
        "period": "2023-11-26",
        "pretaxIncome": 714.1,
        "provisionforIncomeTaxes": 136,
        "revenue": 5139.4,
        "sgaExpense": 829.9,
        "totalOperatingExpense": 829.9
      },
      {
        "costOfGoodsSold": 3125.6,
        "dilutedAverageSharesOutstanding": 591.4,
        "dilutedEPS": 1.14,
        "ebit": 940,
        "equityEarningsAffiliates": 23.5,
        "grossIncome": 1779.1,
        "interestIncomeExpense": -117,
        "minorityInterest": -6.8,
        "netIncome": 673.5,
        "netIncomeAfterTaxes": 656.8,
        "nonRecurringItems": 7,
        "period": "2023-08-27",
        "pretaxIncome": 830,
        "provisionforIncomeTaxes": 173.2,
        "revenue": 4904.7,
        "sgaExpense": 839.1,
        "totalOperatingExpense": 839.1
      },
      {
        "costOfGoodsSold": 3298.9,
        "dilutedAverageSharesOutstanding": 597.6,
        "dilutedEPS": 1.03,
        "ebit": 862.5,
        "equityEarningsAffiliates": 23.4,
        "grossIncome": 1731.1,
        "interestIncomeExpense": -104.6,
        "minorityInterest": -5.2,
        "netIncome": 614.9,
        "netIncomeAfterTaxes": 596.7,
        "nonRecurringItems": -20.5,
        "period": "2023-05-28",
        "pretaxIncome": 737.4,
        "provisionforIncomeTaxes": 140.7,
        "revenue": 5030,
        "sgaExpense": 868.6,
        "totalOperatingExpense": 868.6
      },
      {
        "costOfGoodsSold": 3460.4,
        "dilutedAverageSharesOutstanding": 599,
        "dilutedEPS": 0.92,
        "ebit": 719.3,
        "equityEarningsAffiliates": 12.7,
        "grossIncome": 1665.5,
        "interestIncomeExpense": -98.3,
        "minorityInterest": -4.8,
        "netIncome": 553.1,
        "netIncomeAfterTaxes": 545.2,
        "nonRecurringItems": 32.5,
        "period": "2023-02-26",
        "pretaxIncome": 653.5,
        "provisionforIncomeTaxes": 108.3,
        "revenue": 5125.9,
        "sgaExpense": 946.2,
        "totalOperatingExpense": 946.2
      },
      {
        "costOfGoodsSold": 3515.1,
        "dilutedAverageSharesOutstanding": 602,
        "dilutedEPS": 1.01,
        "ebit": 816,
        "equityEarningsAffiliates": 25.4,
        "grossIncome": 1705.6,
        "interestIncomeExpense": -91.5,
        "minorityInterest": -2.4,
        "netIncome": 605.9,
        "netIncomeAfterTaxes": 582.9,
        "nonRecurringItems": 5.5,
        "period": "2022-11-27",
        "pretaxIncome": 730,
        "provisionforIncomeTaxes": 147.1,
        "revenue": 5220.7,
        "sgaExpense": 889.6,
        "totalOperatingExpense": 889.6
      },
      {
        "costOfGoodsSold": 3269.2,
        "dilutedAverageSharesOutstanding": 606,
        "dilutedEPS": 1.35,
        "ebit": 658.7,
        "equityEarningsAffiliates": 19.8,
        "grossIncome": 1448.4,
        "interestIncomeExpense": -87.7,
        "minorityInterest": -3.3,
        "netIncome": 820,
        "netIncomeAfterTaxes": 803.5,
        "nonRecurringItems": 448.6,
        "period": "2022-08-28",
        "pretaxIncome": 1019.6,
        "provisionforIncomeTaxes": 216.1,
        "revenue": 4717.6,
        "sgaExpense": 789.7,
        "totalOperatingExpense": 789.7
      },
      {
        "costOfGoodsSold": 3120.8,
        "dilutedAverageSharesOutstanding": 609.9,
        "dilutedEPS": 1.35,
        "ebit": 979.2,
        "equityEarningsAffiliates": 19.7,
        "grossIncome": 1770.4,
        "interestIncomeExpense": -104.5,
        "minorityInterest": -3,
        "netIncome": 822.8,
        "netIncomeAfterTaxes": 806.1,
        "nonRecurringItems": 65.9,
        "period": "2022-05-29",
        "pretaxIncome": 940.6,
        "provisionforIncomeTaxes": 134.5,
        "revenue": 4891.2,
        "sgaExpense": 791.2,
        "totalOperatingExpense": 791.2
      },
      {
        "costOfGoodsSold": 3131.8,
        "dilutedAverageSharesOutstanding": 612.4,
        "dilutedEPS": 1.08,
        "ebit": 667.4,
        "equityEarningsAffiliates": 29.9,
        "grossIncome": 1405.9,
        "interestIncomeExpense": -86.5,
        "minorityInterest": -2.3,
        "netIncome": 660.3,
        "netIncomeAfterTaxes": 632.7,
        "nonRecurringItems": 175,
        "period": "2022-02-27",
        "pretaxIncome": 755.9,
        "provisionforIncomeTaxes": 123.2,
        "revenue": 4537.7,
        "sgaExpense": 738.5,
        "totalOperatingExpense": 738.5
      },
      {
        "costOfGoodsSold": 3392.4,
        "dilutedAverageSharesOutstanding": 613,
        "dilutedEPS": 0.97,
        "ebit": 843.9,
        "equityEarningsAffiliates": 33,
        "grossIncome": 1631.6,
        "interestIncomeExpense": -92.7,
        "minorityInterest": -11.2,
        "netIncome": 597.2,
        "netIncomeAfterTaxes": 575.4,
        "nonRecurringItems": -16.1,
        "period": "2021-11-28",
        "pretaxIncome": 735.1,
        "provisionforIncomeTaxes": 159.7,
        "revenue": 5024,
        "sgaExpense": 787.7,
        "totalOperatingExpense": 787.7
      },
      {
        "costOfGoodsSold": 2942.3,
        "dilutedAverageSharesOutstanding": 614.8,
        "dilutedEPS": 1.02,
        "ebit": 863.2,
        "equityEarningsAffiliates": 29.1,
        "grossIncome": 1597.6,
        "interestIncomeExpense": -95.9,
        "minorityInterest": -11.2,
        "netIncome": 627,
        "netIncomeAfterTaxes": 609.1,
        "nonRecurringItems": 10.7,
        "period": "2021-08-29",
        "pretaxIncome": 778,
        "provisionforIncomeTaxes": 168.9,
        "revenue": 4539.9,
        "sgaExpense": 734.4,
        "totalOperatingExpense": 734.4
      },
      {
        "costOfGoodsSold": 2940.1,
        "dilutedAverageSharesOutstanding": 617.6,
        "dilutedEPS": 0.67,
        "ebit": 760.5,
        "equityEarningsAffiliates": 28.2,
        "grossIncome": 1583.5,
        "interestIncomeExpense": -102.6,
        "minorityInterest": 16.9,
        "netIncome": 416.8,
        "netIncomeAfterTaxes": 371.7,
        "nonRecurringItems": -179.3,
        "period": "2021-05-30",
        "pretaxIncome": 478.6,
        "provisionforIncomeTaxes": 106.9,
        "revenue": 4523.6,
        "sgaExpense": 823,
        "totalOperatingExpense": 823
      },
      {
        "costOfGoodsSold": 2965.4,
        "dilutedAverageSharesOutstanding": 619.4,
        "dilutedEPS": 0.96,
        "ebit": 838.3,
        "equityEarningsAffiliates": 11.8,
        "grossIncome": 1554.6,
        "interestIncomeExpense": -106,
        "minorityInterest": -8.1,
        "netIncome": 595.7,
        "netIncomeAfterTaxes": 592,
        "nonRecurringItems": 21.7,
        "period": "2021-02-28",
        "pretaxIncome": 754,
        "provisionforIncomeTaxes": 162,
        "revenue": 4520,
        "sgaExpense": 716.3,
        "totalOperatingExpense": 716.3
      },
      {
        "costOfGoodsSold": 2997.8,
        "dilutedAverageSharesOutstanding": 619.6,
        "dilutedEPS": 1.11,
        "ebit": 917.5,
        "equityEarningsAffiliates": 36.4,
        "grossIncome": 1721.6,
        "interestIncomeExpense": -100.6,
        "minorityInterest": -7.5,
        "netIncome": 688.4,
        "netIncomeAfterTaxes": 659.5,
        "nonRecurringItems": 32,
        "period": "2020-11-29",
        "pretaxIncome": 848.9,
        "provisionforIncomeTaxes": 189.4,
        "revenue": 4719.4,
        "sgaExpense": 804.1,
        "totalOperatingExpense": 804.1
      },
      {
        "costOfGoodsSold": 2773.1,
        "dilutedAverageSharesOutstanding": 619.8,
        "dilutedEPS": 1.03,
        "ebit": 854.7,
        "equityEarningsAffiliates": 41.3,
        "grossIncome": 1590.9,
        "interestIncomeExpense": -111.1,
        "minorityInterest": -7.5,
        "netIncome": 638.9,
        "netIncomeAfterTaxes": 605.1,
        "nonRecurringItems": 32.3,
        "period": "2020-08-30",
        "pretaxIncome": 775.9,
        "provisionforIncomeTaxes": 170.8,
        "revenue": 4364,
        "sgaExpense": 736.2,
        "totalOperatingExpense": 736.2
      },
      {
        "costOfGoodsSold": 3253,
        "dilutedAverageSharesOutstanding": 2453.2,
        "dilutedEPS": 0.26,
        "ebit": 842.9,
        "equityEarningsAffiliates": 33.6,
        "grossIncome": 1770,
        "interestIncomeExpense": -118.6,
        "minorityInterest": -1.3,
        "netIncome": 625.7,
        "netIncomeAfterTaxes": 593.4,
        "nonRecurringItems": 8.7,
        "period": "2020-05-31",
        "pretaxIncome": 733,
        "provisionforIncomeTaxes": 139.6,
        "revenue": 5023,
        "sgaExpense": 927.1,
        "totalOperatingExpense": 927.1
      },
      {
        "costOfGoodsSold": 2770.1,
        "dilutedAverageSharesOutstanding": 612.8,
        "dilutedEPS": 0.74,
        "ebit": 663.6,
        "equityEarningsAffiliates": 10.8,
        "grossIncome": 1410.2,
        "interestIncomeExpense": -109.8,
        "minorityInterest": -9.8,
        "netIncome": 454.1,
        "netIncomeAfterTaxes": 453.1,
        "nonRecurringItems": 17.5,
        "period": "2020-02-23",
        "pretaxIncome": 571.3,
        "provisionforIncomeTaxes": 118.2,
        "revenue": 4180.3,
        "sgaExpense": 746.6,
        "totalOperatingExpense": 746.6
      },
      {
        "costOfGoodsSold": 2839.4,
        "dilutedAverageSharesOutstanding": 612.3,
        "dilutedEPS": 0.95,
        "ebit": 822.4,
        "equityEarningsAffiliates": 24.9,
        "grossIncome": 1581.4,
        "interestIncomeExpense": -119.4,
        "minorityInterest": -10.6,
        "netIncome": 580.8,
        "netIncomeAfterTaxes": 566.5,
        "nonRecurringItems": 19,
        "period": "2019-11-24",
        "pretaxIncome": 722,
        "provisionforIncomeTaxes": 155.5,
        "revenue": 4420.8,
        "sgaExpense": 759,
        "totalOperatingExpense": 759
      },
      {
        "costOfGoodsSold": 2606.9,
        "dilutedAverageSharesOutstanding": 611.5,
        "dilutedEPS": 0.85,
        "ebit": 676.7,
        "equityEarningsAffiliates": 21.8,
        "grossIncome": 1395.6,
        "interestIncomeExpense": -118.7,
        "minorityInterest": -7.9,
        "netIncome": 520.6,
        "netIncomeAfterTaxes": 506.7,
        "nonRecurringItems": 15.9,
        "period": "2019-08-25",
        "pretaxIncome": 573.9,
        "provisionforIncomeTaxes": 67.2,
        "revenue": 4002.5,
        "sgaExpense": 718.9,
        "totalOperatingExpense": 718.9
      },
      {
        "costOfGoodsSold": 2690.8,
        "dilutedAverageSharesOutstanding": 609.6,
        "dilutedEPS": 0.94,
        "ebit": 732,
        "equityEarningsAffiliates": 20,
        "grossIncome": 1470.9,
        "interestIncomeExpense": -124.8,
        "minorityInterest": -11,
        "netIncome": 570.2,
        "netIncomeAfterTaxes": 561.2,
        "nonRecurringItems": 8.7,
        "period": "2019-05-26",
        "pretaxIncome": 615.9,
        "provisionforIncomeTaxes": 54.7,
        "revenue": 4161.7,
        "sgaExpense": 738.9,
        "totalOperatingExpense": 738.9
      },
      {
        "costOfGoodsSold": 2755.1,
        "dilutedAverageSharesOutstanding": 604.5,
        "dilutedEPS": 0.73,
        "ebit": 752.4,
        "equityEarningsAffiliates": 11.8,
        "grossIncome": 1443.2,
        "interestIncomeExpense": -130.8,
        "minorityInterest": -11.1,
        "netIncome": 446.8,
        "netIncomeAfterTaxes": 438.9,
        "nonRecurringItems": -79.7,
        "period": "2019-02-24",
        "pretaxIncome": 541.9,
        "provisionforIncomeTaxes": 103,
        "revenue": 4198.3,
        "sgaExpense": 690.8,
        "totalOperatingExpense": 690.8
      },
      {
        "costOfGoodsSold": 2901.5,
        "dilutedAverageSharesOutstanding": 604.5,
        "dilutedEPS": 0.57,
        "ebit": 763.2,
        "equityEarningsAffiliates": 22.5,
        "grossIncome": 1509.7,
        "interestIncomeExpense": -132.7,
        "minorityInterest": -7.8,
        "netIncome": 343.4,
        "netIncomeAfterTaxes": 328.7,
        "nonRecurringItems": -195.2,
        "period": "2018-11-25",
        "pretaxIncome": 435.3,
        "provisionforIncomeTaxes": 106.6,
        "revenue": 4411.2,
        "sgaExpense": 746.5,
        "totalOperatingExpense": 746.5
      },
      {
        "costOfGoodsSold": 2696.8,
        "dilutedAverageSharesOutstanding": 603.3,
        "dilutedEPS": 0.65,
        "ebit": 663.2,
        "equityEarningsAffiliates": 17.7,
        "grossIncome": 1397.2,
        "interestIncomeExpense": -133.5,
        "minorityInterest": -3.6,
        "netIncome": 392.3,
        "netIncomeAfterTaxes": 378.2,
        "nonRecurringItems": -40.8,
        "period": "2018-08-26",
        "pretaxIncome": 488.9,
        "provisionforIncomeTaxes": 110.7,
        "revenue": 4094,
        "sgaExpense": 734,
        "totalOperatingExpense": 734
      },
      {
        "costOfGoodsSold": 2466.7,
        "dilutedAverageSharesOutstanding": 593.2,
        "dilutedEPS": 0.6,
        "ebit": 721.8,
        "equityEarningsAffiliates": 20.6,
        "grossIncome": 1423.5,
        "interestIncomeExpense": -103.1,
        "minorityInterest": -3.7,
        "netIncome": 354.4,
        "netIncomeAfterTaxes": 337.5,
        "nonRecurringItems": -194.8,
        "period": "2018-05-27",
        "pretaxIncome": 423.9,
        "provisionforIncomeTaxes": 86.4,
        "revenue": 3890.2,
        "sgaExpense": 701.7,
        "totalOperatingExpense": 701.7
      },
      {
        "costOfGoodsSold": 2622.7,
        "dilutedAverageSharesOutstanding": 582.7,
        "dilutedEPS": 1.61,
        "ebit": 583.6,
        "equityEarningsAffiliates": 16.6,
        "grossIncome": 1259.6,
        "interestIncomeExpense": -73.4,
        "minorityInterest": -11.1,
        "netIncome": 941.4,
        "netIncomeAfterTaxes": 412.4,
        "nonRecurringItems": -6.8,
        "period": "2018-02-25",
        "pretaxIncome": 503.4,
        "provisionforIncomeTaxes": 91,
        "revenue": 3882.3,
        "sgaExpense": 676,
        "totalOperatingExpense": 676
      },
      {
        "costOfGoodsSold": 2747.7,
        "dilutedAverageSharesOutstanding": 580.3,
        "dilutedEPS": 0.74,
        "ebit": 715.4,
        "equityEarningsAffiliates": 23.8,
        "grossIncome": 1451,
        "interestIncomeExpense": -74.9,
        "minorityInterest": -13.3,
        "netIncome": 430.5,
        "netIncomeAfterTaxes": 420,
        "nonRecurringItems": 14.4,
        "period": "2017-11-26",
        "pretaxIncome": 654.9,
        "provisionforIncomeTaxes": 234.9,
        "revenue": 4198.7,
        "sgaExpense": 735.6,
        "totalOperatingExpense": 735.6
      },
      {
        "costOfGoodsSold": 2442.4,
        "dilutedAverageSharesOutstanding": 586.9,
        "dilutedEPS": 0.69,
        "ebit": 624,
        "equityEarningsAffiliates": 23.7,
        "grossIncome": 1326.8,
        "interestIncomeExpense": -72.4,
        "minorityInterest": -3.9,
        "netIncome": 404.7,
        "netIncomeAfterTaxes": 384.9,
        "nonRecurringItems": 1.8,
        "period": "2017-08-27",
        "pretaxIncome": 553.4,
        "provisionforIncomeTaxes": 168.5,
        "revenue": 3769.2,
        "sgaExpense": 702.8,
        "totalOperatingExpense": 702.8
      },
      {
        "costOfGoodsSold": 2480.7,
        "dilutedAverageSharesOutstanding": 588.7,
        "dilutedEPS": 0.69,
        "ebit": 632.5,
        "equityEarningsAffiliates": 19.9,
        "grossIncome": 1325.9,
        "interestIncomeExpense": -69.3,
        "minorityInterest": -6.7,
        "netIncome": 408.9,
        "netIncomeAfterTaxes": 395.7,
        "nonRecurringItems": -23.3,
        "period": "2017-05-28",
        "pretaxIncome": 539.9,
        "provisionforIncomeTaxes": 144.2,
        "revenue": 3806.6,
        "sgaExpense": 693.4,
        "totalOperatingExpense": 693.4
      },
      {
        "costOfGoodsSold": 2457.6,
        "dilutedAverageSharesOutstanding": 591.4,
        "dilutedEPS": 0.61,
        "ebit": 648,
        "equityEarningsAffiliates": 11.1,
        "grossIncome": 1335.6,
        "interestIncomeExpense": -76.4,
        "minorityInterest": -12.4,
        "netIncome": 357.8,
        "netIncomeAfterTaxes": 359.1,
        "nonRecurringItems": -105.5,
        "period": "2017-02-26",
        "pretaxIncome": 466.1,
        "provisionforIncomeTaxes": 107,
        "revenue": 3793.2,
        "sgaExpense": 687.6,
        "totalOperatingExpense": 687.6
      },
      {
        "costOfGoodsSold": 2568.7,
        "dilutedAverageSharesOutstanding": 599.7,
        "dilutedEPS": 0.8,
        "ebit": 835.3,
        "equityEarningsAffiliates": 29.8,
        "grossIncome": 1543.4,
        "interestIncomeExpense": -75.5,
        "minorityInterest": -14,
        "netIncome": 481.8,
        "netIncomeAfterTaxes": 466,
        "nonRecurringItems": -66.4,
        "period": "2016-11-27",
        "pretaxIncome": 693.4,
        "provisionforIncomeTaxes": 227.4,
        "revenue": 4112.1,
        "sgaExpense": 708.1,
        "totalOperatingExpense": 708.1
      },
      {
        "costOfGoodsSold": 2463.6,
        "dilutedAverageSharesOutstanding": 612.4,
        "dilutedEPS": 0.67,
        "ebit": 732.1,
        "equityEarningsAffiliates": 24.2,
        "grossIncome": 1444.3,
        "interestIncomeExpense": -73.9,
        "minorityInterest": -10.5,
        "netIncome": 409,
        "netIncomeAfterTaxes": 395.3,
        "nonRecurringItems": -86.3,
        "period": "2016-08-28",
        "pretaxIncome": 571.9,
        "provisionforIncomeTaxes": 176.6,
        "revenue": 3907.9,
        "sgaExpense": 712.2,
        "totalOperatingExpense": 712.2
      },
      {
        "costOfGoodsSold": 2533.6,
        "dilutedAverageSharesOutstanding": 611,
        "dilutedEPS": 0.62,
        "ebit": 615.1,
        "equityEarningsAffiliates": 23.3,
        "grossIncome": 1394.3,
        "interestIncomeExpense": -77.5,
        "minorityInterest": -10.8,
        "netIncome": 379.6,
        "netIncomeAfterTaxes": 367.1,
        "nonRecurringItems": -83,
        "period": "2016-05-29",
        "pretaxIncome": 454.6,
        "provisionforIncomeTaxes": 87.5,
        "revenue": 3927.9,
        "sgaExpense": 779.2,
        "totalOperatingExpense": 779.2
      },
      {
        "costOfGoodsSold": 2627.6,
        "dilutedAverageSharesOutstanding": 608.5,
        "dilutedEPS": 0.59,
        "ebit": 619,
        "equityEarningsAffiliates": 16.2,
        "grossIncome": 1374.8,
        "interestIncomeExpense": -77.2,
        "minorityInterest": -6,
        "netIncome": 361.7,
        "netIncomeAfterTaxes": 351.5,
        "nonRecurringItems": -32.7,
        "period": "2016-02-28",
        "pretaxIncome": 509.1,
        "provisionforIncomeTaxes": 157.6,
        "revenue": 4002.4,
        "sgaExpense": 755.8,
        "totalOperatingExpense": 755.8
      },
      {
        "costOfGoodsSold": 2862.5,
        "dilutedAverageSharesOutstanding": 612.4,
        "dilutedEPS": 0.86,
        "ebit": 789.7,
        "equityEarningsAffiliates": 23.2,
        "grossIncome": 1562.4,
        "interestIncomeExpense": -73.8,
        "minorityInterest": -14.1,
        "netIncome": 529.5,
        "netIncomeAfterTaxes": 520.4,
        "nonRecurringItems": 116,
        "period": "2015-11-29",
        "pretaxIncome": 831.9,
        "provisionforIncomeTaxes": 311.5,
        "revenue": 4424.9,
        "sgaExpense": 772.7,
        "totalOperatingExpense": 772.7
      },
      {
        "costOfGoodsSold": 2631.5,
        "dilutedAverageSharesOutstanding": 615.5,
        "dilutedEPS": 0.69,
        "ebit": 765.2,
        "equityEarningsAffiliates": 25.7,
        "grossIncome": 1576.4,
        "interestIncomeExpense": -75.3,
        "minorityInterest": -8.5,
        "netIncome": 426.6,
        "netIncomeAfterTaxes": 409.4,
        "nonRecurringItems": -81.9,
        "period": "2015-08-30",
        "pretaxIncome": 608,
        "provisionforIncomeTaxes": 198.6,
        "revenue": 4207.9,
        "sgaExpense": 811.2,
        "totalOperatingExpense": 811.2
      }
    ],
    "symbol": "GIS"
  }
}