{
  "symbol": "AMCR",
  "statement": "ic",
  "frequency": "quarterly",
  "timestamp": "2025-09-19T13:55:44.219113",
  "data": {
    "financials": [
      {
        "costOfGoodsSold": 4187,
        "depreciationAmortization": 246,
        "dilutedAverageSharesOutstanding": 2030,
        "dilutedEPS": -0.0192,
        "ebit": 323,
        "equityEarningsAffiliates": 2,
        "grossIncome": 895,
        "interestExpense": 144,
        "interestIncomeExpense": -125,
        "minorityInterest": 0,
        "netIncome": -39,
        "netIncomeAfterTaxes": -41,
        "nonRecurringItems": -236,
        "otherOperatingExpensesTotal": -4,
        "period": "2025-06-30",
        "pretaxIncome": -47,
        "provisionforIncomeTaxes": -6,
        "researchDevelopment": 38,
        "revenue": 5082,
        "sgaExpense": 292,
        "totalOperatingExpense": 572,
        "totalOtherIncomeExpenseNet": -9
      },
      {
        "costOfGoodsSold": 2679,
        "dilutedAverageSharesOutstanding": 1446,
        "dilutedEPS": 0.1356,
        "ebit": 345,
        "equityEarningsAffiliates": 0,
        "grossIncome": 654,
        "interestExpense": 85,
        "interestIncomeExpense": -75,
        "minorityInterest": -1,
        "netIncome": 196,
        "netIncomeAfterTaxes": 197,
        "nonRecurringItems": -32,
        "otherOperatingExpensesTotal": -21,
        "period": "2025-03-31",
        "pretaxIncome": 237,
        "provisionforIncomeTaxes": 40,
        "researchDevelopment": 27,
        "revenue": 3333,
        "sgaExpense": 303,
        "totalOperatingExpense": 309,
        "totalOtherIncomeExpenseNet": -1
      },
      {
        "costOfGoodsSold": 2615,
        "dilutedAverageSharesOutstanding": 1446,
        "dilutedEPS": 0.1127,
        "ebit": 330,
        "equityEarningsAffiliates": 1,
        "grossIncome": 626,
        "interestExpense": 81,
        "interestIncomeExpense": -72,
        "minorityInterest": -4,
        "netIncome": 163,
        "netIncomeAfterTaxes": 166,
        "nonRecurringItems": -33,
        "otherOperatingExpensesTotal": -26,
        "period": "2024-12-31",
        "pretaxIncome": 224,
        "provisionforIncomeTaxes": 58,
        "researchDevelopment": 27,
        "revenue": 3241,
        "sgaExpense": 295,
        "totalOperatingExpense": 296,
        "totalOtherIncomeExpenseNet": -1
      },
      {
        "costOfGoodsSold": 2694,
        "dilutedAverageSharesOutstanding": 1444,
        "dilutedEPS": 0.1323,
        "ebit": 318,
        "equityEarningsAffiliates": 0,
        "grossIncome": 659,
        "interestExpense": 86,
        "interestIncomeExpense": -75,
        "minorityInterest": -2,
        "netIncome": 191,
        "netIncomeAfterTaxes": 193,
        "nonRecurringItems": -6,
        "otherOperatingExpensesTotal": -2,
        "period": "2024-09-30",
        "pretaxIncome": 236,
        "provisionforIncomeTaxes": 43,
        "researchDevelopment": 28,
        "revenue": 3353,
        "sgaExpense": 315,
        "totalOperatingExpense": 341,
        "totalOtherIncomeExpenseNet": -1
      },
      {
        "costOfGoodsSold": 2781,
        "dilutedAverageSharesOutstanding": 1444,
        "dilutedEPS": 0.1773,
        "ebit": 410,
        "equityEarningsAffiliates": -1,
        "grossIncome": 754,
        "interestExpense": 85,
        "interestIncomeExpense": -78,
        "minorityInterest": -4,
        "netIncome": 256,
        "netIncomeAfterTaxes": 262,
        "nonRecurringItems": -15,
        "otherOperatingExpensesTotal": -11,
        "period": "2024-06-30",
        "pretaxIncome": 318,
        "provisionforIncomeTaxes": 56,
        "researchDevelopment": 26,
        "revenue": 3535,
        "sgaExpense": 329,
        "totalOperatingExpense": 344,
        "totalOtherIncomeExpenseNet": 1
      },
      {
        "costOfGoodsSold": 2719,
        "dilutedAverageSharesOutstanding": 1440,
        "dilutedEPS": 0.1292,
        "ebit": 337,
        "equityEarningsAffiliates": -1,
        "grossIncome": 692,
        "interestExpense": 89,
        "interestIncomeExpense": -79,
        "minorityInterest": -2,
        "netIncome": 186,
        "netIncomeAfterTaxes": 190,
        "nonRecurringItems": -30,
        "otherOperatingExpensesTotal": 0,
        "period": "2024-03-31",
        "pretaxIncome": 230,
        "provisionforIncomeTaxes": 40,
        "researchDevelopment": 25,
        "revenue": 3411,
        "sgaExpense": 330,
        "totalOperatingExpense": 355,
        "totalOtherIncomeExpenseNet": 2
      },
      {
        "costOfGoodsSold": 2630,
        "dilutedAverageSharesOutstanding": 1440,
        "dilutedEPS": 0.0924,
        "ebit": 266,
        "equityEarningsAffiliates": -1,
        "grossIncome": 621,
        "interestExpense": 89,
        "interestIncomeExpense": -78,
        "minorityInterest": -2,
        "netIncome": 133,
        "netIncomeAfterTaxes": 137,
        "nonRecurringItems": -24,
        "otherOperatingExpensesTotal": 28,
        "period": "2023-12-31",
        "pretaxIncome": 165,
        "provisionforIncomeTaxes": 28,
        "researchDevelopment": 28,
        "revenue": 3251,
        "sgaExpense": 299,
        "totalOperatingExpense": 355,
        "totalOtherIncomeExpenseNet": 1
      },
      {
        "costOfGoodsSold": 2798,
        "dilutedAverageSharesOutstanding": 1439,
        "dilutedEPS": 0.11,
        "ebit": 298,
        "equityEarningsAffiliates": -1,
        "grossIncome": 645,
        "interestExpense": 85,
        "interestIncomeExpense": -75,
        "minorityInterest": -2,
        "netIncome": 152,
        "netIncomeAfterTaxes": 155,
        "nonRecurringItems": -28,
        "otherOperatingExpensesTotal": 18,
        "period": "2023-09-30",
        "pretaxIncome": 194,
        "provisionforIncomeTaxes": 39,
        "researchDevelopment": 27,
        "revenue": 3443,
        "sgaExpense": 302,
        "totalOperatingExpense": 347,
        "totalOtherIncomeExpenseNet": -1
      },
      {
        "costOfGoodsSold": 2951,
        "dilutedAverageSharesOutstanding": 1458,
        "dilutedEPS": 0.12,
        "ebit": 383,
        "grossIncome": 722,
        "interestExpense": 66,
        "interestIncomeExpense": -70,
        "minorityInterest": -4,
        "netIncome": 179,
        "netIncomeAfterTaxes": 184,
        "nonRecurringItems": -58,
        "otherOperatingExpensesTotal": -15,
        "period": "2023-06-30",
        "pretaxIncome": 252,
        "provisionforIncomeTaxes": 68,
        "researchDevelopment": 25,
        "revenue": 3673,
        "sgaExpense": 329,
        "totalOperatingExpense": 339,
        "totalOtherIncomeExpenseNet": -3
      },
      {
        "costOfGoodsSold": 2994,
        "dilutedAverageSharesOutstanding": 1476,
        "dilutedEPS": 0.12,
        "ebit": 332,
        "grossIncome": 673,
        "interestExpense": 86,
        "interestIncomeExpense": -71,
        "minorityInterest": -2,
        "netIncome": 176,
        "netIncomeAfterTaxes": 179,
        "nonRecurringItems": -50,
        "otherOperatingExpensesTotal": -3,
        "period": "2023-03-31",
        "pretaxIncome": 213,
        "provisionforIncomeTaxes": 34,
        "researchDevelopment": 27,
        "revenue": 3667,
        "sgaExpense": 317,
        "totalOperatingExpense": 341,
        "totalOtherIncomeExpenseNet": 2
      },
      {
        "costOfGoodsSold": 2980,
        "dilutedAverageSharesOutstanding": 1485,
        "dilutedEPS": 0.31,
        "ebit": 346,
        "grossIncome": 662,
        "interestExpense": 79,
        "interestIncomeExpense": -68,
        "minorityInterest": -2,
        "netIncome": 456,
        "netIncomeAfterTaxes": 461,
        "nonRecurringItems": 213,
        "otherOperatingExpensesTotal": -6,
        "period": "2022-12-31",
        "pretaxIncome": 494,
        "provisionforIncomeTaxes": 33,
        "researchDevelopment": 24,
        "revenue": 3642,
        "sgaExpense": 298,
        "totalOperatingExpense": 316,
        "totalOtherIncomeExpenseNet": 3
      },
      {
        "costOfGoodsSold": 3044,
        "dilutedAverageSharesOutstanding": 1486,
        "dilutedEPS": 0.15,
        "ebit": 343,
        "grossIncome": 668,
        "interestExpense": 59,
        "interestIncomeExpense": -50,
        "minorityInterest": -2,
        "netIncome": 230,
        "netIncomeAfterTaxes": 234,
        "nonRecurringItems": -1,
        "otherOperatingExpensesTotal": -2,
        "period": "2022-09-30",
        "pretaxIncome": 292,
        "provisionforIncomeTaxes": 58,
        "researchDevelopment": 25,
        "revenue": 3712,
        "sgaExpense": 302,
        "totalOperatingExpense": 325,
        "totalOtherIncomeExpenseNet": 0
      },
      {
        "costOfGoodsSold": 3115,
        "dilutedAverageSharesOutstanding": 1501,
        "dilutedEPS": 0.07,
        "ebit": 459,
        "equityEarningsAffiliates": 0,
        "grossIncome": 794,
        "interestExpense": 44,
        "interestIncomeExpense": -35,
        "minorityInterest": -3,
        "netIncome": 108,
        "netIncomeAfterTaxes": 112,
        "nonRecurringItems": -207,
        "otherOperatingExpensesTotal": -31,
        "period": "2022-06-30",
        "pretaxIncome": 216,
        "provisionforIncomeTaxes": 104,
        "researchDevelopment": 24,
        "revenue": 3909,
        "sgaExpense": 342,
        "totalOperatingExpense": 335,
        "totalOtherIncomeExpenseNet": -1
      },
      {
        "costOfGoodsSold": 2977,
        "dilutedAverageSharesOutstanding": 1507,
        "dilutedEPS": 0.18,
        "ebit": 378,
        "equityEarningsAffiliates": 0,
        "grossIncome": 731,
        "interestExpense": 36,
        "interestIncomeExpense": -31,
        "minorityInterest": -2,
        "netIncome": 268,
        "netIncomeAfterTaxes": 271,
        "nonRecurringItems": -9,
        "otherOperatingExpensesTotal": 3,
        "period": "2022-03-31",
        "pretaxIncome": 343,
        "provisionforIncomeTaxes": 72,
        "researchDevelopment": 24,
        "revenue": 3708,
        "sgaExpense": 326,
        "totalOperatingExpense": 353,
        "totalOtherIncomeExpenseNet": 5
      },
      {
        "costOfGoodsSold": 2862,
        "dilutedAverageSharesOutstanding": 1524,
        "dilutedEPS": 0.15,
        "ebit": 332,
        "equityEarningsAffiliates": 0,
        "grossIncome": 645,
        "interestExpense": 39,
        "interestIncomeExpense": -34,
        "minorityInterest": -4,
        "netIncome": 224,
        "netIncomeAfterTaxes": 229,
        "nonRecurringItems": -10,
        "otherOperatingExpensesTotal": -13,
        "period": "2021-12-31",
        "pretaxIncome": 290,
        "provisionforIncomeTaxes": 61,
        "researchDevelopment": 23,
        "revenue": 3507,
        "sgaExpense": 303,
        "totalOperatingExpense": 313,
        "totalOtherIncomeExpenseNet": 2
      },
      {
        "costOfGoodsSold": 2770,
        "dilutedAverageSharesOutstanding": 1534,
        "dilutedEPS": 0.13,
        "ebit": 304,
        "equityEarningsAffiliates": 0,
        "grossIncome": 650,
        "interestExpense": 40,
        "interestIncomeExpense": -35,
        "minorityInterest": -1,
        "netIncome": 202,
        "netIncomeAfterTaxes": 203,
        "nonRecurringItems": -8,
        "otherOperatingExpensesTotal": 8,
        "period": "2021-09-30",
        "pretaxIncome": 266,
        "provisionforIncomeTaxes": 63,
        "researchDevelopment": 25,
        "revenue": 3420,
        "sgaExpense": 313,
        "totalOperatingExpense": 346,
        "totalOtherIncomeExpenseNet": 5
      },
      {
        "costOfGoodsSold": 2709,
        "dilutedAverageSharesOutstanding": 1538.6,
        "dilutedEPS": 0.17,
        "ebit": 437,
        "equityEarningsAffiliates": 0,
        "grossIncome": 745,
        "interestExpense": 40,
        "interestIncomeExpense": -36,
        "minorityInterest": -4,
        "netIncome": 254,
        "netIncomeAfterTaxes": 259,
        "nonRecurringItems": -72,
        "otherOperatingExpensesTotal": -48,
        "period": "2021-06-30",
        "pretaxIncome": 333,
        "provisionforIncomeTaxes": 74,
        "researchDevelopment": 26,
        "revenue": 3454,
        "sgaExpense": 330,
        "totalOperatingExpense": 308,
        "totalOtherIncomeExpenseNet": 4
      },
      {
        "costOfGoodsSold": 2525,
        "dilutedAverageSharesOutstanding": 1550.3,
        "dilutedEPS": 0.17,
        "ebit": 349,
        "equityEarningsAffiliates": 0,
        "grossIncome": 682,
        "interestExpense": 36,
        "interestIncomeExpense": -33,
        "minorityInterest": -3,
        "netIncome": 267,
        "netIncomeAfterTaxes": 270,
        "nonRecurringItems": 24,
        "otherOperatingExpensesTotal": -17,
        "period": "2021-03-31",
        "pretaxIncome": 341,
        "provisionforIncomeTaxes": 71,
        "researchDevelopment": 25,
        "revenue": 3207,
        "sgaExpense": 325,
        "totalOperatingExpense": 333,
        "totalOtherIncomeExpenseNet": 1
      },
      {
        "costOfGoodsSold": 2452,
        "dilutedAverageSharesOutstanding": 1569.9,
        "dilutedEPS": 0.14,
        "ebit": 330,
        "equityEarningsAffiliates": 0,
        "grossIncome": 651,
        "interestExpense": 37,
        "interestIncomeExpense": -33,
        "minorityInterest": -3,
        "netIncome": 218,
        "netIncomeAfterTaxes": 222,
        "nonRecurringItems": -23,
        "otherOperatingExpensesTotal": -10,
        "period": "2020-12-31",
        "pretaxIncome": 277,
        "provisionforIncomeTaxes": 55,
        "researchDevelopment": 23,
        "revenue": 3103,
        "sgaExpense": 308,
        "totalOperatingExpense": 321,
        "totalOtherIncomeExpenseNet": 3
      },
      {
        "costOfGoodsSold": 2443,
        "dilutedAverageSharesOutstanding": 1565.3,
        "dilutedEPS": 0.13,
        "ebit": 299,
        "equityEarningsAffiliates": 19,
        "grossIncome": 654,
        "interestExpense": 40,
        "interestIncomeExpense": -37,
        "minorityInterest": -2,
        "netIncome": 198,
        "netIncomeAfterTaxes": 181,
        "nonRecurringItems": -23,
        "otherOperatingExpensesTotal": 0,
        "period": "2020-09-30",
        "pretaxIncome": 242,
        "provisionforIncomeTaxes": 61,
        "researchDevelopment": 26,
        "revenue": 3097,
        "sgaExpense": 329,
        "totalOperatingExpense": 355,
        "totalOtherIncomeExpenseNet": 3
      },
      {
        "costOfGoodsSold": 2423.2,
        "dilutedAverageSharesOutstanding": 1572.8,
        "dilutedEPS": 0.11,
        "ebit": 363.2,
        "equityEarningsAffiliates": -22.1,
        "grossIncome": 719.5,
        "interestExpense": 49.1,
        "interestIncomeExpense": -45.2,
        "minorityInterest": 1.9,
        "netIncome": 179.1,
        "netIncomeAfterTaxes": 199.3,
        "nonRecurringItems": -53.3,
        "otherOperatingExpensesTotal": -18.1,
        "period": "2020-06-30",
        "pretaxIncome": 263.2,
        "provisionforIncomeTaxes": 63.9,
        "researchDevelopment": 23,
        "revenue": 3142.7,
        "sgaExpense": 351.4,
        "totalOperatingExpense": 356.3,
        "totalOtherIncomeExpenseNet": -1.5
      },
      {
        "costOfGoodsSold": 2489,
        "dilutedAverageSharesOutstanding": 1594.7,
        "dilutedEPS": 0.11,
        "ebit": 291.3,
        "equityEarningsAffiliates": 3.6,
        "grossIncome": 652,
        "interestExpense": 45.8,
        "interestIncomeExpense": -40.5,
        "minorityInterest": -2.1,
        "netIncome": 181.5,
        "netIncomeAfterTaxes": 180,
        "nonRecurringItems": -20.1,
        "otherOperatingExpensesTotal": -17.4,
        "period": "2020-03-31",
        "pretaxIncome": 236.1,
        "provisionforIncomeTaxes": 56.1,
        "researchDevelopment": 24.9,
        "revenue": 3141,
        "sgaExpense": 353.2,
        "totalOperatingExpense": 360.7,
        "totalOtherIncomeExpenseNet": 5.4
      },
      {
        "costOfGoodsSold": 2425.8,
        "dilutedAverageSharesOutstanding": 1615.4,
        "dilutedEPS": 0.11,
        "ebit": 296.4,
        "equityEarningsAffiliates": 2.2,
        "grossIncome": 617.3,
        "interestExpense": 52.3,
        "interestIncomeExpense": -46,
        "minorityInterest": -2.2,
        "netIncome": 185.6,
        "netIncomeAfterTaxes": 185.6,
        "nonRecurringItems": -24.1,
        "otherOperatingExpensesTotal": -10.9,
        "period": "2019-12-31",
        "pretaxIncome": 230.7,
        "provisionforIncomeTaxes": 45.1,
        "researchDevelopment": 23.5,
        "revenue": 3043.1,
        "sgaExpense": 308.3,
        "totalOperatingExpense": 320.9,
        "totalOtherIncomeExpenseNet": 4.4
      },
      {
        "costOfGoodsSold": 2594,
        "dilutedAverageSharesOutstanding": 1626.1,
        "dilutedEPS": 0.05,
        "ebit": 158.2,
        "equityEarningsAffiliates": 2.3,
        "grossIncome": 546.7,
        "interestExpense": 59.7,
        "interestIncomeExpense": -53,
        "minorityInterest": -2,
        "netIncome": 66,
        "netIncomeAfterTaxes": 73.4,
        "nonRecurringItems": -17.6,
        "otherOperatingExpensesTotal": -9.3,
        "period": "2019-09-30",
        "pretaxIncome": 95.2,
        "provisionforIncomeTaxes": 21.8,
        "researchDevelopment": 25.9,
        "revenue": 3140.7,
        "sgaExpense": 371.9,
        "totalOperatingExpense": 388.5,
        "totalOtherIncomeExpenseNet": 7.6
      },
      {
        "costOfGoodsSold": 2068,
        "dilutedAverageSharesOutstanding": 1262.4,
        "dilutedEPS": 0.06,
        "ebit": 281.5,
        "equityEarningsAffiliates": 5.4,
        "grossIncome": 534.9,
        "interestExpense": 48.6,
        "interestIncomeExpense": -43.4,
        "minorityInterest": -2.3,
        "netIncome": 80.6,
        "netIncomeAfterTaxes": 76.8,
        "nonRecurringItems": -69.9,
        "otherOperatingExpensesTotal": -138.1,
        "period": "2019-06-30",
        "pretaxIncome": 167.5,
        "provisionforIncomeTaxes": 90.7,
        "researchDevelopment": 16.7,
        "revenue": 2602.9,
        "sgaExpense": 374.8,
        "totalOperatingExpense": 253.4,
        "totalOtherIncomeExpenseNet": -0.7
      },
      {
        "costOfGoodsSold": 1890.1,
        "dilutedAverageSharesOutstanding": 1157.7,
        "dilutedEPS": 0.1,
        "ebit": 189.8,
        "equityEarningsAffiliates": 5.6,
        "grossIncome": 419.8,
        "interestExpense": 51.1,
        "interestIncomeExpense": -47.6,
        "minorityInterest": 0.2,
        "netIncome": 112.6,
        "netIncomeAfterTaxes": 106.8,
        "nonRecurringItems": -8.5,
        "otherOperatingExpensesTotal": -6.4,
        "period": "2019-03-31",
        "pretaxIncome": 134.8,
        "provisionforIncomeTaxes": 28,
        "researchDevelopment": 15.8,
        "revenue": 2309.9,
        "sgaExpense": 220.6,
        "totalOperatingExpense": 230,
        "totalOtherIncomeExpenseNet": 1.1
      },
      {
        "costOfGoodsSold": 1832.4,
        "dilutedAverageSharesOutstanding": 1156.6,
        "dilutedEPS": 0.12,
        "ebit": 261.4,
        "equityEarningsAffiliates": -8.6,
        "grossIncome": 453,
        "interestExpense": 52.1,
        "interestIncomeExpense": -46.9,
        "minorityInterest": -2,
        "netIncome": 138.6,
        "netIncomeAfterTaxes": 149.2,
        "nonRecurringItems": -39.9,
        "otherOperatingExpensesTotal": -31,
        "period": "2018-12-31",
        "pretaxIncome": 180.3,
        "provisionforIncomeTaxes": 31.1,
        "researchDevelopment": 17.3,
        "revenue": 2285.4,
        "sgaExpense": 205.3,
        "totalOperatingExpense": 191.6,
        "totalOtherIncomeExpenseNet": 5.7
      },
      {
        "costOfGoodsSold": 1868.6,
        "dilutedAverageSharesOutstanding": 1158.7,
        "dilutedEPS": 0.08,
        "ebit": 190,
        "equityEarningsAffiliates": 1.7,
        "grossIncome": 393.8,
        "interestExpense": 56.3,
        "interestIncomeExpense": -53.4,
        "minorityInterest": -3.1,
        "netIncome": 98.4,
        "netIncomeAfterTaxes": 99.8,
        "nonRecurringItems": -12.5,
        "otherOperatingExpensesTotal": -8.7,
        "period": "2018-09-30",
        "pretaxIncome": 121.5,
        "provisionforIncomeTaxes": 21.7,
        "researchDevelopment": 14.2,
        "revenue": 2262.4,
        "sgaExpense": 198.3,
        "totalOperatingExpense": 203.8,
        "totalOtherIncomeExpenseNet": -2.6
      }
    ],
    "symbol": "AMCR"
  }
}