{
  "symbol": "HST",
  "statement": "ic",
  "frequency": "quarterly",
  "timestamp": "2025-09-19T14:01:40.450311",
  "data": {
    "financials": [
      {
        "depreciationAmortization": 195,
        "dilutedAverageSharesOutstanding": 693.9,
        "dilutedEPS": 0.3185,
        "ebit": 268,
        "gainLossOnDispositionOfAssets": 22,
        "interestExpense": 58,
        "interestIncomeExpense": -47,
        "minorityInterest": -4,
        "netIncome": 221,
        "netIncomeAfterTaxes": 225,
        "nonRecurringItems": 9,
        "period": "2025-06-30",
        "pretaxIncome": 252,
        "provisionforIncomeTaxes": 27,
        "revenue": 1586,
        "sgaExpense": 1123,
        "totalOperatingExpense": 1318
      },
      {
        "depreciationAmortization": 196,
        "dilutedAverageSharesOutstanding": 698.3,
        "dilutedEPS": 0.3552,
        "ebit": 275,
        "gainLossOnDispositionOfAssets": 4,
        "interestExpense": 57,
        "interestIncomeExpense": -39,
        "minorityInterest": -3,
        "netIncome": 248,
        "netIncomeAfterTaxes": 251,
        "nonRecurringItems": 10,
        "period": "2025-03-31",
        "pretaxIncome": 250,
        "provisionforIncomeTaxes": -1,
        "revenue": 1594,
        "sgaExpense": 1123,
        "totalOperatingExpense": 1319
      },
      {
        "depreciationAmortization": 197,
        "dilutedAverageSharesOutstanding": 701.9,
        "dilutedEPS": 0.1539,
        "ebit": 169,
        "gainLossOnDispositionOfAssets": -1,
        "interestExpense": 59,
        "interestIncomeExpense": -53,
        "minorityInterest": -1,
        "netIncome": 108,
        "netIncomeAfterTaxes": 109,
        "nonRecurringItems": -12,
        "period": "2024-12-31",
        "pretaxIncome": 103,
        "provisionforIncomeTaxes": -6,
        "revenue": 1428,
        "sgaExpense": 1062,
        "totalOperatingExpense": 1259
      },
      {
        "depreciationAmortization": 197,
        "dilutedAverageSharesOutstanding": 702.4,
        "dilutedEPS": 0.1167,
        "ebit": 106,
        "gainLossOnDispositionOfAssets": 1,
        "interestExpense": 59,
        "interestIncomeExpense": -46,
        "minorityInterest": -2,
        "netIncome": 82,
        "netIncomeAfterTaxes": 84,
        "nonRecurringItems": 29,
        "period": "2024-09-30",
        "pretaxIncome": 90,
        "provisionforIncomeTaxes": 6,
        "revenue": 1319,
        "sgaExpense": 1016,
        "totalOperatingExpense": 1213
      },
      {
        "depreciationAmortization": 188,
        "dilutedAverageSharesOutstanding": 705.9,
        "dilutedEPS": 0.3386,
        "ebit": 236,
        "gainLossOnDispositionOfAssets": 0,
        "interestExpense": 50,
        "interestIncomeExpense": -34,
        "minorityInterest": -3,
        "netIncome": 239,
        "netIncomeAfterTaxes": 242,
        "nonRecurringItems": 56,
        "period": "2024-06-30",
        "pretaxIncome": 258,
        "provisionforIncomeTaxes": 16,
        "revenue": 1466,
        "sgaExpense": 1042,
        "totalOperatingExpense": 1230
      },
      {
        "depreciationAmortization": 180,
        "dilutedAverageSharesOutstanding": 705.5,
        "dilutedEPS": 0.3799,
        "ebit": 260,
        "gainLossOnDispositionOfAssets": 0,
        "interestExpense": 47,
        "interestIncomeExpense": -21,
        "minorityInterest": -4,
        "netIncome": 268,
        "netIncomeAfterTaxes": 272,
        "nonRecurringItems": 31,
        "period": "2024-03-31",
        "pretaxIncome": 270,
        "provisionforIncomeTaxes": -2,
        "revenue": 1471,
        "sgaExpense": 1031,
        "totalOperatingExpense": 1211
      },
      {
        "depreciationAmortization": 186,
        "dilutedAverageSharesOutstanding": 710.4,
        "dilutedEPS": 0.1858,
        "ebit": 144,
        "gainLossOnDispositionOfAssets": 1,
        "interestExpense": 49,
        "interestIncomeExpense": -31,
        "minorityInterest": -2,
        "netIncome": 132,
        "netIncomeAfterTaxes": 134,
        "nonRecurringItems": 29,
        "period": "2023-12-31",
        "pretaxIncome": 143,
        "provisionforIncomeTaxes": 9,
        "revenue": 1323,
        "sgaExpense": 993,
        "totalOperatingExpense": 1179
      },
      {
        "depreciationAmortization": 174,
        "dilutedAverageSharesOutstanding": 711.9,
        "dilutedEPS": 0.16,
        "ebit": 103,
        "gainLossOnDispositionOfAssets": 1,
        "interestExpense": 48,
        "interestIncomeExpense": -30,
        "minorityInterest": -2,
        "netIncome": 111,
        "netIncomeAfterTaxes": 113,
        "nonRecurringItems": 54,
        "period": "2023-09-30",
        "pretaxIncome": 128,
        "provisionforIncomeTaxes": 15,
        "revenue": 1214,
        "sgaExpense": 937,
        "totalOperatingExpense": 1111
      },
      {
        "depreciationAmortization": 168,
        "dilutedAverageSharesOutstanding": 713.2,
        "dilutedEPS": 0.29,
        "ebit": 246,
        "gainLossOnDispositionOfAssets": 0,
        "interestExpense": 45,
        "interestIncomeExpense": -21,
        "minorityInterest": -4,
        "netIncome": 210,
        "netIncomeAfterTaxes": 214,
        "nonRecurringItems": 3,
        "period": "2023-06-30",
        "pretaxIncome": 228,
        "provisionforIncomeTaxes": 14,
        "revenue": 1393,
        "sgaExpense": 979,
        "totalOperatingExpense": 1147
      },
      {
        "depreciationAmortization": 169,
        "dilutedAverageSharesOutstanding": 714.9,
        "dilutedEPS": 0.4,
        "ebit": 248,
        "gainLossOnDispositionOfAssets": 69,
        "interestExpense": 49,
        "interestIncomeExpense": -28,
        "minorityInterest": -4,
        "netIncome": 287,
        "netIncomeAfterTaxes": 291,
        "period": "2023-03-31",
        "pretaxIncome": 289,
        "provisionforIncomeTaxes": -2,
        "revenue": 1381,
        "sgaExpense": 964,
        "totalOperatingExpense": 1133
      },
      {
        "depreciationAmortization": 166,
        "dilutedAverageSharesOutstanding": 717.8,
        "dilutedEPS": 0.2,
        "ebit": 178,
        "gainLossOnDispositionOfAssets": -2,
        "interestExpense": 43,
        "interestIncomeExpense": -30,
        "minorityInterest": -2,
        "netIncome": 147,
        "netIncomeAfterTaxes": 149,
        "nonRecurringItems": 0,
        "period": "2022-12-31",
        "pretaxIncome": 146,
        "provisionforIncomeTaxes": -3,
        "revenue": 1263,
        "sgaExpense": 919,
        "totalOperatingExpense": 1085
      },
      {
        "depreciationAmortization": 164,
        "dilutedAverageSharesOutstanding": 717.6,
        "dilutedEPS": 0.16,
        "ebit": 138,
        "gainLossOnDispositionOfAssets": 5,
        "interestExpense": 40,
        "interestIncomeExpense": -31,
        "minorityInterest": -2,
        "netIncome": 114,
        "netIncomeAfterTaxes": 116,
        "nonRecurringItems": 10,
        "period": "2022-09-30",
        "pretaxIncome": 122,
        "provisionforIncomeTaxes": 6,
        "revenue": 1189,
        "sgaExpense": 887,
        "totalOperatingExpense": 1051
      },
      {
        "depreciationAmortization": 162,
        "dilutedAverageSharesOutstanding": 717,
        "dilutedEPS": 0.36,
        "ebit": 320,
        "gainLossOnDispositionOfAssets": 1,
        "interestExpense": 37,
        "interestIncomeExpense": -29,
        "minorityInterest": -4,
        "netIncome": 256,
        "netIncomeAfterTaxes": 260,
        "nonRecurringItems": 7,
        "period": "2022-06-30",
        "pretaxIncome": 299,
        "provisionforIncomeTaxes": 39,
        "revenue": 1381,
        "sgaExpense": 899,
        "totalOperatingExpense": 1061
      },
      {
        "depreciationAmortization": 172,
        "dilutedAverageSharesOutstanding": 716.1,
        "dilutedEPS": 0.16,
        "ebit": 122,
        "gainLossOnDispositionOfAssets": 13,
        "interestExpense": 36,
        "interestIncomeExpense": -33,
        "minorityInterest": -2,
        "netIncome": 116,
        "netIncomeAfterTaxes": 118,
        "period": "2022-03-31",
        "pretaxIncome": 102,
        "provisionforIncomeTaxes": -16,
        "revenue": 1074,
        "sgaExpense": 780,
        "totalOperatingExpense": 952
      },
      {
        "depreciationAmortization": 165,
        "dilutedAverageSharesOutstanding": 714.2,
        "dilutedEPS": 0.45,
        "ebit": 76,
        "gainLossOnDispositionOfAssets": 302,
        "interestExpense": 40,
        "interestIncomeExpense": -45,
        "minorityInterest": -2,
        "netIncome": 319,
        "netIncomeAfterTaxes": 323,
        "nonRecurringItems": -20,
        "period": "2021-12-31",
        "pretaxIncome": 313,
        "provisionforIncomeTaxes": -10,
        "revenue": 998,
        "sgaExpense": 757,
        "totalOperatingExpense": 922
      },
      {
        "depreciationAmortization": 263,
        "dilutedAverageSharesOutstanding": 713.9,
        "dilutedEPS": -0.17,
        "ebit": -100,
        "gainLossOnDispositionOfAssets": 2,
        "interestExpense": 43,
        "interestIncomeExpense": -40,
        "minorityInterest": 1,
        "netIncome": -119,
        "netIncomeAfterTaxes": -120,
        "nonRecurringItems": 5,
        "period": "2021-09-30",
        "pretaxIncome": -133,
        "provisionforIncomeTaxes": -13,
        "revenue": 844,
        "sgaExpense": 681,
        "totalOperatingExpense": 944
      },
      {
        "depreciationAmortization": 169,
        "dilutedAverageSharesOutstanding": 707.6,
        "dilutedEPS": -0.08,
        "ebit": -68,
        "gainLossOnDispositionOfAssets": 3,
        "interestExpense": 43,
        "interestIncomeExpense": -18,
        "minorityInterest": 1,
        "netIncome": -60,
        "netIncomeAfterTaxes": -61,
        "period": "2021-06-30",
        "pretaxIncome": -83,
        "provisionforIncomeTaxes": -22,
        "revenue": 649,
        "sgaExpense": 548,
        "totalOperatingExpense": 717
      },
      {
        "depreciationAmortization": 165,
        "dilutedAverageSharesOutstanding": 705.6,
        "dilutedEPS": -0.22,
        "ebit": -166,
        "gainLossOnDispositionOfAssets": -1,
        "interestExpense": 42,
        "interestIncomeExpense": -32,
        "minorityInterest": 1,
        "netIncome": -152,
        "netIncomeAfterTaxes": -153,
        "period": "2021-03-31",
        "pretaxIncome": -199,
        "provisionforIncomeTaxes": -46,
        "revenue": 399,
        "sgaExpense": 400,
        "totalOperatingExpense": 565
      },
      {
        "depreciationAmortization": 167,
        "dilutedAverageSharesOutstanding": 705.3,
        "dilutedEPS": -0.09,
        "ebit": -271,
        "gainLossOnDispositionOfAssets": 195,
        "interestExpense": 43,
        "interestIncomeExpense": -46,
        "minorityInterest": 2,
        "netIncome": -64,
        "netIncomeAfterTaxes": -66,
        "nonRecurringItems": -8,
        "period": "2020-12-31",
        "pretaxIncome": -130,
        "provisionforIncomeTaxes": -64,
        "revenue": 267,
        "sgaExpense": 371,
        "totalOperatingExpense": 538
      },
      {
        "depreciationAmortization": 166,
        "dilutedAverageSharesOutstanding": 705.2,
        "dilutedEPS": -0.44,
        "ebit": -318,
        "gainLossOnDispositionOfAssets": 1,
        "interestExpense": 39,
        "interestIncomeExpense": -45,
        "minorityInterest": 3,
        "netIncome": -313,
        "netIncomeAfterTaxes": -316,
        "nonRecurringItems": -27,
        "period": "2020-09-30",
        "pretaxIncome": -389,
        "provisionforIncomeTaxes": -73,
        "revenue": 198,
        "sgaExpense": 350,
        "totalOperatingExpense": 516
      },
      {
        "depreciationAmortization": 168,
        "dilutedAverageSharesOutstanding": 705.1,
        "dilutedEPS": -0.5,
        "ebit": -353,
        "gainLossOnDispositionOfAssets": 13,
        "interestExpense": 39,
        "interestIncomeExpense": -61,
        "minorityInterest": 4,
        "netIncome": -352,
        "netIncomeAfterTaxes": -356,
        "nonRecurringItems": -1,
        "period": "2020-06-30",
        "pretaxIncome": -402,
        "provisionforIncomeTaxes": -46,
        "revenue": 103,
        "sgaExpense": 288,
        "totalOperatingExpense": 456
      },
      {
        "depreciationAmortization": 164,
        "dilutedAverageSharesOutstanding": 708.1,
        "dilutedEPS": 0,
        "ebit": -11,
        "gainLossOnDispositionOfAssets": -1,
        "interestExpense": 37,
        "interestIncomeExpense": -28,
        "minorityInterest": 0,
        "netIncome": -3,
        "netIncomeAfterTaxes": -3,
        "period": "2020-03-31",
        "pretaxIncome": -40,
        "provisionforIncomeTaxes": -37,
        "revenue": 1052,
        "sgaExpense": 899,
        "totalOperatingExpense": 1063
      },
      {
        "depreciationAmortization": 175,
        "dilutedAverageSharesOutstanding": 718.2,
        "dilutedEPS": 0.11,
        "ebit": 165,
        "gainLossOnDispositionOfAssets": -2,
        "interestExpense": 37,
        "interestIncomeExpense": -28,
        "minorityInterest": -1,
        "netIncome": 80,
        "netIncomeAfterTaxes": 81,
        "nonRecurringItems": -52,
        "period": "2019-12-31",
        "pretaxIncome": 89,
        "provisionforIncomeTaxes": 8,
        "revenue": 1334,
        "sgaExpense": 994,
        "totalOperatingExpense": 1169,
        "totalOtherIncomeExpenseNet": 6
      },
      {
        "depreciationAmortization": 159,
        "dilutedAverageSharesOutstanding": 725.8,
        "dilutedEPS": 0.51,
        "ebit": 139,
        "gainLossOnDispositionOfAssets": 274,
        "interestExpense": 43,
        "interestIncomeExpense": -32,
        "minorityInterest": -4,
        "netIncome": 368,
        "netIncomeAfterTaxes": 372,
        "nonRecurringItems": -5,
        "period": "2019-09-30",
        "pretaxIncome": 376,
        "provisionforIncomeTaxes": 4,
        "revenue": 1262,
        "sgaExpense": 964,
        "totalOperatingExpense": 1123
      },
      {
        "depreciationAmortization": 166,
        "dilutedAverageSharesOutstanding": 739.4,
        "dilutedEPS": 0.39,
        "ebit": 280,
        "gainLossOnDispositionOfAssets": 57,
        "interestExpense": 43,
        "interestIncomeExpense": -31,
        "minorityInterest": -4,
        "netIncome": 286,
        "netIncomeAfterTaxes": 290,
        "nonRecurringItems": 0,
        "period": "2019-06-30",
        "pretaxIncome": 306,
        "provisionforIncomeTaxes": 16,
        "revenue": 1483,
        "sgaExpense": 1037,
        "totalOperatingExpense": 1203
      },
      {
        "depreciationAmortization": 170,
        "dilutedAverageSharesOutstanding": 740.8,
        "dilutedEPS": 0.25,
        "ebit": 216,
        "gainLossOnDispositionOfAssets": 5,
        "interestExpense": 43,
        "interestIncomeExpense": -30,
        "minorityInterest": -3,
        "netIncome": 186,
        "netIncomeAfterTaxes": 189,
        "nonRecurringItems": 0,
        "period": "2019-03-31",
        "pretaxIncome": 191,
        "provisionforIncomeTaxes": 2,
        "revenue": 1390,
        "sgaExpense": 1004,
        "totalOperatingExpense": 1174
      },
      {
        "depreciationAmortization": 165,
        "dilutedAverageSharesOutstanding": 741.8,
        "dilutedEPS": 0.41,
        "ebit": 181,
        "gainLossOnDispositionOfAssets": 235,
        "interestExpense": 42,
        "interestIncomeExpense": -30,
        "minorityInterest": -3,
        "netIncome": 303,
        "netIncomeAfterTaxes": 306,
        "nonRecurringItems": 7,
        "period": "2018-12-31",
        "pretaxIncome": 393,
        "provisionforIncomeTaxes": 87,
        "revenue": 1361,
        "sgaExpense": 1015,
        "totalOperatingExpense": 1180
      },
      {
        "depreciationAmortization": 173,
        "dilutedAverageSharesOutstanding": 740.5,
        "dilutedEPS": 0.43,
        "ebit": 147,
        "gainLossOnDispositionOfAssets": 547,
        "interestExpense": 45,
        "interestIncomeExpense": -35,
        "minorityInterest": -56,
        "netIncome": 322,
        "netIncomeAfterTaxes": 378,
        "nonRecurringItems": -239,
        "period": "2018-09-30",
        "pretaxIncome": 420,
        "provisionforIncomeTaxes": 42,
        "revenue": 1299,
        "sgaExpense": 979,
        "totalOperatingExpense": 1152
      },
      {
        "depreciationAmortization": 176,
        "dilutedAverageSharesOutstanding": 740.2,
        "dilutedEPS": 0.28,
        "ebit": 276,
        "gainLossOnDispositionOfAssets": 0,
        "interestExpense": 45,
        "interestIncomeExpense": -35,
        "minorityInterest": -2,
        "netIncome": 209,
        "netIncomeAfterTaxes": 211,
        "nonRecurringItems": -13,
        "period": "2018-06-30",
        "pretaxIncome": 228,
        "provisionforIncomeTaxes": 17,
        "revenue": 1518,
        "sgaExpense": 1066,
        "totalOperatingExpense": 1242
      },
      {
        "depreciationAmortization": 170,
        "dilutedAverageSharesOutstanding": 739.6,
        "dilutedEPS": 0.34,
        "ebit": 179,
        "gainLossOnDispositionOfAssets": 120,
        "interestExpense": 44,
        "interestIncomeExpense": -31,
        "minorityInterest": -3,
        "netIncome": 253,
        "netIncomeAfterTaxes": 256,
        "nonRecurringItems": -8,
        "period": "2018-03-31",
        "pretaxIncome": 260,
        "provisionforIncomeTaxes": 4,
        "revenue": 1346,
        "sgaExpense": 997,
        "totalOperatingExpense": 1167
      },
      {
        "depreciationAmortization": 217,
        "dilutedAverageSharesOutstanding": 740.3,
        "dilutedEPS": 0.13,
        "ebit": 126,
        "gainLossOnDispositionOfAssets": 3,
        "interestExpense": 42,
        "interestIncomeExpense": -27,
        "minorityInterest": -1,
        "netIncome": 92,
        "netIncomeAfterTaxes": 99,
        "nonRecurringItems": 8,
        "period": "2017-12-31",
        "pretaxIncome": 110,
        "provisionforIncomeTaxes": 11,
        "revenue": 1344,
        "sgaExpense": 1001,
        "totalOperatingExpense": 1218
      },
      {
        "depreciationAmortization": 176,
        "dilutedAverageSharesOutstanding": 739,
        "dilutedEPS": 0.14,
        "ebit": 126,
        "gainLossOnDispositionOfAssets": 59,
        "interestExpense": 43,
        "interestIncomeExpense": -39,
        "minorityInterest": -1,
        "netIncome": 104,
        "netIncomeAfterTaxes": 105,
        "nonRecurringItems": 1,
        "period": "2017-09-30",
        "pretaxIncome": 147,
        "provisionforIncomeTaxes": 42,
        "revenue": 1254,
        "sgaExpense": 952,
        "totalOperatingExpense": 1128
      },
      {
        "depreciationAmortization": 178,
        "dilutedAverageSharesOutstanding": 738.8,
        "dilutedEPS": 0.28,
        "ebit": 242,
        "gainLossOnDispositionOfAssets": 29,
        "interestExpense": 43,
        "interestIncomeExpense": -34,
        "minorityInterest": -2,
        "netIncome": 210,
        "netIncomeAfterTaxes": 212,
        "nonRecurringItems": 2,
        "period": "2017-06-30",
        "pretaxIncome": 239,
        "provisionforIncomeTaxes": 27,
        "revenue": 1441,
        "sgaExpense": 1021,
        "totalOperatingExpense": 1199
      },
      {
        "depreciationAmortization": 180,
        "dilutedAverageSharesOutstanding": 738.2,
        "dilutedEPS": 0.21,
        "ebit": 168,
        "gainLossOnDispositionOfAssets": 17,
        "interestExpense": 39,
        "interestIncomeExpense": -33,
        "minorityInterest": -3,
        "netIncome": 158,
        "netIncomeAfterTaxes": 161,
        "nonRecurringItems": 3,
        "period": "2017-03-31",
        "pretaxIncome": 155,
        "provisionforIncomeTaxes": -6,
        "revenue": 1348,
        "sgaExpense": 1000,
        "totalOperatingExpense": 1180
      },
      {
        "depreciationAmortization": 183,
        "dilutedAverageSharesOutstanding": 739.2,
        "dilutedEPS": 0.17,
        "ebit": 150,
        "gainLossOnDispositionOfAssets": 8,
        "interestExpense": 38,
        "interestIncomeExpense": -32,
        "minorityInterest": -2,
        "netIncome": 126,
        "netIncomeAfterTaxes": 128,
        "nonRecurringItems": 0,
        "period": "2016-12-31",
        "pretaxIncome": 126,
        "provisionforIncomeTaxes": -2,
        "revenue": 1337,
        "sgaExpense": 1004,
        "totalOperatingExpense": 1187
      },
      {
        "depreciationAmortization": 182,
        "dilutedAverageSharesOutstanding": 741.1,
        "dilutedEPS": 0.14,
        "ebit": 132,
        "gainLossOnDispositionOfAssets": 14,
        "interestExpense": 38,
        "interestIncomeExpense": -31,
        "minorityInterest": -1,
        "netIncome": 107,
        "netIncomeAfterTaxes": 108,
        "nonRecurringItems": 12,
        "period": "2016-09-30",
        "pretaxIncome": 127,
        "provisionforIncomeTaxes": 19,
        "revenue": 1295,
        "sgaExpense": 981,
        "totalOperatingExpense": 1163
      },
      {
        "depreciationAmortization": 178,
        "dilutedAverageSharesOutstanding": 744.3,
        "dilutedEPS": 0.47,
        "ebit": 239,
        "gainLossOnDispositionOfAssets": 172,
        "interestExpense": 39,
        "interestIncomeExpense": -28,
        "minorityInterest": -4,
        "netIncome": 347,
        "netIncomeAfterTaxes": 351,
        "nonRecurringItems": 0,
        "period": "2016-06-30",
        "pretaxIncome": 383,
        "provisionforIncomeTaxes": 32,
        "revenue": 1459,
        "sgaExpense": 1042,
        "totalOperatingExpense": 1220
      },
      {
        "depreciationAmortization": 181,
        "dilutedAverageSharesOutstanding": 749.7,
        "dilutedEPS": 0.24,
        "ebit": 148,
        "gainLossOnDispositionOfAssets": 59,
        "interestExpense": 39,
        "interestIncomeExpense": -35,
        "minorityInterest": -2,
        "netIncome": 182,
        "netIncomeAfterTaxes": 184,
        "nonRecurringItems": 3,
        "period": "2016-03-31",
        "pretaxIncome": 175,
        "provisionforIncomeTaxes": -9,
        "revenue": 1339,
        "sgaExpense": 1010,
        "totalOperatingExpense": 1191
      },
      {
        "depreciationAmortization": 180,
        "dilutedAverageSharesOutstanding": 754.1,
        "dilutedEPS": 0.22,
        "ebit": 145,
        "gainLossOnDispositionOfAssets": 33,
        "interestExpense": 60,
        "interestIncomeExpense": -15,
        "minorityInterest": -2,
        "netIncome": 163,
        "netIncomeAfterTaxes": 165,
        "nonRecurringItems": -2,
        "period": "2015-12-31",
        "pretaxIncome": 161,
        "provisionforIncomeTaxes": -4,
        "revenue": 1326,
        "sgaExpense": 1001,
        "totalOperatingExpense": 1181
      },
      {
        "depreciationAmortization": 177,
        "dilutedAverageSharesOutstanding": 746.8,
        "dilutedEPS": 0.11,
        "ebit": 129,
        "gainLossOnDispositionOfAssets": 5,
        "interestExpense": 46,
        "interestIncomeExpense": -42,
        "minorityInterest": -2,
        "netIncome": 85,
        "netIncomeAfterTaxes": 87,
        "nonRecurringItems": 4,
        "period": "2015-09-30",
        "pretaxIncome": 96,
        "provisionforIncomeTaxes": 9,
        "revenue": 1283,
        "sgaExpense": 977,
        "totalOperatingExpense": 1154
      }
    ],
    "symbol": "HST"
  }
}