{
  "symbol": "CDNS",
  "statement": "ic",
  "frequency": "quarterly",
  "timestamp": "2025-09-19T13:57:15.989361",
  "data": {
    "financials": [
      {
        "costOfGoodsSold": 184.167,
        "depreciationAmortization": 9.204,
        "dilutedAverageSharesOutstanding": 272.899,
        "dilutedEPS": 0.59,
        "ebit": 370.389,
        "grossIncome": 1091.274,
        "interestExpense": 28.948,
        "interestIncomeExpense": -28.948,
        "netIncome": 160.051,
        "netIncomeAfterTaxes": 160.051,
        "nonRecurringItems": -0.047,
        "period": "2025-06-30",
        "pretaxIncome": 280.607,
        "provisionforIncomeTaxes": 120.556,
        "researchDevelopment": 442.057,
        "revenue": 1275.441,
        "sgaExpense": 269.624,
        "totalOperatingExpense": 720.885,
        "totalOtherIncomeExpenseNet": -60.787
      },
      {
        "costOfGoodsSold": 167.133,
        "depreciationAmortization": 8.922,
        "dilutedAverageSharesOutstanding": 273.631,
        "dilutedEPS": 1,
        "ebit": 361.411,
        "grossIncome": 1075.233,
        "interestExpense": 29.118,
        "interestIncomeExpense": -5.451,
        "netIncome": 273.579,
        "netIncomeAfterTaxes": 273.579,
        "nonRecurringItems": 0.109,
        "period": "2025-03-31",
        "pretaxIncome": 355.692,
        "provisionforIncomeTaxes": 82.113,
        "researchDevelopment": 439.102,
        "revenue": 1242.366,
        "sgaExpense": 265.798,
        "totalOperatingExpense": 713.822,
        "totalOtherIncomeExpenseNet": -0.377
      },
      {
        "costOfGoodsSold": 219.991,
        "depreciationAmortization": 9.153,
        "dilutedAverageSharesOutstanding": 274.295,
        "dilutedEPS": 1.24,
        "ebit": 457.155,
        "grossIncome": 1135.99,
        "interestExpense": 29.907,
        "interestIncomeExpense": -20.03,
        "netIncome": 340.21,
        "netIncomeAfterTaxes": 340.21,
        "nonRecurringItems": -0.28,
        "period": "2024-12-31",
        "pretaxIncome": 436.652,
        "provisionforIncomeTaxes": 96.442,
        "researchDevelopment": 392.026,
        "revenue": 1355.981,
        "sgaExpense": 277.656,
        "totalOperatingExpense": 678.835,
        "totalOtherIncomeExpenseNet": -0.193
      },
      {
        "costOfGoodsSold": 163.044,
        "depreciationAmortization": 9.148,
        "dilutedAverageSharesOutstanding": 273.958,
        "dilutedEPS": 0.87,
        "ebit": 375.594,
        "grossIncome": 1052.455,
        "interestExpense": 24.495,
        "interestIncomeExpense": -16.357,
        "netIncome": 238.111,
        "netIncomeAfterTaxes": 238.111,
        "nonRecurringItems": -25.538,
        "period": "2024-09-30",
        "pretaxIncome": 333.414,
        "provisionforIncomeTaxes": 95.303,
        "researchDevelopment": 407.369,
        "revenue": 1215.499,
        "sgaExpense": 260.344,
        "totalOperatingExpense": 676.861,
        "totalOtherIncomeExpenseNet": -0.285
      },
      {
        "costOfGoodsSold": 139.27,
        "depreciationAmortization": 6.667,
        "dilutedAverageSharesOutstanding": 273.52,
        "dilutedEPS": 0.84,
        "ebit": 297.243,
        "grossIncome": 921.411,
        "interestExpense": 12.905,
        "interestIncomeExpense": 22.174,
        "netIncome": 229.52,
        "netIncomeAfterTaxes": 229.52,
        "nonRecurringItems": -3.367,
        "period": "2024-06-30",
        "pretaxIncome": 315.71,
        "provisionforIncomeTaxes": 86.19,
        "researchDevelopment": 370.74,
        "revenue": 1060.681,
        "sgaExpense": 246.761,
        "totalOperatingExpense": 624.168,
        "totalOtherIncomeExpenseNet": -0.34
      },
      {
        "costOfGoodsSold": 125.197,
        "depreciationAmortization": 5.407,
        "dilutedAverageSharesOutstanding": 273.544,
        "dilutedEPS": 0.91,
        "ebit": 259.236,
        "grossIncome": 883.906,
        "interestExpense": 8.692,
        "interestIncomeExpense": 60.471,
        "netIncome": 247.643,
        "netIncomeAfterTaxes": 247.643,
        "nonRecurringItems": -9.28,
        "period": "2024-03-31",
        "pretaxIncome": 310.043,
        "provisionforIncomeTaxes": 62.4,
        "researchDevelopment": 378.958,
        "revenue": 1009.103,
        "sgaExpense": 240.305,
        "totalOperatingExpense": 624.67,
        "totalOtherIncomeExpenseNet": -0.384
      },
      {
        "costOfGoodsSold": 104.13,
        "depreciationAmortization": 4.981,
        "dilutedAverageSharesOutstanding": 272.415,
        "dilutedEPS": 1.19,
        "ebit": 337.759,
        "grossIncome": 964.493,
        "interestExpense": 8.989,
        "interestIncomeExpense": 25.716,
        "netIncome": 323.899,
        "netIncomeAfterTaxes": 323.899,
        "nonRecurringItems": -1.231,
        "period": "2023-12-31",
        "pretaxIncome": 362.062,
        "provisionforIncomeTaxes": 38.163,
        "researchDevelopment": 367.443,
        "revenue": 1068.623,
        "sgaExpense": 254.31,
        "totalOperatingExpense": 626.734,
        "totalOtherIncomeExpenseNet": -0.182
      },
      {
        "costOfGoodsSold": 109.581,
        "depreciationAmortization": 4.612,
        "dilutedAverageSharesOutstanding": 272.427,
        "dilutedEPS": 0.93,
        "ebit": 308.788,
        "grossIncome": 913.513,
        "interestExpense": 9.059,
        "interestIncomeExpense": 7.366,
        "netIncome": 254.321,
        "netIncomeAfterTaxes": 254.321,
        "nonRecurringItems": -15.882,
        "period": "2023-09-30",
        "pretaxIncome": 299.953,
        "provisionforIncomeTaxes": 45.632,
        "researchDevelopment": 369.642,
        "revenue": 1023.094,
        "sgaExpense": 230.471,
        "totalOperatingExpense": 604.725,
        "totalOtherIncomeExpenseNet": -0.319
      },
      {
        "costOfGoodsSold": 96.858,
        "depreciationAmortization": 4.302,
        "dilutedAverageSharesOutstanding": 272.996,
        "dilutedEPS": 0.81,
        "ebit": 302.428,
        "grossIncome": 879.721,
        "interestExpense": 8.877,
        "interestIncomeExpense": 1.021,
        "netIncome": 221.12,
        "netIncomeAfterTaxes": 221.12,
        "nonRecurringItems": -3.1,
        "period": "2023-06-30",
        "pretaxIncome": 298.424,
        "provisionforIncomeTaxes": 77.304,
        "researchDevelopment": 354.416,
        "revenue": 976.579,
        "sgaExpense": 218.575,
        "totalOperatingExpense": 577.293,
        "totalOtherIncomeExpenseNet": -1.925
      },
      {
        "costOfGoodsSold": 124.472,
        "depreciationAmortization": 4.267,
        "dilutedAverageSharesOutstanding": 273.159,
        "dilutedEPS": 0.89,
        "ebit": 322.463,
        "grossIncome": 897.218,
        "interestExpense": 9.26,
        "interestIncomeExpense": -9.26,
        "netIncome": 241.804,
        "netIncomeAfterTaxes": 241.804,
        "nonRecurringItems": 0,
        "period": "2023-03-31",
        "pretaxIncome": 321.487,
        "provisionforIncomeTaxes": 79.683,
        "researchDevelopment": 350.295,
        "revenue": 1021.69,
        "sgaExpense": 220.193,
        "totalOperatingExpense": 574.755,
        "totalOtherIncomeExpenseNet": 8.284
      },
      {
        "costOfGoodsSold": 93.515,
        "depreciationAmortization": 4.927,
        "dilutedAverageSharesOutstanding": 272.995,
        "dilutedEPS": 0.88,
        "ebit": 211.13,
        "grossIncome": 806.362,
        "interestExpense": 9.082,
        "interestIncomeExpense": -9.082,
        "netIncome": 240.392,
        "netIncomeAfterTaxes": 240.392,
        "nonRecurringItems": -0.013,
        "period": "2022-12-31",
        "pretaxIncome": 210.525,
        "provisionforIncomeTaxes": -29.867,
        "researchDevelopment": 350.423,
        "revenue": 899.877,
        "sgaExpense": 239.882,
        "totalOperatingExpense": 595.232,
        "totalOtherIncomeExpenseNet": 8.49
      },
      {
        "costOfGoodsSold": 87.6,
        "depreciationAmortization": 3.946,
        "dilutedAverageSharesOutstanding": 274.957,
        "dilutedEPS": 0.68,
        "ebit": 260.766,
        "grossIncome": 814.954,
        "interestExpense": 5.463,
        "interestIncomeExpense": -5.463,
        "netIncome": 186.305,
        "netIncomeAfterTaxes": 186.305,
        "nonRecurringItems": -0.014,
        "period": "2022-10-01",
        "pretaxIncome": 252.272,
        "provisionforIncomeTaxes": 65.967,
        "researchDevelopment": 323.629,
        "revenue": 902.554,
        "sgaExpense": 226.613,
        "totalOperatingExpense": 554.188,
        "totalOtherIncomeExpenseNet": -3.017
      },
      {
        "costOfGoodsSold": 92.665,
        "depreciationAmortization": 4.633,
        "dilutedAverageSharesOutstanding": 275.172,
        "dilutedEPS": 0.68,
        "ebit": 282.904,
        "grossIncome": 764.856,
        "interestExpense": 4.281,
        "interestIncomeExpense": -4.281,
        "netIncome": 186.92,
        "netIncomeAfterTaxes": 186.92,
        "nonRecurringItems": -0.016,
        "period": "2022-07-02",
        "pretaxIncome": 272.645,
        "provisionforIncomeTaxes": 85.725,
        "researchDevelopment": 286.597,
        "revenue": 857.521,
        "sgaExpense": 190.722,
        "totalOperatingExpense": 481.952,
        "totalOtherIncomeExpenseNet": -5.962
      },
      {
        "costOfGoodsSold": 97.843,
        "depreciationAmortization": 4.964,
        "dilutedAverageSharesOutstanding": 276.918,
        "dilutedEPS": 0.85,
        "ebit": 318.941,
        "grossIncome": 803.923,
        "interestExpense": 4.108,
        "interestIncomeExpense": -4.108,
        "netIncome": 235.335,
        "netIncomeAfterTaxes": 235.335,
        "nonRecurringItems": -0.012,
        "period": "2022-04-02",
        "pretaxIncome": 309.921,
        "provisionforIncomeTaxes": 74.586,
        "researchDevelopment": 290.895,
        "revenue": 901.766,
        "sgaExpense": 189.123,
        "totalOperatingExpense": 484.982,
        "totalOtherIncomeExpenseNet": -4.9
      },
      {
        "costOfGoodsSold": 69.693,
        "depreciationAmortization": 4.979,
        "dilutedAverageSharesOutstanding": 278.294,
        "dilutedEPS": 0.63,
        "ebit": 195.6,
        "grossIncome": 703.343,
        "interestExpense": 4.251,
        "interestIncomeExpense": -4.251,
        "netIncome": 176.579,
        "netIncomeAfterTaxes": 176.579,
        "nonRecurringItems": 0.08,
        "period": "2022-01-01",
        "pretaxIncome": 194.054,
        "provisionforIncomeTaxes": 17.475,
        "researchDevelopment": 288.953,
        "revenue": 773.036,
        "sgaExpense": 213.811,
        "totalOperatingExpense": 507.743,
        "totalOtherIncomeExpenseNet": 2.625
      },
      {
        "costOfGoodsSold": 76.587,
        "depreciationAmortization": 5,
        "dilutedAverageSharesOutstanding": 278.311,
        "dilutedEPS": 0.63,
        "ebit": 193.812,
        "grossIncome": 674.308,
        "interestExpense": 4.196,
        "interestIncomeExpense": -4.196,
        "netIncome": 176.307,
        "netIncomeAfterTaxes": 176.307,
        "nonRecurringItems": 0.222,
        "period": "2021-10-02",
        "pretaxIncome": 188.695,
        "provisionforIncomeTaxes": 12.388,
        "researchDevelopment": 289.105,
        "revenue": 750.895,
        "sgaExpense": 186.391,
        "totalOperatingExpense": 480.496,
        "totalOtherIncomeExpenseNet": -1.143
      },
      {
        "costOfGoodsSold": 76.759,
        "depreciationAmortization": 5.03,
        "dilutedAverageSharesOutstanding": 278.558,
        "dilutedEPS": 0.56,
        "ebit": 184.969,
        "grossIncome": 651.526,
        "interestExpense": 4.316,
        "interestIncomeExpense": -4.316,
        "netIncome": 155.9,
        "netIncomeAfterTaxes": 155.9,
        "nonRecurringItems": 0.469,
        "period": "2021-07-03",
        "pretaxIncome": 183.265,
        "provisionforIncomeTaxes": 27.365,
        "researchDevelopment": 285.227,
        "revenue": 728.285,
        "sgaExpense": 176.3,
        "totalOperatingExpense": 466.557,
        "totalOtherIncomeExpenseNet": 2.143
      },
      {
        "costOfGoodsSold": 83.967,
        "depreciationAmortization": 4.631,
        "dilutedAverageSharesOutstanding": 280.14,
        "dilutedEPS": 0.67,
        "ebit": 203.66,
        "grossIncome": 652.061,
        "interestExpense": 4.217,
        "interestIncomeExpense": -4.217,
        "netIncome": 187.169,
        "netIncomeAfterTaxes": 187.169,
        "nonRecurringItems": 0.277,
        "period": "2021-04-03",
        "pretaxIncome": 202.421,
        "provisionforIncomeTaxes": 15.252,
        "researchDevelopment": 270.992,
        "revenue": 736.028,
        "sgaExpense": 172.778,
        "totalOperatingExpense": 448.401,
        "totalOtherIncomeExpenseNet": 2.701
      },
      {
        "costOfGoodsSold": 73.536,
        "depreciationAmortization": 4.775,
        "dilutedAverageSharesOutstanding": 280.199,
        "dilutedEPS": 0.62,
        "ebit": 195.523,
        "grossIncome": 686.373,
        "interestExpense": 4.873,
        "interestIncomeExpense": -4.873,
        "netIncome": 173.738,
        "netIncomeAfterTaxes": 173.738,
        "nonRecurringItems": -10.544,
        "period": "2021-01-02",
        "pretaxIncome": 186.189,
        "provisionforIncomeTaxes": 12.451,
        "researchDevelopment": 290.309,
        "revenue": 759.909,
        "sgaExpense": 195.766,
        "totalOperatingExpense": 490.85,
        "totalOtherIncomeExpenseNet": 6.083
      },
      {
        "costOfGoodsSold": 82.284,
        "depreciationAmortization": 4.438,
        "dilutedAverageSharesOutstanding": 280.024,
        "dilutedEPS": 0.58,
        "ebit": 169.285,
        "grossIncome": 584.323,
        "interestExpense": 5.325,
        "interestIncomeExpense": -5.325,
        "netIncome": 161.63,
        "netIncomeAfterTaxes": 161.63,
        "nonRecurringItems": -0.013,
        "period": "2020-09-26",
        "pretaxIncome": 165.713,
        "provisionforIncomeTaxes": 4.083,
        "researchDevelopment": 250.934,
        "revenue": 666.607,
        "sgaExpense": 159.666,
        "totalOperatingExpense": 415.038,
        "totalOtherIncomeExpenseNet": 1.766
      },
      {
        "costOfGoodsSold": 75.215,
        "depreciationAmortization": 4.59,
        "dilutedAverageSharesOutstanding": 279.08,
        "dilutedEPS": 0.47,
        "ebit": 151.675,
        "grossIncome": 563.203,
        "interestExpense": 5.914,
        "interestIncomeExpense": -5.914,
        "netIncome": 131.288,
        "netIncomeAfterTaxes": 131.288,
        "nonRecurringItems": 0.275,
        "period": "2020-06-27",
        "pretaxIncome": 150.666,
        "provisionforIncomeTaxes": 19.378,
        "researchDevelopment": 250.821,
        "revenue": 638.418,
        "sgaExpense": 156.117,
        "totalOperatingExpense": 411.528,
        "totalOtherIncomeExpenseNet": 4.63
      },
      {
        "costOfGoodsSold": 74.463,
        "depreciationAmortization": 4.206,
        "dilutedAverageSharesOutstanding": 279.265,
        "dilutedEPS": 0.44,
        "ebit": 138.284,
        "grossIncome": 543.494,
        "interestExpense": 4.637,
        "interestIncomeExpense": -4.637,
        "netIncome": 123.988,
        "netIncomeAfterTaxes": 123.988,
        "nonRecurringItems": 1.067,
        "period": "2020-03-28",
        "pretaxIncome": 130.18,
        "provisionforIncomeTaxes": 6.192,
        "researchDevelopment": 241.668,
        "revenue": 617.957,
        "sgaExpense": 159.336,
        "totalOperatingExpense": 405.21,
        "totalOtherIncomeExpenseNet": -4.534
      },
      {
        "costOfGoodsSold": 73.328,
        "depreciationAmortization": 2.787,
        "dilutedAverageSharesOutstanding": 279.609,
        "dilutedEPS": 2.36,
        "ebit": 118.708,
        "grossIncome": 526.227,
        "interestExpense": 4.222,
        "interestIncomeExpense": -4.222,
        "netIncome": 659.675,
        "netIncomeAfterTaxes": 658.675,
        "nonRecurringItems": -9.809,
        "period": "2019-12-28",
        "pretaxIncome": 105.425,
        "provisionforIncomeTaxes": -553.25,
        "researchDevelopment": 235.372,
        "revenue": 599.555,
        "sgaExpense": 169.36,
        "totalOperatingExpense": 407.519,
        "totalOtherIncomeExpenseNet": 0.748
      },
      {
        "costOfGoodsSold": 60.975,
        "depreciationAmortization": 2.874,
        "dilutedAverageSharesOutstanding": 280.666,
        "dilutedEPS": 0.36,
        "ebit": 120.64,
        "grossIncome": 518.628,
        "interestExpense": 4.24,
        "interestIncomeExpense": -4.24,
        "netIncome": 101.514,
        "netIncomeAfterTaxes": 101.514,
        "nonRecurringItems": 0.186,
        "period": "2019-09-28",
        "pretaxIncome": 116.708,
        "provisionforIncomeTaxes": 15.194,
        "researchDevelopment": 240.542,
        "revenue": 579.603,
        "sgaExpense": 154.572,
        "totalOperatingExpense": 397.988,
        "totalOtherIncomeExpenseNet": 0.122
      },
      {
        "costOfGoodsSold": 61.469,
        "depreciationAmortization": 3.159,
        "dilutedAverageSharesOutstanding": 281.054,
        "dilutedEPS": 0.38,
        "ebit": 133.362,
        "grossIncome": 518.95,
        "interestExpense": 4.976,
        "interestIncomeExpense": -4.976,
        "netIncome": 107.235,
        "netIncomeAfterTaxes": 107.235,
        "nonRecurringItems": 0.313,
        "period": "2019-06-29",
        "pretaxIncome": 128.589,
        "provisionforIncomeTaxes": 21.354,
        "researchDevelopment": 231.814,
        "revenue": 580.419,
        "sgaExpense": 150.615,
        "totalOperatingExpense": 385.588,
        "totalOtherIncomeExpenseNet": -0.11
      },
      {
        "costOfGoodsSold": 70.585,
        "depreciationAmortization": 3.308,
        "dilutedAverageSharesOutstanding": 280.615,
        "dilutedEPS": 0.43,
        "ebit": 127.707,
        "grossIncome": 506.157,
        "interestExpense": 5.391,
        "interestIncomeExpense": -5.391,
        "netIncome": 120.555,
        "netIncomeAfterTaxes": 121.555,
        "nonRecurringItems": 0.689,
        "period": "2019-03-30",
        "pretaxIncome": 128.246,
        "provisionforIncomeTaxes": 6.691,
        "researchDevelopment": 228.21,
        "revenue": 576.742,
        "sgaExpense": 146.932,
        "totalOperatingExpense": 378.45,
        "totalOtherIncomeExpenseNet": 5.241
      },
      {
        "costOfGoodsSold": 76.124,
        "depreciationAmortization": 3.468,
        "dilutedAverageSharesOutstanding": 280.403,
        "dilutedEPS": 0.34,
        "ebit": 127.389,
        "grossIncome": 493.726,
        "interestExpense": 4.318,
        "interestIncomeExpense": -4.318,
        "netIncome": 98.425,
        "netIncomeAfterTaxes": 94.416,
        "nonRecurringItems": -13.699,
        "period": "2018-12-29",
        "pretaxIncome": 108.637,
        "provisionforIncomeTaxes": 14.221,
        "researchDevelopment": 218.271,
        "revenue": 569.85,
        "sgaExpense": 144.598,
        "totalOperatingExpense": 366.337,
        "totalOtherIncomeExpenseNet": -0.735
      },
      {
        "costOfGoodsSold": 60.454,
        "depreciationAmortization": 3.47,
        "dilutedAverageSharesOutstanding": 281.646,
        "dilutedEPS": 0.35,
        "ebit": 103.458,
        "grossIncome": 472.014,
        "interestExpense": 5.177,
        "interestIncomeExpense": -5.177,
        "netIncome": 99.318,
        "netIncomeAfterTaxes": 99.318,
        "nonRecurringItems": 0.172,
        "period": "2018-09-29",
        "pretaxIncome": 99.559,
        "provisionforIncomeTaxes": 0.241,
        "researchDevelopment": 223.231,
        "revenue": 532.468,
        "sgaExpense": 141.855,
        "totalOperatingExpense": 368.556,
        "totalOtherIncomeExpenseNet": 1.106
      },
      {
        "costOfGoodsSold": 58.96,
        "depreciationAmortization": 3.518,
        "dilutedAverageSharesOutstanding": 280.774,
        "dilutedEPS": 0.27,
        "ebit": 92.609,
        "grossIncome": 459.431,
        "interestExpense": 6.669,
        "interestIncomeExpense": -6.669,
        "netIncome": 75.149,
        "netIncomeAfterTaxes": 75.149,
        "nonRecurringItems": 0.447,
        "period": "2018-06-30",
        "pretaxIncome": 90.025,
        "provisionforIncomeTaxes": 14.876,
        "researchDevelopment": 219.129,
        "revenue": 518.391,
        "sgaExpense": 144.175,
        "totalOperatingExpense": 366.822,
        "totalOtherIncomeExpenseNet": 3.638
      },
      {
        "costOfGoodsSold": 63.209,
        "depreciationAmortization": 3.63,
        "dilutedAverageSharesOutstanding": 281.651,
        "dilutedEPS": 0.27,
        "ebit": 83.842,
        "grossIncome": 454.104,
        "interestExpense": 6.975,
        "interestIncomeExpense": -6.975,
        "netIncome": 72.885,
        "netIncomeAfterTaxes": 75.485,
        "nonRecurringItems": 1.991,
        "period": "2018-03-31",
        "pretaxIncome": 78.169,
        "provisionforIncomeTaxes": 2.684,
        "researchDevelopment": 224.185,
        "revenue": 517.313,
        "sgaExpense": 142.447,
        "totalOperatingExpense": 370.262,
        "totalOtherIncomeExpenseNet": -0.689
      },
      {
        "costOfGoodsSold": 60.284,
        "depreciationAmortization": 3.571,
        "dilutedAverageSharesOutstanding": 273.171,
        "dilutedEPS": -0.05,
        "ebit": 93.456,
        "grossIncome": 441.438,
        "interestExpense": 6.712,
        "interestIncomeExpense": -6.712,
        "netIncome": -14.442,
        "netIncomeAfterTaxes": -111.142,
        "nonRecurringItems": -12.178,
        "period": "2017-12-30",
        "pretaxIncome": 76.951,
        "provisionforIncomeTaxes": 188.093,
        "researchDevelopment": 203.468,
        "revenue": 501.722,
        "sgaExpense": 140.943,
        "totalOperatingExpense": 347.982,
        "totalOtherIncomeExpenseNet": 2.385
      },
      {
        "costOfGoodsSold": 54.482,
        "depreciationAmortization": 3.453,
        "dilutedAverageSharesOutstanding": 281.4,
        "dilutedEPS": 0.29,
        "ebit": 80.33,
        "grossIncome": 430.916,
        "interestExpense": 6.225,
        "interestIncomeExpense": -6.225,
        "netIncome": 81.157,
        "netIncomeAfterTaxes": 81.157,
        "nonRecurringItems": 0.055,
        "period": "2017-09-30",
        "pretaxIncome": 86.547,
        "provisionforIncomeTaxes": 5.39,
        "researchDevelopment": 206.568,
        "revenue": 485.398,
        "sgaExpense": 140.565,
        "totalOperatingExpense": 350.586,
        "totalOtherIncomeExpenseNet": 12.387
      },
      {
        "costOfGoodsSold": 60.832,
        "depreciationAmortization": 3.836,
        "dilutedAverageSharesOutstanding": 279.526,
        "dilutedEPS": 0.25,
        "ebit": 81.761,
        "grossIncome": 418.169,
        "interestExpense": 6.248,
        "interestIncomeExpense": -6.248,
        "netIncome": 69.127,
        "netIncomeAfterTaxes": 69.127,
        "nonRecurringItems": 0.929,
        "period": "2017-07-01",
        "pretaxIncome": 77.366,
        "provisionforIncomeTaxes": 8.239,
        "researchDevelopment": 195.901,
        "revenue": 479.001,
        "sgaExpense": 136.671,
        "totalOperatingExpense": 336.408,
        "totalOtherIncomeExpenseNet": 0.924
      },
      {
        "costOfGoodsSold": 61.792,
        "depreciationAmortization": 3.856,
        "dilutedAverageSharesOutstanding": 277.736,
        "dilutedEPS": 0.25,
        "ebit": 77.814,
        "grossIncome": 415.119,
        "interestExpense": 6.479,
        "interestIncomeExpense": -6.479,
        "netIncome": 68.259,
        "netIncomeAfterTaxes": 68.259,
        "nonRecurringItems": 1.788,
        "period": "2017-04-01",
        "pretaxIncome": 74.182,
        "provisionforIncomeTaxes": 5.923,
        "researchDevelopment": 198.286,
        "revenue": 476.911,
        "sgaExpense": 135.163,
        "totalOperatingExpense": 337.305,
        "totalOtherIncomeExpenseNet": 1.059
      },
      {
        "costOfGoodsSold": 76.048,
        "depreciationAmortization": 3.889,
        "dilutedAverageSharesOutstanding": 278.917,
        "dilutedEPS": 0.14,
        "ebit": 79.459,
        "grossIncome": 392.932,
        "interestExpense": 6.364,
        "interestIncomeExpense": -6.364,
        "netIncome": 38.477,
        "netIncomeAfterTaxes": 38.477,
        "nonRecurringItems": -26.342,
        "period": "2016-12-31",
        "pretaxIncome": 52.234,
        "provisionforIncomeTaxes": 13.757,
        "researchDevelopment": 181.516,
        "revenue": 468.98,
        "sgaExpense": 128.068,
        "totalOperatingExpense": 313.473,
        "totalOtherIncomeExpenseNet": 5.481
      },
      {
        "costOfGoodsSold": 56.607,
        "depreciationAmortization": 3.889,
        "dilutedAverageSharesOutstanding": 287.473,
        "dilutedEPS": 0.23,
        "ebit": 66.943,
        "grossIncome": 389.613,
        "interestExpense": 6.053,
        "interestIncomeExpense": -6.053,
        "netIncome": 64.712,
        "netIncomeAfterTaxes": 64.712,
        "nonRecurringItems": -0.101,
        "period": "2016-10-01",
        "pretaxIncome": 63.625,
        "provisionforIncomeTaxes": -1.087,
        "researchDevelopment": 191.547,
        "revenue": 446.22,
        "sgaExpense": 127.234,
        "totalOperatingExpense": 322.67,
        "totalOtherIncomeExpenseNet": 2.836
      },
      {
        "costOfGoodsSold": 61.783,
        "depreciationAmortization": 4.537,
        "dilutedAverageSharesOutstanding": 295.201,
        "dilutedEPS": 0.17,
        "ebit": 66.832,
        "grossIncome": 391.238,
        "interestExpense": 5.896,
        "interestIncomeExpense": -5.896,
        "netIncome": 49.335,
        "netIncomeAfterTaxes": 49.335,
        "nonRecurringItems": 0.074,
        "period": "2016-07-02",
        "pretaxIncome": 63.852,
        "provisionforIncomeTaxes": 14.517,
        "researchDevelopment": 182.371,
        "revenue": 453.021,
        "sgaExpense": 137.498,
        "totalOperatingExpense": 324.406,
        "totalOtherIncomeExpenseNet": 2.842
      },
      {
        "costOfGoodsSold": 62.054,
        "depreciationAmortization": 5.78,
        "dilutedAverageSharesOutstanding": 303.434,
        "dilutedEPS": 0.17,
        "ebit": 72.622,
        "grossIncome": 385.808,
        "interestExpense": 5.357,
        "interestIncomeExpense": -5.357,
        "netIncome": 50.562,
        "netIncomeAfterTaxes": 50.562,
        "nonRecurringItems": -14.586,
        "period": "2016-04-02",
        "pretaxIncome": 57.442,
        "provisionforIncomeTaxes": 6.88,
        "researchDevelopment": 179.906,
        "revenue": 447.862,
        "sgaExpense": 127.5,
        "totalOperatingExpense": 313.186,
        "totalOtherIncomeExpenseNet": 4.763
      },
      {
        "costOfGoodsSold": 60.902,
        "depreciationAmortization": 5.679,
        "dilutedAverageSharesOutstanding": 309.131,
        "dilutedEPS": 0.26,
        "ebit": 82.187,
        "grossIncome": 380.177,
        "interestExpense": 4.2,
        "interestIncomeExpense": -4.2,
        "netIncome": 80.374,
        "netIncomeAfterTaxes": 80.374,
        "nonRecurringItems": -0.347,
        "period": "2016-01-02",
        "pretaxIncome": 80.15,
        "provisionforIncomeTaxes": -0.224,
        "researchDevelopment": 161.97,
        "revenue": 441.079,
        "sgaExpense": 130.341,
        "totalOperatingExpense": 297.99,
        "totalOtherIncomeExpenseNet": 2.51
      },
      {
        "costOfGoodsSold": 65.211,
        "depreciationAmortization": 5.687,
        "dilutedAverageSharesOutstanding": 313.186,
        "dilutedEPS": 0.25,
        "ebit": 78.204,
        "grossIncome": 368.552,
        "interestExpense": 4.177,
        "interestIncomeExpense": -4.177,
        "netIncome": 77.624,
        "netIncomeAfterTaxes": 77.624,
        "nonRecurringItems": -0.303,
        "period": "2015-10-03",
        "pretaxIncome": 75.563,
        "provisionforIncomeTaxes": -2.061,
        "researchDevelopment": 154.627,
        "revenue": 433.763,
        "sgaExpense": 130.034,
        "totalOperatingExpense": 290.348,
        "totalOtherIncomeExpenseNet": 1.839
      }
    ],
    "symbol": "CDNS"
  }
}