{
  "symbol": "CF",
  "statement": "ic",
  "frequency": "annual",
  "timestamp": "2025-09-19T13:57:41.402579",
  "data": {
    "financials": [
      {
        "costOfGoodsSold": 3880,
        "dilutedAverageSharesOutstanding": 180.7,
        "dilutedEPS": 6.7405,
        "ebit": 1711,
        "grossIncome": 2056,
        "interestExpense": 148,
        "interestIncomeExpense": 6,
        "minorityInterest": -259,
        "netIncome": 1218,
        "netIncomeAfterTaxes": 1477,
        "nonRecurringItems": 31,
        "otherOperatingExpensesTotal": 25,
        "period": "2024-12-31",
        "pretaxIncome": 1762,
        "provisionforIncomeTaxes": 285,
        "revenue": 5936,
        "sgaExpense": 320,
        "totalOperatingExpense": 345,
        "totalOtherIncomeExpenseNet": 14,
        "year": 2024
      },
      {
        "costOfGoodsSold": 4086,
        "dilutedAverageSharesOutstanding": 193.8,
        "dilutedEPS": 7.8689,
        "ebit": 2252,
        "grossIncome": 2545,
        "interestExpense": 152,
        "interestIncomeExpense": 43,
        "minorityInterest": -313,
        "netIncome": 1525,
        "netIncomeAfterTaxes": 1838,
        "nonRecurringItems": -57,
        "otherOperatingExpensesTotal": 4,
        "period": "2023-12-31",
        "pretaxIncome": 2248,
        "provisionforIncomeTaxes": 410,
        "revenue": 6631,
        "sgaExpense": 289,
        "totalOperatingExpense": 293,
        "totalOtherIncomeExpenseNet": 10,
        "year": 2023
      },
      {
        "costOfGoodsSold": 5325,
        "dilutedAverageSharesOutstanding": 204,
        "dilutedEPS": 16.39,
        "ebit": 5571,
        "grossIncome": 5861,
        "interestExpense": 344,
        "interestIncomeExpense": -199,
        "minorityInterest": -591,
        "netIncome": 3346,
        "netIncomeAfterTaxes": 3937,
        "nonRecurringItems": -262,
        "otherOperatingExpensesTotal": 0,
        "period": "2022-12-31",
        "pretaxIncome": 5095,
        "provisionforIncomeTaxes": 1158,
        "revenue": 11186,
        "sgaExpense": 290,
        "totalOperatingExpense": 290,
        "totalOtherIncomeExpenseNet": -15,
        "year": 2022
      },
      {
        "costOfGoodsSold": 4151,
        "dilutedAverageSharesOutstanding": 216,
        "dilutedEPS": 4.24,
        "ebit": 2184,
        "grossIncome": 2387,
        "interestExpense": 184,
        "interestIncomeExpense": -143,
        "minorityInterest": -343,
        "netIncome": 917,
        "netIncomeAfterTaxes": 1260,
        "nonRecurringItems": -534,
        "otherOperatingExpensesTotal": -20,
        "period": "2021-12-31",
        "pretaxIncome": 1543,
        "provisionforIncomeTaxes": 283,
        "revenue": 6538,
        "sgaExpense": 223,
        "totalOperatingExpense": 203,
        "totalOtherIncomeExpenseNet": 36,
        "year": 2021
      },
      {
        "costOfGoodsSold": 3297,
        "dilutedAverageSharesOutstanding": 215,
        "dilutedEPS": 1.47,
        "ebit": 624,
        "grossIncome": 827,
        "interestExpense": 179,
        "interestIncomeExpense": -158,
        "minorityInterest": -115,
        "netIncome": 317,
        "netIncomeAfterTaxes": 432,
        "nonRecurringItems": -4,
        "otherOperatingExpensesTotal": -3,
        "period": "2020-12-31",
        "pretaxIncome": 463,
        "provisionforIncomeTaxes": 31,
        "revenue": 4124,
        "sgaExpense": 206,
        "totalOperatingExpense": 203,
        "totalOtherIncomeExpenseNet": 1,
        "year": 2020
      },
      {
        "costOfGoodsSold": 3416,
        "dilutedAverageSharesOutstanding": 222,
        "dilutedEPS": 2.22,
        "ebit": 934,
        "grossIncome": 1174,
        "interestExpense": 237,
        "interestIncomeExpense": -225,
        "minorityInterest": -153,
        "netIncome": 493,
        "netIncomeAfterTaxes": 646,
        "nonRecurringItems": 56,
        "otherOperatingExpensesTotal": 1,
        "period": "2019-12-31",
        "pretaxIncome": 772,
        "provisionforIncomeTaxes": 126,
        "revenue": 4590,
        "sgaExpense": 239,
        "totalOperatingExpense": 240,
        "totalOtherIncomeExpenseNet": 7,
        "year": 2019
      },
      {
        "costOfGoodsSold": 3512,
        "dilutedAverageSharesOutstanding": 234,
        "dilutedEPS": 1.23,
        "ebit": 722,
        "grossIncome": 917,
        "interestExpense": 241,
        "interestIncomeExpense": -188,
        "minorityInterest": -138,
        "netIncome": 290,
        "netIncomeAfterTaxes": 444,
        "nonRecurringItems": 4,
        "otherOperatingExpensesTotal": -19,
        "period": "2018-12-31",
        "pretaxIncome": 547,
        "provisionforIncomeTaxes": 103,
        "revenue": 4429,
        "sgaExpense": 214,
        "totalOperatingExpense": 195,
        "totalOtherIncomeExpenseNet": 9,
        "year": 2018
      },
      {
        "costOfGoodsSold": 3696,
        "dilutedAverageSharesOutstanding": 234,
        "dilutedEPS": 1.52,
        "ebit": 234,
        "grossIncome": 434,
        "interestExpense": 315,
        "interestIncomeExpense": -300,
        "minorityInterest": -92,
        "netIncome": 358,
        "netIncomeAfterTaxes": -41,
        "nonRecurringItems": -56,
        "otherOperatingExpensesTotal": 9,
        "period": "2017-12-31",
        "pretaxIncome": -125,
        "provisionforIncomeTaxes": -84,
        "revenue": 4130,
        "sgaExpense": 191,
        "totalOperatingExpense": 200,
        "totalOtherIncomeExpenseNet": -3,
        "year": 2017
      },
      {
        "costOfGoodsSold": 2842,
        "dilutedAverageSharesOutstanding": 233,
        "dilutedEPS": -1.19,
        "ebit": 661,
        "grossIncome": 843,
        "interestExpense": 200,
        "interestIncomeExpense": -456,
        "minorityInterest": -119,
        "netIncome": -277,
        "netIncomeAfterTaxes": -158,
        "nonRecurringItems": -429,
        "otherOperatingExpensesTotal": 9,
        "period": "2016-12-31",
        "pretaxIncome": -226,
        "provisionforIncomeTaxes": -68,
        "revenue": 3685,
        "sgaExpense": 173,
        "totalOperatingExpense": 182,
        "totalOtherIncomeExpenseNet": -2,
        "year": 2016
      },
      {
        "costOfGoodsSold": 2761,
        "dilutedAverageSharesOutstanding": 236,
        "dilutedEPS": 2.96,
        "ebit": 1378,
        "equityEarningsAffiliates": 72,
        "grossIncome": 1547,
        "interestExpense": 133.2,
        "interestIncomeExpense": -164,
        "minorityInterest": -34,
        "netIncome": 700,
        "netIncomeAfterTaxes": 662,
        "nonRecurringItems": -130,
        "period": "2015-12-31",
        "pretaxIncome": 1058,
        "provisionforIncomeTaxes": 396,
        "revenue": 4308,
        "sgaExpense": 170,
        "totalOperatingExpense": 169,
        "totalOtherIncomeExpenseNet": -26,
        "year": 2015
      }
    ],
    "symbol": "CF"
  }
}