{
  "symbol": "ATO",
  "statement": "ic",
  "frequency": "quarterly",
  "timestamp": "2025-09-19T13:56:24.244973",
  "data": {
    "financials": [
      {
        "costOfGoodsSold": 53.84,
        "depreciationAmortization": 185.786,
        "dilutedAverageSharesOutstanding": 161.171,
        "dilutedEPS": 1.1562,
        "ebit": 252.067,
        "grossIncome": 784.934,
        "interestIncomeExpense": -41.537,
        "netIncome": 186.342,
        "netIncomeAfterTaxes": 186.429,
        "operationsMaintenance": 222.1,
        "otherOperatingExpensesTotal": 124.981,
        "period": "2025-06-30",
        "pretaxIncome": 230.63,
        "provisionforIncomeTaxes": 44.201,
        "revenue": 838.774,
        "totalOperatingExpense": 532.867,
        "totalOtherIncomeExpenseNet": 20.1
      },
      {
        "costOfGoodsSold": 779.233,
        "depreciationAmortization": 182.75,
        "dilutedAverageSharesOutstanding": 160.426,
        "dilutedEPS": 3.0253,
        "ebit": 628.939,
        "grossIncome": 1171.269,
        "interestExpense": 50.014,
        "interestIncomeExpense": -50.014,
        "netIncome": 485.331,
        "netIncomeAfterTaxes": 485.576,
        "operationsMaintenance": 233.296,
        "otherOperatingExpensesTotal": 126.284,
        "period": "2025-03-31",
        "pretaxIncome": 603.097,
        "provisionforIncomeTaxes": 117.521,
        "revenue": 1950.502,
        "totalOperatingExpense": 542.33,
        "totalOtherIncomeExpenseNet": 24.172
      },
      {
        "costOfGoodsSold": 234.048,
        "depreciationAmortization": 180.533,
        "dilutedAverageSharesOutstanding": 157.824,
        "dilutedEPS": 2.2284,
        "ebit": 459.48,
        "grossIncome": 941.951,
        "interestExpense": 52.925,
        "interestIncomeExpense": -52.925,
        "netIncome": 351.699,
        "netIncomeAfterTaxes": 351.858,
        "operationsMaintenance": 207.044,
        "otherOperatingExpensesTotal": 94.894,
        "period": "2024-12-31",
        "pretaxIncome": 431.189,
        "provisionforIncomeTaxes": 79.331,
        "revenue": 1175.999,
        "totalOperatingExpense": 482.471,
        "totalOtherIncomeExpenseNet": 24.634
      },
      {
        "costOfGoodsSold": -26.878,
        "depreciationAmortization": 173.45,
        "dilutedAverageSharesOutstanding": 156.173,
        "dilutedEPS": 0.8577,
        "ebit": 185,
        "grossIncome": 684.822,
        "interestExpense": 42.155,
        "interestIncomeExpense": -42.155,
        "netIncome": 133.953,
        "netIncomeAfterTaxes": 134.016,
        "operationsMaintenance": 241.584,
        "otherOperatingExpensesTotal": 84.788,
        "period": "2024-09-30",
        "pretaxIncome": 159.42,
        "provisionforIncomeTaxes": 25.404,
        "revenue": 657.944,
        "totalOperatingExpense": 499.822,
        "totalOtherIncomeExpenseNet": 16.575
      },
      {
        "costOfGoodsSold": -2.593,
        "depreciationAmortization": 166.827,
        "dilutedAverageSharesOutstanding": 153.396,
        "dilutedEPS": 1.0788,
        "ebit": 220.267,
        "grossIncome": 704.142,
        "interestExpense": 41.16,
        "interestIncomeExpense": -41.16,
        "netIncome": 165.477,
        "netIncomeAfterTaxes": 165.564,
        "operationsMaintenance": 211.309,
        "otherOperatingExpensesTotal": 105.739,
        "period": "2024-06-30",
        "pretaxIncome": 199.005,
        "provisionforIncomeTaxes": 33.441,
        "revenue": 701.549,
        "totalOperatingExpense": 483.875,
        "totalOtherIncomeExpenseNet": 19.898
      },
      {
        "costOfGoodsSold": 963.164,
        "depreciationAmortization": 329.695,
        "dilutedAverageSharesOutstanding": 152.4465,
        "dilutedEPS": 4.8733,
        "ebit": 950.095,
        "grossIncome": 1842.53,
        "interestExpense": 55.442,
        "interestIncomeExpense": -107.317,
        "netIncome": 742.912,
        "netIncomeAfterTaxes": 743.315,
        "operationsMaintenance": 366.244,
        "otherOperatingExpensesTotal": 196.496,
        "period": "2024-03-31",
        "pretaxIncome": 877.351,
        "provisionforIncomeTaxes": 134.036,
        "revenue": 2805.694,
        "totalOperatingExpense": 892.435,
        "totalOtherIncomeExpenseNet": 34.573
      },
      {
        "costOfGoodsSold": 338.869,
        "depreciationAmortization": 164.608,
        "dilutedAverageSharesOutstanding": 149.796,
        "dilutedEPS": 2.0769,
        "ebit": 399.105,
        "grossIncome": 819.598,
        "interestExpense": 51.875,
        "interestIncomeExpense": -51.875,
        "netIncome": 311.106,
        "netIncomeAfterTaxes": 311.292,
        "operationsMaintenance": 166.345,
        "otherOperatingExpensesTotal": 89.54,
        "period": "2023-12-31",
        "pretaxIncome": 365.116,
        "provisionforIncomeTaxes": 53.824,
        "revenue": 1158.467,
        "totalOperatingExpense": 420.493,
        "totalOtherIncomeExpenseNet": 17.886
      },
      {
        "costOfGoodsSold": 3.2,
        "depreciationAmortization": 159.3,
        "dilutedAverageSharesOutstanding": 148.7,
        "dilutedEPS": 0.8,
        "ebit": 154.1,
        "grossIncome": 584.4,
        "interestExpense": 31.817,
        "interestIncomeExpense": -31.8,
        "netIncome": 118.5,
        "netIncomeAfterTaxes": 118.5,
        "operationsMaintenance": 190.1,
        "otherOperatingExpensesTotal": 81,
        "period": "2023-09-30",
        "pretaxIncome": 137.3,
        "provisionforIncomeTaxes": 18.7,
        "revenue": 587.6,
        "totalOperatingExpense": 430.4,
        "totalOtherIncomeExpenseNet": 15
      },
      {
        "costOfGoodsSold": 44.6,
        "depreciationAmortization": 150.7,
        "dilutedAverageSharesOutstanding": 146.1,
        "dilutedEPS": 0.94,
        "ebit": 169.3,
        "grossIncome": 618.1,
        "interestExpense": 31.334,
        "interestIncomeExpense": -31.3,
        "netIncome": 137.7,
        "netIncomeAfterTaxes": 137.8,
        "operationsMaintenance": 195,
        "otherOperatingExpensesTotal": 103.2,
        "period": "2023-06-30",
        "pretaxIncome": 154.1,
        "provisionforIncomeTaxes": 16.3,
        "revenue": 662.7,
        "totalOperatingExpense": 448.9,
        "totalOtherIncomeExpenseNet": 16.2
      },
      {
        "costOfGoodsSold": 666.2,
        "depreciationAmortization": 148.3,
        "dilutedAverageSharesOutstanding": 149.7,
        "dilutedEPS": 2.38,
        "ebit": 422.6,
        "grossIncome": 874.8,
        "interestExpense": 37.37,
        "interestIncomeExpense": -37.4,
        "netIncome": 357.4,
        "netIncomeAfterTaxes": 357.7,
        "operationsMaintenance": 194.7,
        "otherOperatingExpensesTotal": 109.1,
        "period": "2023-03-31",
        "pretaxIncome": 402.7,
        "provisionforIncomeTaxes": 45,
        "revenue": 1541,
        "totalOperatingExpense": 452.1,
        "totalOtherIncomeExpenseNet": 17.4
      },
      {
        "costOfGoodsSold": 738.2,
        "depreciationAmortization": 146,
        "dilutedAverageSharesOutstanding": 141.9,
        "dilutedEPS": 1.91,
        "ebit": 321.2,
        "grossIncome": 745.8,
        "interestExpense": 36.76,
        "interestIncomeExpense": -36.8,
        "netIncome": 271.7,
        "netIncomeAfterTaxes": 271.9,
        "operationsMaintenance": 185,
        "otherOperatingExpensesTotal": 93.5,
        "period": "2022-12-31",
        "pretaxIncome": 305.6,
        "provisionforIncomeTaxes": 33.8,
        "revenue": 1484,
        "totalOperatingExpense": 424.6,
        "totalOtherIncomeExpenseNet": 21.2
      },
      {
        "costOfGoodsSold": 191,
        "depreciationAmortization": 140.2,
        "dilutedAverageSharesOutstanding": 141.2,
        "dilutedEPS": 0.51,
        "ebit": 105.4,
        "grossIncome": 531.6,
        "interestExpense": 27.842,
        "interestIncomeExpense": -27.8,
        "netIncome": 71.6,
        "netIncomeAfterTaxes": 71.6,
        "operationsMaintenance": 205.4,
        "otherOperatingExpensesTotal": 80.7,
        "period": "2022-09-30",
        "pretaxIncome": 84.1,
        "provisionforIncomeTaxes": 12.5,
        "revenue": 722.6,
        "totalOperatingExpense": 426.2,
        "totalOtherIncomeExpenseNet": 6.6
      },
      {
        "costOfGoodsSold": 249.2,
        "depreciationAmortization": 134.2,
        "dilutedAverageSharesOutstanding": 140.2,
        "dilutedEPS": 0.92,
        "ebit": 154.6,
        "grossIncome": 567.2,
        "interestExpense": 26.19,
        "interestIncomeExpense": -26.2,
        "netIncome": 128.5,
        "netIncomeAfterTaxes": 128.5,
        "operationsMaintenance": 182.3,
        "otherOperatingExpensesTotal": 96.1,
        "period": "2022-06-30",
        "pretaxIncome": 141.7,
        "provisionforIncomeTaxes": 13.1,
        "revenue": 816.4,
        "totalOperatingExpense": 412.6,
        "totalOtherIncomeExpenseNet": 13.3
      },
      {
        "costOfGoodsSold": 871.4,
        "depreciationAmortization": 133.4,
        "dilutedAverageSharesOutstanding": 142.4,
        "dilutedEPS": 2.28,
        "ebit": 385.1,
        "grossIncome": 778.4,
        "interestExpense": 28.928,
        "interestIncomeExpense": -28.9,
        "netIncome": 324.8,
        "netIncomeAfterTaxes": 325,
        "operationsMaintenance": 163.4,
        "otherOperatingExpensesTotal": 96.6,
        "period": "2022-03-31",
        "pretaxIncome": 361.4,
        "provisionforIncomeTaxes": 36.4,
        "revenue": 1649.8,
        "totalOperatingExpense": 393.3,
        "totalOtherIncomeExpenseNet": 5.2
      },
      {
        "costOfGoodsSold": 371.2,
        "depreciationAmortization": 127.9,
        "dilutedAverageSharesOutstanding": 136.4,
        "dilutedEPS": 1.83,
        "ebit": 275.9,
        "grossIncome": 641.6,
        "interestExpense": 19.851,
        "interestIncomeExpense": -19.9,
        "netIncome": 249,
        "netIncomeAfterTaxes": 249.2,
        "operationsMaintenance": 159.1,
        "otherOperatingExpensesTotal": 78.8,
        "period": "2021-12-31",
        "pretaxIncome": 264.7,
        "provisionforIncomeTaxes": 15.5,
        "revenue": 1012.8,
        "totalOperatingExpense": 365.7,
        "totalOtherIncomeExpenseNet": 8.7
      },
      {
        "costOfGoodsSold": 83.8,
        "depreciationAmortization": 124.7,
        "dilutedAverageSharesOutstanding": 131.6,
        "dilutedEPS": 0.37,
        "ebit": 91,
        "grossIncome": 484.6,
        "interestExpense": 14.486,
        "interestIncomeExpense": -14.5,
        "netIncome": 48.7,
        "netIncomeAfterTaxes": 48.7,
        "operationsMaintenance": 199.5,
        "otherOperatingExpensesTotal": 69.4,
        "period": "2021-09-30",
        "pretaxIncome": 59.5,
        "provisionforIncomeTaxes": 10.8,
        "revenue": 568.4,
        "totalOperatingExpense": 393.6,
        "totalOtherIncomeExpenseNet": -16.9
      },
      {
        "costOfGoodsSold": 86.9,
        "depreciationAmortization": 119.3,
        "dilutedAverageSharesOutstanding": 131.5,
        "dilutedEPS": 0.78,
        "ebit": 133.4,
        "grossIncome": 518.7,
        "interestExpense": 20.962,
        "interestIncomeExpense": -21,
        "netIncome": 102.3,
        "netIncomeAfterTaxes": 102.4,
        "operationsMaintenance": 184.5,
        "otherOperatingExpensesTotal": 81.5,
        "period": "2021-06-30",
        "pretaxIncome": 118.3,
        "provisionforIncomeTaxes": 15.9,
        "revenue": 605.6,
        "totalOperatingExpense": 385.3,
        "totalOtherIncomeExpenseNet": 5.9
      },
      {
        "costOfGoodsSold": 573.8,
        "depreciationAmortization": 118.6,
        "dilutedAverageSharesOutstanding": 135.1,
        "dilutedEPS": 2.19,
        "ebit": 381.8,
        "grossIncome": 745.3,
        "interestExpense": 26.096,
        "interestIncomeExpense": -26.1,
        "netIncome": 296.5,
        "netIncomeAfterTaxes": 296.8,
        "operationsMaintenance": 156.4,
        "otherOperatingExpensesTotal": 88.4,
        "period": "2021-03-31",
        "pretaxIncome": 358.5,
        "provisionforIncomeTaxes": 61.8,
        "revenue": 1319.1,
        "totalOperatingExpense": 363.5,
        "totalOtherIncomeExpenseNet": 2.8
      },
      {
        "costOfGoodsSold": 288.3,
        "depreciationAmortization": 115.3,
        "dilutedAverageSharesOutstanding": 127,
        "dilutedEPS": 1.71,
        "ebit": 298.8,
        "grossIncome": 626.2,
        "interestExpense": 22.01,
        "interestIncomeExpense": -22,
        "netIncome": 217.5,
        "netIncomeAfterTaxes": 217.7,
        "operationsMaintenance": 138.6,
        "otherOperatingExpensesTotal": 73.5,
        "period": "2020-12-31",
        "pretaxIncome": 282.9,
        "provisionforIncomeTaxes": 65.2,
        "revenue": 914.5,
        "totalOperatingExpense": 327.3,
        "totalOtherIncomeExpenseNet": 6.1
      },
      {
        "costOfGoodsSold": 18,
        "depreciationAmortization": 111.7,
        "dilutedAverageSharesOutstanding": 124.1,
        "dilutedEPS": 0.53,
        "ebit": 100.8,
        "grossIncome": 456.9,
        "interestExpense": 15.494,
        "interestIncomeExpense": -15.5,
        "netIncome": 65.3,
        "netIncomeAfterTaxes": 65.3,
        "operationsMaintenance": 180.1,
        "otherOperatingExpensesTotal": 64.2,
        "period": "2020-09-30",
        "pretaxIncome": 83.4,
        "provisionforIncomeTaxes": 18.1,
        "revenue": 474.9,
        "totalOperatingExpense": 356.1,
        "totalOtherIncomeExpenseNet": -2
      },
      {
        "costOfGoodsSold": 26.1,
        "depreciationAmortization": 107.1,
        "dilutedAverageSharesOutstanding": 123,
        "dilutedEPS": 0.96,
        "ebit": 139,
        "grossIncome": 466.9,
        "interestExpense": 19.58,
        "interestIncomeExpense": -19.6,
        "netIncome": 117.7,
        "netIncomeAfterTaxes": 117.8,
        "operationsMaintenance": 149.5,
        "otherOperatingExpensesTotal": 71.3,
        "period": "2020-06-30",
        "pretaxIncome": 126.7,
        "provisionforIncomeTaxes": 8.9,
        "revenue": 493,
        "totalOperatingExpense": 327.9,
        "totalOtherIncomeExpenseNet": 7.2
      },
      {
        "costOfGoodsSold": 317.9,
        "depreciationAmortization": 105.9,
        "dilutedAverageSharesOutstanding": 125.5,
        "dilutedEPS": 1.9,
        "ebit": 331.4,
        "grossIncome": 659.8,
        "interestExpense": 22.171,
        "interestIncomeExpense": -22.2,
        "netIncome": 239.5,
        "netIncomeAfterTaxes": 239.6,
        "operationsMaintenance": 147.8,
        "otherOperatingExpensesTotal": 74.6,
        "period": "2020-03-31",
        "pretaxIncome": 306.3,
        "provisionforIncomeTaxes": 66.6,
        "revenue": 977.7,
        "totalOperatingExpense": 328.3,
        "totalOtherIncomeExpenseNet": -3
      },
      {
        "costOfGoodsSold": 296.9,
        "depreciationAmortization": 105.1,
        "dilutedAverageSharesOutstanding": 121.4,
        "dilutedEPS": 1.47,
        "ebit": 252.8,
        "grossIncome": 578.7,
        "interestExpense": 27.229,
        "interestIncomeExpense": -27.2,
        "netIncome": 178.5,
        "netIncomeAfterTaxes": 178.7,
        "operationsMaintenance": 152.2,
        "otherOperatingExpensesTotal": 68.6,
        "period": "2019-12-31",
        "pretaxIncome": 230.4,
        "provisionforIncomeTaxes": 51.8,
        "revenue": 875.6,
        "totalOperatingExpense": 325.9,
        "totalOtherIncomeExpenseNet": 4.9
      },
      {
        "costOfGoodsSold": 13.7,
        "depreciationAmortization": 100.9,
        "dilutedAverageSharesOutstanding": 119.8,
        "dilutedEPS": 0.49,
        "ebit": 89.7,
        "grossIncome": 430,
        "interestExpense": 28.763,
        "interestIncomeExpense": -28.8,
        "netIncome": 58.4,
        "netIncomeAfterTaxes": 58.4,
        "operationsMaintenance": 177.7,
        "otherOperatingExpensesTotal": 61.6,
        "period": "2019-09-30",
        "pretaxIncome": 70.2,
        "provisionforIncomeTaxes": 11.8,
        "revenue": 443.7,
        "totalOperatingExpense": 340.3,
        "totalOtherIncomeExpenseNet": 9.3
      },
      {
        "costOfGoodsSold": 31.3,
        "depreciationAmortization": 97.7,
        "dilutedAverageSharesOutstanding": 118.4,
        "dilutedEPS": 0.68,
        "ebit": 122.2,
        "grossIncome": 454.4,
        "interestExpense": 19.592,
        "interestIncomeExpense": -19.6,
        "netIncome": 80.4,
        "netIncomeAfterTaxes": 80.5,
        "operationsMaintenance": 164.5,
        "otherOperatingExpensesTotal": 70,
        "period": "2019-06-30",
        "pretaxIncome": 104.3,
        "provisionforIncomeTaxes": 23.8,
        "revenue": 485.7,
        "totalOperatingExpense": 332.2,
        "totalOtherIncomeExpenseNet": 1.6
      },
      {
        "costOfGoodsSold": 471.7,
        "depreciationAmortization": 96.8,
        "dilutedAverageSharesOutstanding": 119.6,
        "dilutedEPS": 1.79,
        "ebit": 297.7,
        "grossIncome": 622.9,
        "interestExpense": 26.949,
        "interestIncomeExpense": -26.9,
        "netIncome": 214.7,
        "netIncomeAfterTaxes": 214.9,
        "operationsMaintenance": 149.4,
        "otherOperatingExpensesTotal": 79.1,
        "period": "2019-03-31",
        "pretaxIncome": 275,
        "provisionforIncomeTaxes": 60.1,
        "revenue": 1094.6,
        "totalOperatingExpense": 325.3,
        "totalOtherIncomeExpenseNet": 4.2
      },
      {
        "costOfGoodsSold": 342.2,
        "depreciationAmortization": 96.1,
        "dilutedAverageSharesOutstanding": 116.8,
        "dilutedEPS": 1.35,
        "ebit": 236.5,
        "grossIncome": 535.6,
        "interestExpense": 27.849,
        "interestIncomeExpense": -27.8,
        "netIncome": 157.5,
        "netIncomeAfterTaxes": 157.6,
        "operationsMaintenance": 138.6,
        "otherOperatingExpensesTotal": 64.5,
        "period": "2018-12-31",
        "pretaxIncome": 200.9,
        "provisionforIncomeTaxes": 43.2,
        "revenue": 877.8,
        "totalOperatingExpense": 299.1,
        "totalOtherIncomeExpenseNet": -7.7
      },
      {
        "costOfGoodsSold": 43.1,
        "depreciationAmortization": 92.7,
        "dilutedAverageSharesOutstanding": 111.9,
        "dilutedEPS": 0.34,
        "ebit": 89.6,
        "grossIncome": 401.6,
        "interestExpense": 24.484,
        "interestIncomeExpense": -24.5,
        "netIncome": 38.7,
        "netIncomeAfterTaxes": 45.5,
        "operationsMaintenance": 163.9,
        "otherOperatingExpensesTotal": 55.5,
        "period": "2018-09-30",
        "pretaxIncome": 64.1,
        "provisionforIncomeTaxes": 18.6,
        "revenue": 444.7,
        "totalOperatingExpense": 312,
        "totalOtherIncomeExpenseNet": -1.1
      },
      {
        "costOfGoodsSold": 130.9,
        "depreciationAmortization": 90.7,
        "dilutedAverageSharesOutstanding": 111.9,
        "dilutedEPS": 0.64,
        "ebit": 123,
        "grossIncome": 431.3,
        "interestExpense": 23.349,
        "interestIncomeExpense": -23.3,
        "netIncome": 71.1,
        "netIncomeAfterTaxes": 71.4,
        "operationsMaintenance": 145.1,
        "otherOperatingExpensesTotal": 72.6,
        "period": "2018-06-30",
        "pretaxIncome": 97.6,
        "provisionforIncomeTaxes": 26.2,
        "revenue": 562.2,
        "totalOperatingExpense": 308.4,
        "totalOtherIncomeExpenseNet": -2
      },
      {
        "costOfGoodsSold": 627,
        "depreciationAmortization": 89.4,
        "dilutedAverageSharesOutstanding": 111.7,
        "dilutedEPS": 1.6,
        "ebit": 270.9,
        "grossIncome": 592.4,
        "interestExpense": 27.304,
        "interestIncomeExpense": -27.3,
        "netIncome": 178.8,
        "netIncomeAfterTaxes": 179,
        "operationsMaintenance": 159.2,
        "otherOperatingExpensesTotal": 73,
        "period": "2018-03-31",
        "pretaxIncome": 241.4,
        "provisionforIncomeTaxes": 62.4,
        "revenue": 1219.4,
        "totalOperatingExpense": 321.5,
        "totalOtherIncomeExpenseNet": -2.2
      },
      {
        "costOfGoodsSold": 366.9,
        "depreciationAmortization": 88.4,
        "dilutedAverageSharesOutstanding": 110.9,
        "dilutedEPS": 2.83,
        "ebit": 242.1,
        "grossIncome": 522.3,
        "interestExpense": 31.509,
        "interestIncomeExpense": -31.5,
        "netIncome": 313.8,
        "netIncomeAfterTaxes": 314.1,
        "operationsMaintenance": 129,
        "otherOperatingExpensesTotal": 62.8,
        "period": "2017-12-31",
        "pretaxIncome": 208,
        "provisionforIncomeTaxes": -106.1,
        "revenue": 889.2,
        "totalOperatingExpense": 280.2,
        "totalOtherIncomeExpenseNet": -2.6
      },
      {
        "costOfGoodsSold": 72.6,
        "depreciationAmortization": 84.8,
        "dilutedAverageSharesOutstanding": 106.8,
        "dilutedEPS": 0.34,
        "ebit": 91.8,
        "grossIncome": 392.3,
        "interestExpense": 33.71,
        "interestIncomeExpense": -33.7,
        "netIncome": 35.8,
        "netIncomeAfterTaxes": 35.9,
        "operationsMaintenance": 160.9,
        "otherOperatingExpensesTotal": 54.8,
        "period": "2017-09-30",
        "pretaxIncome": 55.3,
        "provisionforIncomeTaxes": 19.4,
        "revenue": 464.9,
        "totalOperatingExpense": 300.5,
        "totalOtherIncomeExpenseNet": -2.8
      },
      {
        "costOfGoodsSold": 114.2,
        "depreciationAmortization": 80,
        "dilutedAverageSharesOutstanding": 106.4,
        "dilutedEPS": 0.67,
        "ebit": 140.7,
        "grossIncome": 412.3,
        "interestExpense": 28.498,
        "interestIncomeExpense": -28.5,
        "netIncome": 70.7,
        "netIncomeAfterTaxes": 70.8,
        "operationsMaintenance": 128.7,
        "otherOperatingExpensesTotal": 62.9,
        "period": "2017-06-30",
        "pretaxIncome": 111.9,
        "provisionforIncomeTaxes": 41.1,
        "revenue": 526.5,
        "totalOperatingExpense": 271.6,
        "totalOtherIncomeExpenseNet": -0.3
      },
      {
        "costOfGoodsSold": 427.5,
        "depreciationAmortization": 77.7,
        "dilutedAverageSharesOutstanding": 105.9,
        "dilutedEPS": 1.55,
        "ebit": 285.2,
        "grossIncome": 560.7,
        "interestExpense": 26.944,
        "interestIncomeExpense": -26.9,
        "netIncome": 164.5,
        "netIncomeAfterTaxes": 162,
        "operationsMaintenance": 132.2,
        "otherOperatingExpensesTotal": 65.6,
        "period": "2017-03-31",
        "pretaxIncome": 259.1,
        "provisionforIncomeTaxes": 97,
        "revenue": 988.2,
        "totalOperatingExpense": 275.5,
        "totalOtherIncomeExpenseNet": 0.8
      },
      {
        "costOfGoodsSold": 311.3,
        "depreciationAmortization": 77,
        "dilutedAverageSharesOutstanding": 105.3,
        "dilutedEPS": 1.18,
        "ebit": 209.9,
        "grossIncome": 468.9,
        "interestExpense": 31.03,
        "interestIncomeExpense": -31,
        "netIncome": 124.9,
        "netIncomeAfterTaxes": 114,
        "operationsMaintenance": 124.9,
        "otherOperatingExpensesTotal": 57,
        "period": "2016-12-31",
        "pretaxIncome": 177.9,
        "provisionforIncomeTaxes": 63.9,
        "revenue": 780.2,
        "totalOperatingExpense": 259,
        "totalOtherIncomeExpenseNet": -1
      },
      {
        "costOfGoodsSold": 63.9,
        "depreciationAmortization": 75.9,
        "dilutedAverageSharesOutstanding": 104.7,
        "dilutedEPS": 0.33,
        "ebit": 84.4,
        "grossIncome": 369.7,
        "interestExpense": 30.037,
        "interestIncomeExpense": -30,
        "netIncome": 34.2,
        "netIncomeAfterTaxes": 34.9,
        "operationsMaintenance": 159.5,
        "otherOperatingExpensesTotal": 49.9,
        "period": "2016-09-30",
        "pretaxIncome": 54.3,
        "provisionforIncomeTaxes": 19.4,
        "revenue": 433.6,
        "totalOperatingExpense": 285.3,
        "totalOtherIncomeExpenseNet": -0.1
      },
      {
        "costOfGoodsSold": 64.6,
        "depreciationAmortization": 72.9,
        "dilutedAverageSharesOutstanding": 103.8,
        "dilutedEPS": 0.68,
        "ebit": 128.4,
        "grossIncome": 391.6,
        "interestExpense": 27.679,
        "interestIncomeExpense": -27.7,
        "netIncome": 71.1,
        "netIncomeAfterTaxes": 66.1,
        "operationsMaintenance": 131.4,
        "otherOperatingExpensesTotal": 59,
        "period": "2016-06-30",
        "pretaxIncome": 101.8,
        "provisionforIncomeTaxes": 35.7,
        "revenue": 456.2,
        "totalOperatingExpense": 263.2,
        "totalOtherIncomeExpenseNet": 1.1
      },
      {
        "costOfGoodsSold": 377.4,
        "depreciationAmortization": 71.4,
        "dilutedAverageSharesOutstanding": 105.1,
        "dilutedEPS": 1.34,
        "ebit": 251.7,
        "grossIncome": 512.6,
        "interestExpense": 27.559,
        "interestIncomeExpense": -27.6,
        "netIncome": 141.6,
        "netIncomeAfterTaxes": 143,
        "operationsMaintenance": 127.9,
        "otherOperatingExpensesTotal": 61.8,
        "period": "2016-03-31",
        "pretaxIncome": 223.8,
        "provisionforIncomeTaxes": 80.8,
        "revenue": 890,
        "totalOperatingExpense": 261,
        "totalOtherIncomeExpenseNet": -0.3
      },
      {
        "costOfGoodsSold": 240.3,
        "depreciationAmortization": 70.7,
        "dilutedAverageSharesOutstanding": 102.9,
        "dilutedEPS": 0.99,
        "ebit": 192.7,
        "grossIncome": 434.5,
        "interestExpense": 29.537,
        "interestIncomeExpense": -29.5,
        "netIncome": 102.7,
        "netIncomeAfterTaxes": 101.5,
        "operationsMaintenance": 119.8,
        "otherOperatingExpensesTotal": 51.2,
        "period": "2015-12-31",
        "pretaxIncome": 162.3,
        "provisionforIncomeTaxes": 60.8,
        "revenue": 674.8,
        "totalOperatingExpense": 241.7,
        "totalOtherIncomeExpenseNet": -0.9
      },
      {
        "costOfGoodsSold": 302.6,
        "depreciationAmortization": 70.7,
        "dilutedAverageSharesOutstanding": 102.2,
        "dilutedEPS": 0.23,
        "ebit": 75.9,
        "grossIncome": 354.3,
        "interestExpense": 31.075,
        "interestIncomeExpense": -31.1,
        "netIncome": 23.5,
        "netIncomeAfterTaxes": 23.5,
        "operationsMaintenance": 157.4,
        "otherOperatingExpensesTotal": 50.4,
        "period": "2015-09-30",
        "pretaxIncome": 43,
        "provisionforIncomeTaxes": 19.5,
        "revenue": 656.9,
        "totalOperatingExpense": 278.4,
        "totalOtherIncomeExpenseNet": -1.8
      }
    ],
    "symbol": "ATO"
  }
}