{
  "symbol": "AMAT",
  "statement": "ic",
  "frequency": "quarterly",
  "timestamp": "2025-09-19T13:56:10.929035",
  "data": {
    "financials": [
      {
        "costOfGoodsSold": 3740,
        "dilutedAverageSharesOutstanding": 802,
        "dilutedEPS": 2.2182,
        "ebit": 2233,
        "grossIncome": 3562,
        "interestExpense": 66,
        "interestIncomeExpense": 330,
        "netIncome": 1779,
        "netIncomeAfterTaxes": 1779,
        "period": "2025-07-27",
        "pretaxIncome": 2563,
        "provisionforIncomeTaxes": 784,
        "researchDevelopment": 901,
        "revenue": 7302,
        "sgaExpense": 428,
        "totalOperatingExpense": 1329
      },
      {
        "costOfGoodsSold": 3615,
        "dilutedAverageSharesOutstanding": 812,
        "dilutedEPS": 2.6318,
        "ebit": 2169,
        "grossIncome": 3485,
        "interestExpense": 68,
        "interestIncomeExpense": 153,
        "netIncome": 2137,
        "netIncomeAfterTaxes": 2137,
        "period": "2025-04-27",
        "pretaxIncome": 2322,
        "provisionforIncomeTaxes": 185,
        "researchDevelopment": 893,
        "revenue": 7100,
        "sgaExpense": 423,
        "totalOperatingExpense": 1316
      },
      {
        "costOfGoodsSold": 3670,
        "dilutedAverageSharesOutstanding": 819,
        "dilutedEPS": 1.4469,
        "ebit": 2175,
        "grossIncome": 3496,
        "interestExpense": 64,
        "interestIncomeExpense": -56,
        "netIncome": 1185,
        "netIncomeAfterTaxes": 1185,
        "period": "2025-01-26",
        "pretaxIncome": 2119,
        "provisionforIncomeTaxes": 934,
        "researchDevelopment": 859,
        "revenue": 7166,
        "sgaExpense": 462,
        "totalOperatingExpense": 1321
      },
      {
        "costOfGoodsSold": 3710,
        "dilutedAverageSharesOutstanding": 828,
        "dilutedEPS": 2.09,
        "ebit": 2046,
        "grossIncome": 3335,
        "interestExpense": 66,
        "interestIncomeExpense": -151,
        "netIncome": 1731,
        "netIncomeAfterTaxes": 1731,
        "period": "2024-10-27",
        "pretaxIncome": 1895,
        "provisionforIncomeTaxes": 164,
        "researchDevelopment": 858,
        "revenue": 7045,
        "sgaExpense": 431,
        "totalOperatingExpense": 1289
      },
      {
        "costOfGoodsSold": 3573,
        "dilutedAverageSharesOutstanding": 833,
        "dilutedEPS": 2.05,
        "ebit": 1942,
        "grossIncome": 3205,
        "interestExpense": 63,
        "interestIncomeExpense": 18,
        "netIncome": 1705,
        "netIncomeAfterTaxes": 1705,
        "period": "2024-07-28",
        "pretaxIncome": 1960,
        "provisionforIncomeTaxes": 255,
        "researchDevelopment": 836,
        "revenue": 6778,
        "sgaExpense": 427,
        "totalOperatingExpense": 1263
      },
      {
        "costOfGoodsSold": 3493,
        "dilutedAverageSharesOutstanding": 836,
        "dilutedEPS": 2.06,
        "ebit": 1912,
        "grossIncome": 3153,
        "interestExpense": 59,
        "interestIncomeExpense": 82,
        "netIncome": 1722,
        "netIncomeAfterTaxes": 1722,
        "period": "2024-04-28",
        "pretaxIncome": 1994,
        "provisionforIncomeTaxes": 272,
        "researchDevelopment": 785,
        "revenue": 6646,
        "sgaExpense": 456,
        "totalOperatingExpense": 1241
      },
      {
        "costOfGoodsSold": 3503,
        "dilutedAverageSharesOutstanding": 837,
        "dilutedEPS": 2.41,
        "ebit": 1967,
        "grossIncome": 3204,
        "interestExpense": 59,
        "interestIncomeExpense": 336,
        "netIncome": 2019,
        "netIncomeAfterTaxes": 2019,
        "period": "2024-01-28",
        "pretaxIncome": 2303,
        "provisionforIncomeTaxes": 284,
        "researchDevelopment": 754,
        "revenue": 6707,
        "sgaExpense": 483,
        "totalOperatingExpense": 1237
      },
      {
        "costOfGoodsSold": 3554,
        "dilutedAverageSharesOutstanding": 842,
        "dilutedEPS": 2.38,
        "ebit": 1971,
        "grossIncome": 3169,
        "interestExpense": 58,
        "interestIncomeExpense": 203,
        "netIncome": 2004,
        "netIncomeAfterTaxes": 2004,
        "nonRecurringItems": -2,
        "period": "2023-10-29",
        "pretaxIncome": 2172,
        "provisionforIncomeTaxes": 168,
        "researchDevelopment": 789,
        "revenue": 6723,
        "sgaExpense": 409,
        "totalOperatingExpense": 1198
      },
      {
        "costOfGoodsSold": 3449,
        "dilutedAverageSharesOutstanding": 843,
        "dilutedEPS": 1.85,
        "ebit": 1802,
        "grossIncome": 2976,
        "interestExpense": 60,
        "interestIncomeExpense": 6,
        "netIncome": 1560,
        "netIncomeAfterTaxes": 1560,
        "nonRecurringItems": -2,
        "period": "2023-07-30",
        "pretaxIncome": 1806,
        "provisionforIncomeTaxes": 246,
        "researchDevelopment": 767,
        "revenue": 6425,
        "sgaExpense": 407,
        "totalOperatingExpense": 1174
      },
      {
        "costOfGoodsSold": 3536,
        "dilutedAverageSharesOutstanding": 847,
        "dilutedEPS": 1.86,
        "ebit": 1911,
        "grossIncome": 3094,
        "interestExpense": 61,
        "interestIncomeExpense": -17,
        "netIncome": 1575,
        "netIncomeAfterTaxes": 1575,
        "nonRecurringItems": -117,
        "period": "2023-04-30",
        "pretaxIncome": 1777,
        "provisionforIncomeTaxes": 202,
        "researchDevelopment": 775,
        "revenue": 6630,
        "sgaExpense": 408,
        "totalOperatingExpense": 1183
      },
      {
        "costOfGoodsSold": 3594,
        "dilutedAverageSharesOutstanding": 849,
        "dilutedEPS": 2.02,
        "ebit": 1970,
        "grossIncome": 3145,
        "interestExpense": 59,
        "interestIncomeExpense": -9,
        "netIncome": 1717,
        "netIncomeAfterTaxes": 1717,
        "nonRecurringItems": 0,
        "period": "2023-01-29",
        "pretaxIncome": 1961,
        "provisionforIncomeTaxes": 244,
        "researchDevelopment": 771,
        "revenue": 6739,
        "sgaExpense": 404,
        "totalOperatingExpense": 1175
      },
      {
        "costOfGoodsSold": 3648,
        "depreciationAmortization": 3,
        "dilutedAverageSharesOutstanding": 859,
        "dilutedEPS": 1.85,
        "ebit": 1994,
        "grossIncome": 3101,
        "interestExpense": 57,
        "interestIncomeExpense": -44,
        "netIncome": 1591,
        "netIncomeAfterTaxes": 1591,
        "nonRecurringItems": -1,
        "period": "2022-10-30",
        "pretaxIncome": 1949,
        "provisionforIncomeTaxes": 358,
        "researchDevelopment": 726,
        "revenue": 6749,
        "sgaExpense": 378,
        "totalOperatingExpense": 1107
      },
      {
        "costOfGoodsSold": 3514,
        "depreciationAmortization": 4,
        "dilutedAverageSharesOutstanding": 869,
        "dilutedEPS": 1.85,
        "ebit": 1924,
        "grossIncome": 3006,
        "interestExpense": 56,
        "interestIncomeExpense": -61,
        "netIncome": 1606,
        "netIncomeAfterTaxes": 1606,
        "nonRecurringItems": -2,
        "period": "2022-07-31",
        "pretaxIncome": 1861,
        "provisionforIncomeTaxes": 255,
        "researchDevelopment": 705,
        "revenue": 6520,
        "sgaExpense": 373,
        "totalOperatingExpense": 1082
      },
      {
        "costOfGoodsSold": 3318,
        "depreciationAmortization": 3,
        "dilutedAverageSharesOutstanding": 883,
        "dilutedEPS": 1.74,
        "ebit": 1894,
        "grossIncome": 2927,
        "interestExpense": 58,
        "interestIncomeExpense": -30,
        "netIncome": 1536,
        "netIncomeAfterTaxes": 1536,
        "nonRecurringItems": 0,
        "period": "2022-05-01",
        "pretaxIncome": 1864,
        "provisionforIncomeTaxes": 328,
        "researchDevelopment": 686,
        "revenue": 6245,
        "sgaExpense": 344,
        "totalOperatingExpense": 1033
      },
      {
        "costOfGoodsSold": 3312,
        "depreciationAmortization": 3,
        "dilutedAverageSharesOutstanding": 897,
        "dilutedEPS": 2,
        "ebit": 1972,
        "grossIncome": 2959,
        "interestExpense": 57,
        "interestIncomeExpense": -47,
        "netIncome": 1792,
        "netIncomeAfterTaxes": 1792,
        "nonRecurringItems": 0,
        "period": "2022-01-30",
        "pretaxIncome": 1925,
        "provisionforIncomeTaxes": 133,
        "researchDevelopment": 654,
        "revenue": 6271,
        "sgaExpense": 330,
        "totalOperatingExpense": 987
      },
      {
        "costOfGoodsSold": 3178,
        "depreciationAmortization": 5,
        "dilutedAverageSharesOutstanding": 907,
        "dilutedEPS": 1.89,
        "ebit": 2013,
        "grossIncome": 2945,
        "interestExpense": 57,
        "interestIncomeExpense": -8,
        "netIncome": 1712,
        "netIncomeAfterTaxes": 1712,
        "nonRecurringItems": 1,
        "period": "2021-10-31",
        "pretaxIncome": 2006,
        "provisionforIncomeTaxes": 294,
        "researchDevelopment": 622,
        "revenue": 6123,
        "sgaExpense": 305,
        "totalOperatingExpense": 932
      },
      {
        "costOfGoodsSold": 3229,
        "depreciationAmortization": 4,
        "dilutedAverageSharesOutstanding": 918,
        "dilutedEPS": 1.87,
        "ebit": 2013,
        "grossIncome": 2967,
        "interestExpense": 57,
        "interestIncomeExpense": -33,
        "netIncome": 1716,
        "netIncomeAfterTaxes": 1716,
        "nonRecurringItems": 0,
        "period": "2021-08-01",
        "pretaxIncome": 1980,
        "provisionforIncomeTaxes": 264,
        "researchDevelopment": 640,
        "revenue": 6196,
        "sgaExpense": 310,
        "totalOperatingExpense": 954
      },
      {
        "costOfGoodsSold": 2929,
        "depreciationAmortization": 5,
        "dilutedAverageSharesOutstanding": 927,
        "dilutedEPS": 1.43,
        "ebit": 1739,
        "grossIncome": 2653,
        "interestExpense": 61,
        "interestIncomeExpense": -34,
        "netIncome": 1330,
        "netIncomeAfterTaxes": 1330,
        "nonRecurringItems": -160,
        "period": "2021-05-02",
        "pretaxIncome": 1545,
        "provisionforIncomeTaxes": 215,
        "researchDevelopment": 617,
        "revenue": 5582,
        "sgaExpense": 292,
        "totalOperatingExpense": 914
      },
      {
        "costOfGoodsSold": 2813,
        "depreciationAmortization": 5,
        "dilutedAverageSharesOutstanding": 925,
        "dilutedEPS": 1.22,
        "ebit": 1435,
        "grossIncome": 2349,
        "interestExpense": 61,
        "interestIncomeExpense": -43,
        "netIncome": 1130,
        "netIncomeAfterTaxes": 1130,
        "nonRecurringItems": -152,
        "period": "2021-01-31",
        "pretaxIncome": 1240,
        "provisionforIncomeTaxes": 110,
        "researchDevelopment": 606,
        "revenue": 5162,
        "sgaExpense": 303,
        "totalOperatingExpense": 914
      },
      {
        "costOfGoodsSold": 2558,
        "depreciationAmortization": 6,
        "dilutedAverageSharesOutstanding": 920,
        "dilutedEPS": 1.23,
        "ebit": 1283,
        "grossIncome": 2130,
        "interestExpense": 59,
        "interestIncomeExpense": -40,
        "netIncome": 1131,
        "netIncomeAfterTaxes": 1131,
        "period": "2020-10-25",
        "pretaxIncome": 1243,
        "provisionforIncomeTaxes": 112,
        "researchDevelopment": 559,
        "revenue": 4688,
        "sgaExpense": 282,
        "totalOperatingExpense": 847
      },
      {
        "costOfGoodsSold": 2440,
        "depreciationAmortization": 4,
        "dilutedAverageSharesOutstanding": 922,
        "dilutedEPS": 0.91,
        "ebit": 1108,
        "grossIncome": 1955,
        "interestExpense": 61,
        "interestIncomeExpense": -68,
        "netIncome": 841,
        "netIncomeAfterTaxes": 841,
        "period": "2020-07-26",
        "pretaxIncome": 1040,
        "provisionforIncomeTaxes": 199,
        "researchDevelopment": 572,
        "revenue": 4395,
        "sgaExpense": 271,
        "totalOperatingExpense": 847
      },
      {
        "costOfGoodsSold": 2208,
        "depreciationAmortization": 4,
        "dilutedAverageSharesOutstanding": 923,
        "dilutedEPS": 0.82,
        "ebit": 932,
        "grossIncome": 1749,
        "interestExpense": 61,
        "interestIncomeExpense": -54,
        "netIncome": 755,
        "netIncomeAfterTaxes": 755,
        "period": "2020-04-26",
        "pretaxIncome": 878,
        "provisionforIncomeTaxes": 123,
        "researchDevelopment": 550,
        "revenue": 3957,
        "sgaExpense": 263,
        "totalOperatingExpense": 817
      },
      {
        "costOfGoodsSold": 2304,
        "depreciationAmortization": 5,
        "dilutedAverageSharesOutstanding": 927,
        "dilutedEPS": 0.96,
        "ebit": 1042,
        "grossIncome": 1858,
        "interestExpense": 59,
        "interestIncomeExpense": -37,
        "netIncome": 892,
        "netIncomeAfterTaxes": 892,
        "period": "2020-01-26",
        "pretaxIncome": 1005,
        "provisionforIncomeTaxes": 113,
        "researchDevelopment": 552,
        "revenue": 4162,
        "sgaExpense": 259,
        "totalOperatingExpense": 816
      },
      {
        "costOfGoodsSold": 2120,
        "depreciationAmortization": 4,
        "dilutedAverageSharesOutstanding": 930,
        "dilutedEPS": 0.75,
        "ebit": 863,
        "grossIncome": 1634,
        "interestExpense": 59,
        "interestIncomeExpense": -23,
        "netIncome": 698,
        "netIncomeAfterTaxes": 698,
        "period": "2019-10-27",
        "pretaxIncome": 840,
        "provisionforIncomeTaxes": 142,
        "researchDevelopment": 515,
        "revenue": 3754,
        "sgaExpense": 252,
        "totalOperatingExpense": 771
      },
      {
        "costOfGoodsSold": 2005,
        "depreciationAmortization": 6,
        "dilutedAverageSharesOutstanding": 937,
        "dilutedEPS": 0.61,
        "ebit": 810,
        "grossIncome": 1557,
        "interestExpense": 58,
        "interestIncomeExpense": -28,
        "netIncome": 571,
        "netIncomeAfterTaxes": 571,
        "period": "2019-07-28",
        "pretaxIncome": 782,
        "provisionforIncomeTaxes": 211,
        "researchDevelopment": 514,
        "revenue": 3562,
        "sgaExpense": 227,
        "totalOperatingExpense": 747
      },
      {
        "costOfGoodsSold": 2009,
        "depreciationAmortization": 4,
        "dilutedAverageSharesOutstanding": 948,
        "dilutedEPS": 0.7,
        "ebit": 772,
        "grossIncome": 1530,
        "interestExpense": 60,
        "interestIncomeExpense": -13,
        "netIncome": 666,
        "netIncomeAfterTaxes": 666,
        "period": "2019-04-28",
        "pretaxIncome": 759,
        "provisionforIncomeTaxes": 93,
        "researchDevelopment": 508,
        "revenue": 3539,
        "sgaExpense": 246,
        "totalOperatingExpense": 758
      },
      {
        "costOfGoodsSold": 2088,
        "depreciationAmortization": 5,
        "dilutedAverageSharesOutstanding": 965,
        "dilutedEPS": 0.79,
        "ebit": 919,
        "grossIncome": 1665,
        "interestExpense": 60,
        "interestIncomeExpense": -31,
        "netIncome": 771,
        "netIncomeAfterTaxes": 747,
        "period": "2019-01-27",
        "pretaxIncome": 888,
        "provisionforIncomeTaxes": 141,
        "researchDevelopment": 516,
        "revenue": 3753,
        "sgaExpense": 225,
        "totalOperatingExpense": 746
      },
      {
        "costOfGoodsSold": 2102,
        "depreciationAmortization": 4,
        "dilutedAverageSharesOutstanding": 987,
        "dilutedEPS": 0.76,
        "ebit": 890,
        "grossIncome": 1657,
        "interestExpense": 60,
        "interestIncomeExpense": -15,
        "netIncome": 757,
        "netIncomeAfterTaxes": 780,
        "period": "2018-10-28",
        "pretaxIncome": 875,
        "provisionforIncomeTaxes": 95,
        "researchDevelopment": 519,
        "revenue": 3759,
        "sgaExpense": 244,
        "totalOperatingExpense": 767
      },
      {
        "costOfGoodsSold": 2298,
        "depreciationAmortization": 6,
        "dilutedAverageSharesOutstanding": 1005,
        "dilutedEPS": 1.02,
        "ebit": 1093,
        "grossIncome": 1864,
        "interestExpense": 59,
        "interestIncomeExpense": -16,
        "netIncome": 1016,
        "netIncomeAfterTaxes": 1028,
        "period": "2018-07-29",
        "pretaxIncome": 1077,
        "provisionforIncomeTaxes": 49,
        "researchDevelopment": 504,
        "revenue": 4162,
        "sgaExpense": 261,
        "totalOperatingExpense": 771
      },
      {
        "costOfGoodsSold": 2523,
        "depreciationAmortization": 4,
        "dilutedAverageSharesOutstanding": 1040,
        "dilutedEPS": 1.05,
        "ebit": 1295,
        "grossIncome": 2056,
        "interestExpense": 56,
        "interestIncomeExpense": -34,
        "netIncome": 1100,
        "netIncomeAfterTaxes": 1171,
        "period": "2018-04-29",
        "pretaxIncome": 1261,
        "provisionforIncomeTaxes": 90,
        "researchDevelopment": 509,
        "revenue": 4579,
        "sgaExpense": 248,
        "totalOperatingExpense": 761
      },
      {
        "costOfGoodsSold": 2265,
        "depreciationAmortization": 5,
        "dilutedAverageSharesOutstanding": 1071,
        "dilutedEPS": 0.15,
        "ebit": 1225,
        "grossIncome": 1940,
        "interestExpense": 59,
        "interestIncomeExpense": -42,
        "netIncome": 165,
        "netIncomeAfterTaxes": 1171,
        "period": "2018-01-28",
        "pretaxIncome": 1183,
        "provisionforIncomeTaxes": 12,
        "researchDevelopment": 489,
        "revenue": 4205,
        "sgaExpense": 221,
        "totalOperatingExpense": 715
      },
      {
        "costOfGoodsSold": 2263,
        "depreciationAmortization": 5,
        "dilutedAverageSharesOutstanding": 1075,
        "dilutedEPS": 0.99,
        "ebit": 1097,
        "grossIncome": 1867,
        "interestExpense": 57,
        "interestIncomeExpense": 62,
        "netIncome": 1067,
        "netIncomeAfterTaxes": 1067,
        "period": "2017-10-29",
        "pretaxIncome": 1159,
        "provisionforIncomeTaxes": 92,
        "researchDevelopment": 473,
        "revenue": 4130,
        "sgaExpense": 292,
        "totalOperatingExpense": 770
      },
      {
        "costOfGoodsSold": 2044,
        "depreciationAmortization": 5,
        "dilutedAverageSharesOutstanding": 1083,
        "dilutedEPS": 0.85,
        "ebit": 1031,
        "grossIncome": 1700,
        "interestExpense": 59,
        "interestIncomeExpense": -53,
        "netIncome": 925,
        "netIncomeAfterTaxes": 925,
        "period": "2017-07-30",
        "pretaxIncome": 978,
        "provisionforIncomeTaxes": 53,
        "researchDevelopment": 454,
        "revenue": 3744,
        "sgaExpense": 210,
        "totalOperatingExpense": 669
      },
      {
        "costOfGoodsSold": 1946,
        "depreciationAmortization": 4,
        "dilutedAverageSharesOutstanding": 1087,
        "dilutedEPS": 0.76,
        "ebit": 933,
        "grossIncome": 1600,
        "interestExpense": 44,
        "interestIncomeExpense": -25,
        "netIncome": 824,
        "netIncomeAfterTaxes": 824,
        "period": "2017-04-30",
        "pretaxIncome": 908,
        "provisionforIncomeTaxes": 84,
        "researchDevelopment": 437,
        "revenue": 3546,
        "sgaExpense": 226,
        "totalOperatingExpense": 667
      },
      {
        "costOfGoodsSold": 1833,
        "depreciationAmortization": 6,
        "dilutedAverageSharesOutstanding": 1089,
        "dilutedEPS": 0.65,
        "ebit": 838,
        "grossIncome": 1445,
        "interestExpense": 38,
        "interestIncomeExpense": -67,
        "netIncome": 703,
        "netIncomeAfterTaxes": 703,
        "period": "2017-01-29",
        "pretaxIncome": 771,
        "provisionforIncomeTaxes": 68,
        "researchDevelopment": 416,
        "revenue": 3278,
        "sgaExpense": 185,
        "totalOperatingExpense": 607
      },
      {
        "costOfGoodsSold": 1898,
        "depreciationAmortization": 6,
        "dilutedAverageSharesOutstanding": 1095,
        "dilutedEPS": 0.56,
        "ebit": 778,
        "grossIncome": 1399,
        "interestExpense": 38,
        "interestIncomeExpense": -38,
        "netIncome": 610,
        "netIncomeAfterTaxes": 610,
        "period": "2016-10-30",
        "pretaxIncome": 740,
        "provisionforIncomeTaxes": 130,
        "researchDevelopment": 393,
        "revenue": 3297,
        "sgaExpense": 222,
        "totalOperatingExpense": 621
      },
      {
        "costOfGoodsSold": 1629,
        "depreciationAmortization": 5,
        "dilutedAverageSharesOutstanding": 1093,
        "dilutedEPS": 0.46,
        "ebit": 566,
        "grossIncome": 1192,
        "interestExpense": 38,
        "interestIncomeExpense": -2,
        "netIncome": 505,
        "netIncomeAfterTaxes": 505,
        "period": "2016-07-31",
        "pretaxIncome": 564,
        "provisionforIncomeTaxes": 59,
        "researchDevelopment": 386,
        "revenue": 2821,
        "sgaExpense": 235,
        "totalOperatingExpense": 626
      },
      {
        "costOfGoodsSold": 1446,
        "depreciationAmortization": 5,
        "dilutedAverageSharesOutstanding": 1119,
        "dilutedEPS": 0.29,
        "ebit": 393,
        "grossIncome": 1004,
        "interestExpense": 37,
        "interestIncomeExpense": 2,
        "netIncome": 320,
        "netIncomeAfterTaxes": 320,
        "period": "2016-05-01",
        "pretaxIncome": 395,
        "provisionforIncomeTaxes": 75,
        "researchDevelopment": 386,
        "revenue": 2450,
        "sgaExpense": 220,
        "totalOperatingExpense": 611
      },
      {
        "costOfGoodsSold": 1341,
        "depreciationAmortization": 5,
        "dilutedAverageSharesOutstanding": 1154,
        "dilutedEPS": 0.25,
        "ebit": 350,
        "grossIncome": 916,
        "interestExpense": 42,
        "interestIncomeExpense": -36,
        "netIncome": 286,
        "netIncomeAfterTaxes": 286,
        "period": "2016-01-31",
        "pretaxIncome": 314,
        "provisionforIncomeTaxes": 28,
        "researchDevelopment": 374,
        "revenue": 2257,
        "sgaExpense": 187,
        "totalOperatingExpense": 566
      },
      {
        "costOfGoodsSold": 1409,
        "depreciationAmortization": 5,
        "dilutedAverageSharesOutstanding": 1190,
        "dilutedEPS": 0.28,
        "ebit": 448,
        "grossIncome": 959,
        "interestExpense": 32,
        "interestIncomeExpense": -37,
        "netIncome": 336,
        "netIncomeAfterTaxes": 336,
        "nonRecurringItems": -14,
        "period": "2015-10-25",
        "pretaxIncome": 397,
        "provisionforIncomeTaxes": 61,
        "researchDevelopment": 363,
        "revenue": 2368,
        "sgaExpense": 143,
        "totalOperatingExpense": 511
      }
    ],
    "symbol": "AMAT"
  }
}