{
  "symbol": "BR",
  "statement": "ic",
  "frequency": "annual",
  "timestamp": "2025-09-19T13:57:04.605605",
  "data": {
    "financials": [
      {
        "costOfGoodsSold": 4752.3,
        "dilutedAverageSharesOutstanding": 118.3,
        "dilutedEPS": 7.0964,
        "ebit": 1188.6,
        "grossIncome": 2136.8,
        "interestExpense": 135.8,
        "interestIncomeExpense": -122.7,
        "netIncome": 839.5,
        "netIncomeAfterTaxes": 839.6,
        "period": "2025-06-30",
        "pretaxIncome": 1058.8,
        "provisionforIncomeTaxes": 219.2,
        "revenue": 6889.1,
        "sgaExpense": 948.2,
        "totalOperatingExpense": 948.2,
        "totalOtherIncomeExpenseNet": -7.1,
        "year": 2025
      },
      {
        "costOfGoodsSold": 4572.9,
        "dilutedAverageSharesOutstanding": 119.1,
        "dilutedEPS": 5.8615,
        "ebit": 1017.1,
        "grossIncome": 1933.9,
        "interestExpense": 150.2,
        "interestIncomeExpense": -138.1,
        "netIncome": 698.1,
        "netIncomeAfterTaxes": 698.1,
        "period": "2024-06-30",
        "pretaxIncome": 877.4,
        "provisionforIncomeTaxes": 179.3,
        "revenue": 6506.8,
        "sgaExpense": 916.8,
        "totalOperatingExpense": 916.8,
        "totalOtherIncomeExpenseNet": -1.6,
        "year": 2024
      },
      {
        "costOfGoodsSold": 4275.5,
        "dilutedAverageSharesOutstanding": 119,
        "dilutedEPS": 5.3,
        "ebit": 936.4,
        "grossIncome": 1785.4,
        "interestExpense": 143.7,
        "interestIncomeExpense": -135.5,
        "netIncome": 630.6,
        "netIncomeAfterTaxes": 630.6,
        "period": "2023-06-30",
        "pretaxIncome": 794.9,
        "provisionforIncomeTaxes": 164.3,
        "revenue": 6060.9,
        "sgaExpense": 849,
        "totalOperatingExpense": 849,
        "totalOtherIncomeExpenseNet": -6,
        "year": 2023
      },
      {
        "costOfGoodsSold": 4116.9,
        "dilutedAverageSharesOutstanding": 118.5,
        "dilutedEPS": 4.55,
        "ebit": 759.9,
        "grossIncome": 1592.2,
        "interestExpense": 87.7,
        "interestIncomeExpense": -84.7,
        "netIncome": 539.1,
        "netIncomeAfterTaxes": 539.1,
        "period": "2022-06-30",
        "pretaxIncome": 672.2,
        "provisionforIncomeTaxes": 133.1,
        "revenue": 5709.1,
        "sgaExpense": 832.3,
        "totalOperatingExpense": 832.3,
        "totalOtherIncomeExpenseNet": -3,
        "year": 2022
      },
      {
        "costOfGoodsSold": 3570.8,
        "dilutedAverageSharesOutstanding": 117.8,
        "dilutedEPS": 4.65,
        "ebit": 678.7,
        "grossIncome": 1422.9,
        "interestExpense": 57.5,
        "interestIncomeExpense": -55.2,
        "netIncome": 547.5,
        "netIncomeAfterTaxes": 547.5,
        "otherOperatingExpensesTotal": -0.1,
        "period": "2021-06-30",
        "pretaxIncome": 696.2,
        "provisionforIncomeTaxes": 148.7,
        "revenue": 4993.7,
        "sgaExpense": 744.3,
        "totalOperatingExpense": 744.2,
        "totalOtherIncomeExpenseNet": 72.7,
        "year": 2021
      },
      {
        "costOfGoodsSold": 3265.1,
        "dilutedAverageSharesOutstanding": 117,
        "dilutedEPS": 3.95,
        "ebit": 624.9,
        "grossIncome": 1263.9,
        "interestExpense": 62.5,
        "interestIncomeExpense": -58.8,
        "netIncome": 462.5,
        "netIncomeAfterTaxes": 462.5,
        "period": "2020-06-30",
        "pretaxIncome": 579.5,
        "provisionforIncomeTaxes": 117,
        "revenue": 4529,
        "sgaExpense": 639,
        "totalOperatingExpense": 639,
        "totalOtherIncomeExpenseNet": 13.4,
        "year": 2020
      },
      {
        "costOfGoodsSold": 3131.9,
        "dilutedAverageSharesOutstanding": 118.8,
        "dilutedEPS": 4.06,
        "ebit": 652.7,
        "grossIncome": 1230.3,
        "interestExpense": 45.9,
        "interestIncomeExpense": -41.8,
        "netIncome": 482.1,
        "netIncomeAfterTaxes": 482.6,
        "otherOperatingExpensesTotal": 0.1,
        "period": "2019-06-30",
        "pretaxIncome": 607.3,
        "provisionforIncomeTaxes": 124.7,
        "revenue": 4362.2,
        "sgaExpense": 577.5,
        "totalOperatingExpense": 577.6,
        "totalOtherIncomeExpenseNet": -3.6,
        "year": 2019
      },
      {
        "costOfGoodsSold": 3169.6,
        "dilutedAverageSharesOutstanding": 120.4,
        "dilutedEPS": 3.55,
        "ebit": 594.9,
        "grossIncome": 1160.3,
        "interestExpense": 42.4,
        "interestIncomeExpense": -33.8,
        "netIncome": 427.9,
        "netIncomeAfterTaxes": 443.4,
        "period": "2018-06-30",
        "pretaxIncome": 561,
        "provisionforIncomeTaxes": 117.6,
        "revenue": 4329.9,
        "sgaExpense": 565.4,
        "totalOperatingExpense": 565.4,
        "totalOtherIncomeExpenseNet": -0.1,
        "year": 2018
      },
      {
        "costOfGoodsSold": 3109.6,
        "dilutedAverageSharesOutstanding": 120.8,
        "dilutedEPS": 2.71,
        "ebit": 531.6,
        "grossIncome": 1033,
        "interestExpense": 44.7,
        "interestIncomeExpense": -43.4,
        "netIncome": 326.8,
        "netIncomeAfterTaxes": 326.7,
        "period": "2017-06-30",
        "pretaxIncome": 488.1,
        "provisionforIncomeTaxes": 161.4,
        "revenue": 4142.6,
        "sgaExpense": 501.4,
        "totalOperatingExpense": 501.4,
        "totalOtherIncomeExpenseNet": -0.1,
        "year": 2017
      },
      {
        "costOfGoodsSold": 1975.9,
        "dilutedAverageSharesOutstanding": 121.6,
        "dilutedEPS": 2.53,
        "ebit": 500.2,
        "grossIncome": 921.1,
        "interestExpense": 28.4,
        "interestIncomeExpense": -31.4,
        "netIncome": 307.5,
        "netIncomeAfterTaxes": 307.5,
        "period": "2016-06-30",
        "pretaxIncome": 468.9,
        "provisionforIncomeTaxes": 161.4,
        "revenue": 2897,
        "sgaExpense": 420.9,
        "totalOperatingExpense": 420.9,
        "totalOtherIncomeExpenseNet": 0.1,
        "year": 2016
      }
    ],
    "symbol": "BR"
  }
}