{
  "symbol": "BF.B",
  "statement": "ic",
  "frequency": "quarterly",
  "timestamp": "2025-09-19T13:57:08.147257",
  "data": {
    "financials": [
      {
        "costOfGoodsSold": 372,
        "dilutedAverageSharesOutstanding": 472.963,
        "dilutedEPS": 0.3594,
        "ebit": 254,
        "grossIncome": 552,
        "interestExpense": 21,
        "interestIncomeExpense": -21,
        "netIncome": 170,
        "netIncomeAfterTaxes": 170,
        "nonRecurringItems": 6,
        "otherOperatingExpensesTotal": 1,
        "period": "2025-07-31",
        "pretaxIncome": 220,
        "provisionforIncomeTaxes": 50,
        "revenue": 924,
        "sgaExpense": 297,
        "totalOperatingExpense": 298,
        "totalOtherIncomeExpenseNet": -19
      },
      {
        "costOfGoodsSold": 381,
        "dilutedAverageSharesOutstanding": 472.92,
        "dilutedEPS": 0.3087,
        "ebit": 279,
        "grossIncome": 513,
        "interestExpense": 27,
        "interestIncomeExpense": -22,
        "netIncome": 146,
        "netIncomeAfterTaxes": 146,
        "nonRecurringItems": -74,
        "otherOperatingExpensesTotal": -66,
        "period": "2025-04-30",
        "pretaxIncome": 183,
        "provisionforIncomeTaxes": 37,
        "revenue": 894,
        "sgaExpense": 300,
        "totalOperatingExpense": 234,
        "totalOtherIncomeExpenseNet": 0
      },
      {
        "costOfGoodsSold": 416,
        "dilutedAverageSharesOutstanding": 472.886,
        "dilutedEPS": 0.571,
        "ebit": 311,
        "grossIncome": 619,
        "interestExpense": 31,
        "interestIncomeExpense": 55,
        "netIncome": 270,
        "netIncomeAfterTaxes": 270,
        "nonRecurringItems": -31,
        "otherOperatingExpensesTotal": 5,
        "period": "2025-01-31",
        "pretaxIncome": 332,
        "provisionforIncomeTaxes": 62,
        "revenue": 1035,
        "sgaExpense": 303,
        "totalOperatingExpense": 308,
        "totalOtherIncomeExpenseNet": -3
      },
      {
        "costOfGoodsSold": 449,
        "dilutedAverageSharesOutstanding": 473.057,
        "dilutedEPS": 0.5454,
        "ebit": 341,
        "grossIncome": 646,
        "interestExpense": 32,
        "interestIncomeExpense": -27,
        "netIncome": 258,
        "netIncomeAfterTaxes": 258,
        "nonRecurringItems": 0,
        "otherOperatingExpensesTotal": -8,
        "period": "2024-10-31",
        "pretaxIncome": 313,
        "provisionforIncomeTaxes": 55,
        "revenue": 1095,
        "sgaExpense": 313,
        "totalOperatingExpense": 305,
        "totalOtherIncomeExpenseNet": -1
      },
      {
        "costOfGoodsSold": 386,
        "dilutedAverageSharesOutstanding": 472.941,
        "dilutedEPS": 0.4123,
        "ebit": 293,
        "grossIncome": 565,
        "interestExpense": 32,
        "interestIncomeExpense": -28,
        "netIncome": 195,
        "netIncomeAfterTaxes": 195,
        "nonRecurringItems": -12,
        "otherOperatingExpensesTotal": -42,
        "period": "2024-07-31",
        "pretaxIncome": 253,
        "provisionforIncomeTaxes": 58,
        "revenue": 951,
        "sgaExpense": 314,
        "totalOperatingExpense": 272,
        "totalOtherIncomeExpenseNet": 0
      },
      {
        "costOfGoodsSold": 395,
        "dilutedAverageSharesOutstanding": 473.548,
        "dilutedEPS": 0.5617,
        "ebit": 205,
        "grossIncome": 569,
        "interestExpense": 34,
        "interestIncomeExpense": -27,
        "netIncome": 266,
        "netIncomeAfterTaxes": 266,
        "nonRecurringItems": 170,
        "otherOperatingExpensesTotal": 18,
        "period": "2024-04-30",
        "pretaxIncome": 347,
        "provisionforIncomeTaxes": 81,
        "revenue": 964,
        "sgaExpense": 346,
        "totalOperatingExpense": 364,
        "totalOtherIncomeExpenseNet": -1
      },
      {
        "costOfGoodsSold": 434,
        "dilutedAverageSharesOutstanding": 475.566,
        "dilutedEPS": 0.5993,
        "ebit": 283,
        "grossIncome": 635,
        "interestExpense": 33,
        "interestIncomeExpense": -30,
        "netIncome": 285,
        "netIncomeAfterTaxes": 285,
        "nonRecurringItems": 90,
        "otherOperatingExpensesTotal": 6,
        "period": "2024-01-31",
        "pretaxIncome": 342,
        "provisionforIncomeTaxes": 57,
        "revenue": 1069,
        "sgaExpense": 346,
        "totalOperatingExpense": 352,
        "totalOtherIncomeExpenseNet": -1
      },
      {
        "costOfGoodsSold": 436,
        "dilutedAverageSharesOutstanding": 480.115,
        "dilutedEPS": 0.5041,
        "ebit": 339,
        "grossIncome": 671,
        "interestExpense": 31,
        "interestIncomeExpense": -29,
        "netIncome": 242,
        "netIncomeAfterTaxes": 242,
        "otherOperatingExpensesTotal": 0,
        "period": "2023-10-31",
        "pretaxIncome": 310,
        "provisionforIncomeTaxes": 68,
        "revenue": 1107,
        "sgaExpense": 332,
        "totalOperatingExpense": 332,
        "totalOtherIncomeExpenseNet": 0
      },
      {
        "costOfGoodsSold": 387,
        "dilutedAverageSharesOutstanding": 480.4,
        "dilutedEPS": 0.48,
        "ebit": 327,
        "grossIncome": 651,
        "interestExpense": 29,
        "interestIncomeExpense": -27,
        "netIncome": 231,
        "netIncomeAfterTaxes": 231,
        "otherOperatingExpensesTotal": -7,
        "period": "2023-07-31",
        "pretaxIncome": 299,
        "provisionforIncomeTaxes": 68,
        "revenue": 1038,
        "sgaExpense": 331,
        "totalOperatingExpense": 324,
        "totalOtherIncomeExpenseNet": -1
      },
      {
        "costOfGoodsSold": 411,
        "dilutedAverageSharesOutstanding": 480.4,
        "dilutedEPS": 0.43,
        "ebit": 298,
        "grossIncome": 635,
        "interestExpense": 29,
        "interestIncomeExpense": -27,
        "netIncome": 207,
        "netIncomeAfterTaxes": 207,
        "nonRecurringItems": 0,
        "otherOperatingExpensesTotal": 2,
        "period": "2023-04-30",
        "pretaxIncome": 269,
        "provisionforIncomeTaxes": 62,
        "revenue": 1046,
        "sgaExpense": 335,
        "totalOperatingExpense": 337,
        "totalOtherIncomeExpenseNet": -2
      },
      {
        "costOfGoodsSold": 457,
        "dilutedAverageSharesOutstanding": 480.5,
        "dilutedEPS": 0.21,
        "ebit": 278,
        "grossIncome": 624,
        "interestExpense": 24,
        "interestIncomeExpense": -22,
        "netIncome": 100,
        "netIncomeAfterTaxes": 100,
        "nonRecurringItems": -105,
        "otherOperatingExpensesTotal": 19,
        "period": "2023-01-31",
        "pretaxIncome": 124,
        "provisionforIncomeTaxes": 24,
        "revenue": 1081,
        "sgaExpense": 327,
        "totalOperatingExpense": 346,
        "totalOtherIncomeExpenseNet": -27
      },
      {
        "costOfGoodsSold": 481,
        "dilutedAverageSharesOutstanding": 480.5,
        "dilutedEPS": 0.47,
        "ebit": 313,
        "grossIncome": 613,
        "interestExpense": 18,
        "interestIncomeExpense": -15,
        "netIncome": 227,
        "netIncomeAfterTaxes": 227,
        "otherOperatingExpensesTotal": -1,
        "period": "2022-10-31",
        "pretaxIncome": 298,
        "provisionforIncomeTaxes": 71,
        "revenue": 1094,
        "sgaExpense": 301,
        "totalOperatingExpense": 300,
        "totalOtherIncomeExpenseNet": 0
      },
      {
        "costOfGoodsSold": 385,
        "dilutedAverageSharesOutstanding": 480.4,
        "dilutedEPS": 0.52,
        "ebit": 343,
        "grossIncome": 622,
        "interestExpense": 19,
        "interestIncomeExpense": -17,
        "netIncome": 249,
        "netIncomeAfterTaxes": 249,
        "otherOperatingExpensesTotal": -6,
        "period": "2022-07-31",
        "pretaxIncome": 326,
        "provisionforIncomeTaxes": 77,
        "revenue": 1007,
        "sgaExpense": 285,
        "totalOperatingExpense": 279
      },
      {
        "costOfGoodsSold": 370,
        "dilutedAverageSharesOutstanding": 480.5,
        "dilutedEPS": 0.31,
        "ebit": 246,
        "grossIncome": 626,
        "interestExpense": 21,
        "interestIncomeExpense": -19,
        "netIncome": 151,
        "netIncomeAfterTaxes": 151,
        "nonRecurringItems": 0,
        "otherOperatingExpensesTotal": 58,
        "period": "2022-04-30",
        "pretaxIncome": 216,
        "provisionforIncomeTaxes": 65,
        "revenue": 996,
        "sgaExpense": 322,
        "totalOperatingExpense": 380,
        "totalOtherIncomeExpenseNet": -11
      },
      {
        "costOfGoodsSold": 415,
        "dilutedAverageSharesOutstanding": 480.6,
        "dilutedEPS": 0.54,
        "ebit": 347,
        "grossIncome": 622,
        "interestExpense": 20,
        "interestIncomeExpense": -19,
        "netIncome": 259,
        "netIncomeAfterTaxes": 259,
        "nonRecurringItems": 0,
        "otherOperatingExpensesTotal": -4,
        "period": "2022-01-31",
        "pretaxIncome": 328,
        "provisionforIncomeTaxes": 69,
        "revenue": 1037,
        "sgaExpense": 279,
        "totalOperatingExpense": 275,
        "totalOtherIncomeExpenseNet": 0
      },
      {
        "costOfGoodsSold": 404,
        "dilutedAverageSharesOutstanding": 480.5,
        "dilutedEPS": 0.49,
        "ebit": 322,
        "grossIncome": 590,
        "interestExpense": 20,
        "interestIncomeExpense": -19,
        "netIncome": 236,
        "netIncomeAfterTaxes": 236,
        "nonRecurringItems": 0,
        "otherOperatingExpensesTotal": -1,
        "period": "2021-10-31",
        "pretaxIncome": 301,
        "provisionforIncomeTaxes": 65,
        "revenue": 994,
        "sgaExpense": 269,
        "totalOperatingExpense": 268,
        "totalOtherIncomeExpenseNet": -2
      },
      {
        "costOfGoodsSold": 353,
        "dilutedAverageSharesOutstanding": 480.7,
        "dilutedEPS": 0.4,
        "ebit": 289,
        "grossIncome": 553,
        "interestExpense": 21,
        "interestIncomeExpense": -20,
        "netIncome": 192,
        "netIncomeAfterTaxes": 192,
        "nonRecurringItems": 0,
        "otherOperatingExpensesTotal": 6,
        "period": "2021-07-31",
        "pretaxIncome": 269,
        "provisionforIncomeTaxes": 77,
        "revenue": 906,
        "sgaExpense": 258,
        "totalOperatingExpense": 264,
        "totalOtherIncomeExpenseNet": 0
      },
      {
        "costOfGoodsSold": 314,
        "dilutedAverageSharesOutstanding": 480.7,
        "dilutedEPS": 0.25,
        "ebit": 168,
        "grossIncome": 498,
        "interestExpense": 20,
        "interestIncomeExpense": -19,
        "netIncome": 120,
        "netIncomeAfterTaxes": 120,
        "nonRecurringItems": 0,
        "otherOperatingExpensesTotal": -2,
        "period": "2021-04-30",
        "pretaxIncome": 147,
        "provisionforIncomeTaxes": 27,
        "revenue": 812,
        "sgaExpense": 332,
        "totalOperatingExpense": 330,
        "totalOtherIncomeExpenseNet": -2
      },
      {
        "costOfGoodsSold": 361,
        "dilutedAverageSharesOutstanding": 480.8,
        "dilutedEPS": 0.46,
        "ebit": 281,
        "grossIncome": 550,
        "interestExpense": 21,
        "interestIncomeExpense": -21,
        "netIncome": 219,
        "netIncomeAfterTaxes": 219,
        "nonRecurringItems": 0,
        "otherOperatingExpensesTotal": -9,
        "period": "2021-01-31",
        "pretaxIncome": 259,
        "provisionforIncomeTaxes": 40,
        "revenue": 911,
        "sgaExpense": 278,
        "totalOperatingExpense": 269,
        "totalOtherIncomeExpenseNet": -1
      },
      {
        "costOfGoodsSold": 404,
        "dilutedAverageSharesOutstanding": 480.7,
        "dilutedEPS": 0.5,
        "ebit": 330,
        "grossIncome": 581,
        "interestExpense": 20,
        "interestIncomeExpense": -19,
        "netIncome": 240,
        "netIncomeAfterTaxes": 240,
        "nonRecurringItems": 0,
        "otherOperatingExpensesTotal": 1,
        "period": "2020-10-31",
        "pretaxIncome": 309,
        "provisionforIncomeTaxes": 69,
        "revenue": 985,
        "sgaExpense": 250,
        "totalOperatingExpense": 251,
        "totalOtherIncomeExpenseNet": -2
      },
      {
        "costOfGoodsSold": 288,
        "dilutedAverageSharesOutstanding": 480.4,
        "dilutedEPS": 0.67,
        "ebit": 268,
        "grossIncome": 465,
        "interestExpense": 20,
        "interestIncomeExpense": -28,
        "netIncome": 324,
        "netIncomeAfterTaxes": 324,
        "nonRecurringItems": 127,
        "otherOperatingExpensesTotal": -13,
        "period": "2020-07-31",
        "pretaxIncome": 366,
        "provisionforIncomeTaxes": 42,
        "revenue": 753,
        "sgaExpense": 210,
        "totalOperatingExpense": 197,
        "totalOtherIncomeExpenseNet": -1
      },
      {
        "costOfGoodsSold": 256,
        "dilutedAverageSharesOutstanding": 480.3,
        "dilutedEPS": 0.27,
        "ebit": 220,
        "grossIncome": 453,
        "interestExpense": 20,
        "interestIncomeExpense": -39,
        "netIncome": 128,
        "netIncomeAfterTaxes": 128,
        "nonRecurringItems": -13,
        "otherOperatingExpensesTotal": -9,
        "period": "2020-04-30",
        "pretaxIncome": 166,
        "provisionforIncomeTaxes": 38,
        "revenue": 709,
        "sgaExpense": 242,
        "totalOperatingExpense": 233,
        "totalOtherIncomeExpenseNet": -2
      },
      {
        "costOfGoodsSold": 342,
        "dilutedAverageSharesOutstanding": 480.8,
        "dilutedEPS": 0.48,
        "ebit": 300,
        "grossIncome": 557,
        "interestExpense": 20,
        "interestIncomeExpense": -15,
        "netIncome": 231,
        "netIncomeAfterTaxes": 231,
        "period": "2020-01-31",
        "pretaxIncome": 284,
        "provisionforIncomeTaxes": 53,
        "revenue": 899,
        "sgaExpense": 257,
        "totalOperatingExpense": 257,
        "totalOtherIncomeExpenseNet": -1
      },
      {
        "costOfGoodsSold": 370,
        "dilutedAverageSharesOutstanding": 480.5,
        "dilutedEPS": 0.59,
        "ebit": 351,
        "grossIncome": 619,
        "interestExpense": 21,
        "interestIncomeExpense": -19,
        "netIncome": 282,
        "netIncomeAfterTaxes": 282,
        "otherOperatingExpensesTotal": -2,
        "period": "2019-10-31",
        "pretaxIncome": 331,
        "provisionforIncomeTaxes": 49,
        "revenue": 989,
        "sgaExpense": 270,
        "totalOperatingExpense": 268,
        "totalOtherIncomeExpenseNet": -1
      },
      {
        "costOfGoodsSold": 268,
        "dilutedAverageSharesOutstanding": 480.1,
        "dilutedEPS": 0.39,
        "ebit": 247,
        "grossIncome": 498,
        "interestExpense": 21,
        "interestIncomeExpense": -18,
        "netIncome": 186,
        "netIncomeAfterTaxes": 186,
        "otherOperatingExpensesTotal": -5,
        "period": "2019-07-31",
        "pretaxIncome": 228,
        "provisionforIncomeTaxes": 42,
        "revenue": 766,
        "sgaExpense": 256,
        "totalOperatingExpense": 251,
        "totalOtherIncomeExpenseNet": -1
      },
      {
        "costOfGoodsSold": 262,
        "dilutedAverageSharesOutstanding": 480.3,
        "dilutedEPS": 0.33,
        "ebit": 230,
        "grossIncome": 482,
        "interestExpense": 21,
        "interestIncomeExpense": -21,
        "netIncome": 159,
        "netIncomeAfterTaxes": 134,
        "otherOperatingExpensesTotal": -4,
        "period": "2019-04-30",
        "pretaxIncome": 206,
        "provisionforIncomeTaxes": 72,
        "revenue": 744,
        "sgaExpense": 256,
        "totalOperatingExpense": 252,
        "totalOtherIncomeExpenseNet": -3
      },
      {
        "costOfGoodsSold": 333,
        "dilutedAverageSharesOutstanding": 480.1,
        "dilutedEPS": 0.47,
        "ebit": 326,
        "grossIncome": 571,
        "interestExpense": 23,
        "interestIncomeExpense": -27,
        "netIncome": 227,
        "netIncomeAfterTaxes": 197,
        "otherOperatingExpensesTotal": -7,
        "period": "2019-01-31",
        "pretaxIncome": 284,
        "provisionforIncomeTaxes": 87,
        "revenue": 904,
        "sgaExpense": 252,
        "totalOperatingExpense": 245,
        "totalOtherIncomeExpenseNet": -15
      },
      {
        "costOfGoodsSold": 320,
        "dilutedAverageSharesOutstanding": 483.6,
        "dilutedEPS": 0.51,
        "ebit": 336,
        "grossIncome": 590,
        "interestExpense": 22,
        "interestIncomeExpense": -24,
        "netIncome": 249,
        "netIncomeAfterTaxes": 218,
        "otherOperatingExpensesTotal": -9,
        "period": "2018-10-31",
        "pretaxIncome": 310,
        "provisionforIncomeTaxes": 92,
        "revenue": 910,
        "sgaExpense": 263,
        "totalOperatingExpense": 254,
        "totalOtherIncomeExpenseNet": -2
      },
      {
        "costOfGoodsSold": 243,
        "dilutedAverageSharesOutstanding": 483,
        "dilutedEPS": 0.41,
        "ebit": 261,
        "grossIncome": 523,
        "interestExpense": 22,
        "interestIncomeExpense": -17,
        "netIncome": 200,
        "netIncomeAfterTaxes": 167,
        "otherOperatingExpensesTotal": -4,
        "period": "2018-07-31",
        "pretaxIncome": 242,
        "provisionforIncomeTaxes": 75,
        "revenue": 766,
        "sgaExpense": 266,
        "totalOperatingExpense": 262,
        "totalOtherIncomeExpenseNet": -2
      },
      {
        "costOfGoodsSold": 221,
        "dilutedAverageSharesOutstanding": 486.5,
        "dilutedEPS": 0.23,
        "ebit": 171,
        "grossIncome": 512,
        "interestExpense": 19,
        "interestIncomeExpense": -34,
        "netIncome": 110,
        "netIncomeAfterTaxes": 110,
        "otherOperatingExpensesTotal": -18,
        "period": "2018-04-30",
        "pretaxIncome": 128,
        "provisionforIncomeTaxes": 18,
        "revenue": 733,
        "sgaExpense": 359,
        "totalOperatingExpense": 341,
        "totalOtherIncomeExpenseNet": -9
      },
      {
        "costOfGoodsSold": 291,
        "dilutedAverageSharesOutstanding": 484.2,
        "dilutedEPS": 0.39,
        "ebit": 301,
        "grossIncome": 587,
        "interestExpense": 17,
        "interestIncomeExpense": -12,
        "netIncome": 190,
        "netIncomeAfterTaxes": 213,
        "otherOperatingExpensesTotal": -1,
        "period": "2018-01-31",
        "pretaxIncome": 289,
        "provisionforIncomeTaxes": 76,
        "revenue": 878,
        "sgaExpense": 287,
        "totalOperatingExpense": 286
      },
      {
        "costOfGoodsSold": 304,
        "dilutedAverageSharesOutstanding": 483.3,
        "dilutedEPS": 0.49,
        "ebit": 353,
        "grossIncome": 610,
        "interestExpense": 16,
        "interestIncomeExpense": -19,
        "netIncome": 239,
        "netIncomeAfterTaxes": 239,
        "otherOperatingExpensesTotal": -14,
        "period": "2017-10-31",
        "pretaxIncome": 331,
        "provisionforIncomeTaxes": 92,
        "revenue": 914,
        "sgaExpense": 271,
        "totalOperatingExpense": 257,
        "totalOtherIncomeExpenseNet": -3
      },
      {
        "costOfGoodsSold": 230,
        "dilutedAverageSharesOutstanding": 483,
        "dilutedEPS": 0.37,
        "ebit": 235,
        "grossIncome": 493,
        "interestExpense": 16,
        "interestIncomeExpense": -6,
        "netIncome": 178,
        "netIncomeAfterTaxes": 178,
        "otherOperatingExpensesTotal": 8,
        "period": "2017-07-31",
        "pretaxIncome": 229,
        "provisionforIncomeTaxes": 51,
        "revenue": 723,
        "sgaExpense": 250,
        "totalOperatingExpense": 258
      },
      {
        "costOfGoodsSold": 215,
        "dilutedAverageSharesOutstanding": 483.4,
        "dilutedEPS": 0.3,
        "ebit": 240,
        "grossIncome": 480,
        "interestExpense": 15,
        "interestIncomeExpense": -22,
        "netIncome": 145,
        "netIncomeAfterTaxes": 145,
        "otherOperatingExpensesTotal": -10,
        "period": "2017-04-30",
        "pretaxIncome": 197,
        "provisionforIncomeTaxes": 52,
        "revenue": 695,
        "sgaExpense": 250,
        "totalOperatingExpense": 240,
        "totalOtherIncomeExpenseNet": -21
      },
      {
        "costOfGoodsSold": 272,
        "dilutedAverageSharesOutstanding": 484,
        "dilutedEPS": 0.38,
        "ebit": 268,
        "grossIncome": 536,
        "interestExpense": 16,
        "interestIncomeExpense": -10,
        "netIncome": 182,
        "netIncomeAfterTaxes": 182,
        "otherOperatingExpensesTotal": 4,
        "period": "2017-01-31",
        "pretaxIncome": 258,
        "provisionforIncomeTaxes": 76,
        "revenue": 808,
        "sgaExpense": 264,
        "totalOperatingExpense": 268
      },
      {
        "costOfGoodsSold": 278,
        "dilutedAverageSharesOutstanding": 489.8,
        "dilutedEPS": 0.4,
        "ebit": 288,
        "grossIncome": 552,
        "interestExpense": 16,
        "interestIncomeExpense": -12,
        "netIncome": 197,
        "netIncomeAfterTaxes": 197,
        "otherOperatingExpensesTotal": -6,
        "period": "2016-10-31",
        "pretaxIncome": 276,
        "provisionforIncomeTaxes": 79,
        "revenue": 830,
        "sgaExpense": 270,
        "totalOperatingExpense": 264
      },
      {
        "costOfGoodsSold": 208,
        "dilutedAverageSharesOutstanding": 495,
        "dilutedEPS": 0.29,
        "ebit": 208,
        "grossIncome": 453,
        "interestExpense": 13,
        "interestIncomeExpense": -7,
        "netIncome": 144,
        "netIncomeAfterTaxes": 144,
        "period": "2016-07-31",
        "pretaxIncome": 201,
        "provisionforIncomeTaxes": 57,
        "revenue": 661,
        "sgaExpense": 245,
        "totalOperatingExpense": 245
      },
      {
        "costOfGoodsSold": 216,
        "dilutedAverageSharesOutstanding": 501,
        "dilutedEPS": 1.04,
        "ebit": 234,
        "grossIncome": 513,
        "interestExpense": 12,
        "interestIncomeExpense": -4,
        "netIncome": 522,
        "netIncomeAfterTaxes": 522,
        "nonRecurringItems": 485,
        "otherOperatingExpensesTotal": -2,
        "period": "2016-04-30",
        "pretaxIncome": 715,
        "provisionforIncomeTaxes": 193,
        "revenue": 729,
        "sgaExpense": 281,
        "totalOperatingExpense": 279
      },
      {
        "costOfGoodsSold": 254,
        "dilutedAverageSharesOutstanding": 506,
        "dilutedEPS": 0.38,
        "ebit": 276,
        "grossIncome": 555,
        "interestExpense": 12,
        "interestIncomeExpense": -10,
        "netIncome": 190,
        "netIncomeAfterTaxes": 190,
        "otherOperatingExpensesTotal": 5,
        "period": "2016-01-31",
        "pretaxIncome": 266,
        "provisionforIncomeTaxes": 76,
        "revenue": 809,
        "sgaExpense": 274,
        "totalOperatingExpense": 279
      },
      {
        "costOfGoodsSold": 268,
        "dilutedAverageSharesOutstanding": 513.6,
        "dilutedEPS": 0.39,
        "ebit": 302,
        "grossIncome": 586,
        "interestExpense": 12,
        "interestIncomeExpense": -12,
        "netIncome": 200,
        "netIncomeAfterTaxes": 200,
        "otherOperatingExpensesTotal": -2,
        "period": "2015-10-31",
        "pretaxIncome": 290,
        "provisionforIncomeTaxes": 90,
        "revenue": 854,
        "sgaExpense": 286,
        "totalOperatingExpense": 284
      }
    ],
    "symbol": "BF.B"
  }
}