{
  "symbol": "GE",
  "statement": "ic",
  "frequency": "quarterly",
  "timestamp": "2025-09-19T14:00:52.567575",
  "data": {
    "financials": [
      {
        "costOfGoodsSold": 7004,
        "dilutedAverageSharesOutstanding": 1073.016,
        "dilutedEPS": 1.87,
        "ebit": 1942,
        "grossIncome": 4018,
        "minorityInterest": 7,
        "netIncome": 2028,
        "netIncomeAfterTaxes": 2001,
        "nonRecurringItems": -47,
        "otherOperatingExpensesTotal": 697,
        "period": "2025-06-30",
        "pretaxIncome": 2389,
        "provisionforIncomeTaxes": 388,
        "researchDevelopment": 359,
        "revenue": 11022,
        "sgaExpense": 1020,
        "totalOperatingExpense": 2076,
        "totalOtherIncomeExpenseNet": 494
      },
      {
        "costOfGoodsSold": 6202,
        "dilutedAverageSharesOutstanding": 1078,
        "dilutedEPS": 1.83,
        "ebit": 1796,
        "grossIncome": 3732,
        "interestIncomeExpense": 224,
        "minorityInterest": 5,
        "netIncome": 1978,
        "netIncomeAfterTaxes": 1962,
        "nonRecurringItems": -53,
        "otherOperatingExpensesTotal": 700,
        "period": "2025-03-31",
        "pretaxIncome": 2245,
        "provisionforIncomeTaxes": 283,
        "researchDevelopment": 359,
        "revenue": 9934,
        "sgaExpense": 877,
        "totalOperatingExpense": 1936,
        "totalOtherIncomeExpenseNet": 278
      },
      {
        "costOfGoodsSold": 6986,
        "dilutedAverageSharesOutstanding": 1082,
        "dilutedEPS": 1.76,
        "ebit": 1863,
        "grossIncome": 3825,
        "interestIncomeExpense": 190,
        "minorityInterest": 7,
        "netIncome": 1899,
        "netIncomeAfterTaxes": 1898,
        "nonRecurringItems": -62,
        "otherOperatingExpensesTotal": 420,
        "period": "2024-12-31",
        "pretaxIncome": 2293,
        "provisionforIncomeTaxes": 395,
        "researchDevelopment": 385,
        "revenue": 10811,
        "sgaExpense": 1157,
        "totalOperatingExpense": 1962,
        "totalOtherIncomeExpenseNet": 302
      },
      {
        "costOfGoodsSold": 6451,
        "dilutedAverageSharesOutstanding": 1093,
        "dilutedEPS": 1.69,
        "ebit": 1366,
        "grossIncome": 3391,
        "interestIncomeExpense": 572,
        "minorityInterest": 10,
        "netIncome": 1852,
        "netIncomeAfterTaxes": 1695,
        "nonRecurringItems": -345,
        "otherOperatingExpensesTotal": 714,
        "period": "2024-09-30",
        "pretaxIncome": 1893,
        "provisionforIncomeTaxes": 198,
        "researchDevelopment": 331,
        "revenue": 9842,
        "sgaExpense": 980,
        "totalOperatingExpense": 2025,
        "totalOtherIncomeExpenseNet": 300
      },
      {
        "costOfGoodsSold": 5823,
        "dilutedAverageSharesOutstanding": 1100,
        "dilutedEPS": 1.15,
        "ebit": 1464,
        "grossIncome": 3270,
        "interestIncomeExpense": -160,
        "minorityInterest": -2,
        "netIncome": 1266,
        "netIncomeAfterTaxes": 1322,
        "nonRecurringItems": -149,
        "otherOperatingExpensesTotal": 666,
        "period": "2024-06-30",
        "pretaxIncome": 1447,
        "provisionforIncomeTaxes": 125,
        "researchDevelopment": 300,
        "revenue": 9093,
        "sgaExpense": 840,
        "totalOperatingExpense": 1806,
        "totalOtherIncomeExpenseNet": 292
      },
      {
        "costOfGoodsSold": 6009,
        "dilutedAverageSharesOutstanding": 1103,
        "dilutedEPS": 1.39,
        "ebit": 1109,
        "grossIncome": 2946,
        "interestIncomeExpense": 902,
        "minorityInterest": -27,
        "netIncome": 1539,
        "netIncomeAfterTaxes": 1743,
        "nonRecurringItems": -345,
        "otherOperatingExpensesTotal": 627,
        "period": "2024-03-31",
        "pretaxIncome": 1987,
        "provisionforIncomeTaxes": 244,
        "researchDevelopment": 270,
        "revenue": 8955,
        "sgaExpense": 940,
        "totalOperatingExpense": 1837,
        "totalOtherIncomeExpenseNet": 321
      },
      {
        "costOfGoodsSold": 6516,
        "dilutedAverageSharesOutstanding": 1102,
        "dilutedEPS": 1.44,
        "ebit": 804,
        "grossIncome": 2940,
        "interestIncomeExpense": 865,
        "minorityInterest": 0,
        "netIncome": 1589,
        "netIncomeAfterTaxes": 1175,
        "nonRecurringItems": -335,
        "otherOperatingExpensesTotal": 758,
        "period": "2023-12-31",
        "pretaxIncome": 1676,
        "provisionforIncomeTaxes": 501,
        "researchDevelopment": 296,
        "revenue": 9456,
        "sgaExpense": 1082,
        "totalOperatingExpense": 2136,
        "totalOtherIncomeExpenseNet": 342
      },
      {
        "costOfGoodsSold": 6260,
        "dilutedAverageSharesOutstanding": 1099,
        "dilutedEPS": 0.23,
        "ebit": 1129,
        "grossIncome": 3042,
        "interestIncomeExpense": -899,
        "minorityInterest": 14,
        "netIncome": 261,
        "netIncomeAfterTaxes": 307,
        "nonRecurringItems": -194,
        "otherOperatingExpensesTotal": 710,
        "period": "2023-09-30",
        "pretaxIncome": 333,
        "provisionforIncomeTaxes": 26,
        "researchDevelopment": 247,
        "revenue": 9302,
        "sgaExpense": 956,
        "totalOperatingExpense": 1913,
        "totalOtherIncomeExpenseNet": 297
      },
      {
        "costOfGoodsSold": 5938,
        "dilutedAverageSharesOutstanding": 1089,
        "dilutedEPS": -0.02,
        "ebit": 973,
        "grossIncome": 2816,
        "interestIncomeExpense": 506,
        "minorityInterest": -4,
        "netIncome": -25,
        "netIncomeAfterTaxes": 1256,
        "nonRecurringItems": -263,
        "otherOperatingExpensesTotal": 734,
        "period": "2023-06-30",
        "pretaxIncome": 1509,
        "provisionforIncomeTaxes": 253,
        "researchDevelopment": 239,
        "revenue": 8754,
        "sgaExpense": 870,
        "totalOperatingExpense": 1843,
        "totalOtherIncomeExpenseNet": 293
      },
      {
        "costOfGoodsSold": 5244,
        "dilutedAverageSharesOutstanding": 1093,
        "dilutedEPS": 6.73,
        "ebit": 792,
        "grossIncome": 2593,
        "interestIncomeExpense": 6114,
        "minorityInterest": 27,
        "netIncome": 7363,
        "netIncomeAfterTaxes": 6709,
        "nonRecurringItems": -265,
        "otherOperatingExpensesTotal": 684,
        "period": "2023-03-31",
        "pretaxIncome": 6923,
        "provisionforIncomeTaxes": 214,
        "researchDevelopment": 229,
        "revenue": 7837,
        "sgaExpense": 888,
        "totalOperatingExpense": 1801,
        "totalOtherIncomeExpenseNet": 282
      },
      {
        "costOfGoodsSold": -12543,
        "dilutedAverageSharesOutstanding": 1113,
        "dilutedEPS": 1.88,
        "ebit": 3325,
        "grossIncome": 409,
        "interestIncomeExpense": 2037,
        "minorityInterest": -16,
        "netIncome": 2094,
        "netIncomeAfterTaxes": 3904,
        "nonRecurringItems": -997,
        "otherOperatingExpensesTotal": 798,
        "period": "2022-12-31",
        "pretaxIncome": 3902,
        "provisionforIncomeTaxes": -2,
        "researchDevelopment": -461,
        "revenue": -12134,
        "sgaExpense": -3253,
        "totalOperatingExpense": -2916,
        "totalOtherIncomeExpenseNet": -463
      },
      {
        "costOfGoodsSold": 11829,
        "dilutedAverageSharesOutstanding": 1095,
        "dilutedEPS": 0.08,
        "ebit": -209,
        "grossIncome": 2642,
        "interestExpense": 13,
        "interestIncomeExpense": 24,
        "minorityInterest": -4,
        "netIncome": 91,
        "netIncomeAfterTaxes": -244,
        "nonRecurringItems": -260,
        "otherOperatingExpensesTotal": 505,
        "period": "2022-09-30",
        "pretaxIncome": -231,
        "provisionforIncomeTaxes": 13,
        "researchDevelopment": 426,
        "revenue": 14471,
        "sgaExpense": 1920,
        "totalOperatingExpense": 2851,
        "totalOtherIncomeExpenseNet": 214
      },
      {
        "costOfGoodsSold": 10862,
        "dilutedAverageSharesOutstanding": 1099,
        "dilutedEPS": -0.86,
        "ebit": 369,
        "grossIncome": 3266,
        "interestExpense": 15,
        "interestIncomeExpense": -1414,
        "minorityInterest": -19,
        "netIncome": -949,
        "netIncomeAfterTaxes": -1090,
        "nonRecurringItems": -191,
        "otherOperatingExpensesTotal": 670,
        "period": "2022-06-30",
        "pretaxIncome": -966,
        "provisionforIncomeTaxes": 124,
        "researchDevelopment": 439,
        "revenue": 14128,
        "sgaExpense": 1788,
        "totalOperatingExpense": 2897,
        "totalOtherIncomeExpenseNet": 270
      },
      {
        "costOfGoodsSold": 10118,
        "dilutedAverageSharesOutstanding": 1100,
        "dilutedEPS": -1.08,
        "ebit": -1166,
        "grossIncome": 2556,
        "interestExpense": 16,
        "interestIncomeExpense": -106,
        "minorityInterest": -28,
        "netIncome": -1188,
        "netIncomeAfterTaxes": -1209,
        "nonRecurringItems": -144,
        "otherOperatingExpensesTotal": 619,
        "period": "2022-03-31",
        "pretaxIncome": -1180,
        "provisionforIncomeTaxes": 29,
        "researchDevelopment": 403,
        "revenue": 12674,
        "sgaExpense": 2700,
        "totalOperatingExpense": 3722,
        "totalOtherIncomeExpenseNet": 236
      },
      {
        "costOfGoodsSold": 4145,
        "dilutedAverageSharesOutstanding": 1101,
        "dilutedEPS": -3.38,
        "ebit": -1537,
        "grossIncome": -1570,
        "interestExpense": 16,
        "interestIncomeExpense": -470,
        "minorityInterest": -1,
        "netIncome": -3726,
        "netIncomeAfterTaxes": -5045,
        "nonRecurringItems": -4926,
        "otherOperatingExpensesTotal": 290,
        "period": "2021-12-31",
        "pretaxIncome": -5479,
        "provisionforIncomeTaxes": -434,
        "revenue": 2575,
        "sgaExpense": -323,
        "totalOperatingExpense": -33,
        "totalOtherIncomeExpenseNet": 1454
      },
      {
        "costOfGoodsSold": 13787,
        "dilutedAverageSharesOutstanding": 1105,
        "dilutedEPS": 1.09,
        "ebit": 839,
        "grossIncome": 4782,
        "interestExpense": 16,
        "interestIncomeExpense": 194,
        "minorityInterest": 73,
        "netIncome": 1205,
        "netIncomeAfterTaxes": 582,
        "nonRecurringItems": -317,
        "otherOperatingExpensesTotal": 674,
        "period": "2021-09-30",
        "pretaxIncome": 584,
        "provisionforIncomeTaxes": 2,
        "researchDevelopment": 627,
        "revenue": 18569,
        "sgaExpense": 2642,
        "totalOperatingExpense": 3943,
        "totalOtherIncomeExpenseNet": -132
      },
      {
        "costOfGoodsSold": 13902,
        "dilutedAverageSharesOutstanding": 1097,
        "dilutedEPS": -1.08,
        "ebit": 556,
        "grossIncome": 4351,
        "interestExpense": 16,
        "interestIncomeExpense": 414,
        "minorityInterest": 3,
        "netIncome": -1190,
        "netIncomeAfterTaxes": -571,
        "nonRecurringItems": -1797,
        "otherOperatingExpensesTotal": 516,
        "period": "2021-06-30",
        "pretaxIncome": -1037,
        "provisionforIncomeTaxes": -466,
        "researchDevelopment": 604,
        "revenue": 18253,
        "sgaExpense": 2675,
        "totalOperatingExpense": 3795,
        "totalOtherIncomeExpenseNet": -210
      },
      {
        "costOfGoodsSold": 12921,
        "dilutedAverageSharesOutstanding": 1096,
        "dilutedEPS": -2.62,
        "ebit": 260,
        "grossIncome": 4150,
        "interestExpense": 15,
        "interestIncomeExpense": 411,
        "minorityInterest": -5,
        "netIncome": -2872,
        "netIncomeAfterTaxes": 96,
        "nonRecurringItems": -239,
        "otherOperatingExpensesTotal": 583,
        "period": "2021-03-31",
        "pretaxIncome": 238,
        "provisionforIncomeTaxes": 142,
        "researchDevelopment": 561,
        "revenue": 17071,
        "sgaExpense": 2746,
        "totalOperatingExpense": 3890,
        "totalOtherIncomeExpenseNet": -194
      },
      {
        "costOfGoodsSold": 16765,
        "dilutedAverageSharesOutstanding": 1098,
        "dilutedEPS": 2.2,
        "ebit": -80,
        "grossIncome": 4245,
        "interestIncomeExpense": 3605,
        "minorityInterest": -1,
        "netIncome": 2421,
        "netIncomeAfterTaxes": 2477,
        "nonRecurringItems": -438,
        "otherOperatingExpensesTotal": 618,
        "period": "2020-12-31",
        "pretaxIncome": 2579,
        "provisionforIncomeTaxes": 102,
        "researchDevelopment": 636,
        "revenue": 21010,
        "sgaExpense": 3071,
        "totalOperatingExpense": 4325,
        "totalOtherIncomeExpenseNet": -508
      },
      {
        "costOfGoodsSold": 14197,
        "dilutedAverageSharesOutstanding": 1095,
        "dilutedEPS": -1.09,
        "ebit": 117,
        "grossIncome": 4332,
        "interestExpense": 259,
        "interestIncomeExpense": -919,
        "minorityInterest": 51,
        "netIncome": -1196,
        "netIncomeAfterTaxes": -1137,
        "nonRecurringItems": -334,
        "otherOperatingExpensesTotal": 649,
        "period": "2020-09-30",
        "pretaxIncome": -1620,
        "provisionforIncomeTaxes": -483,
        "researchDevelopment": 595,
        "revenue": 18529,
        "sgaExpense": 2971,
        "totalOperatingExpense": 4215,
        "totalOtherIncomeExpenseNet": -484
      },
      {
        "costOfGoodsSold": 13775,
        "dilutedAverageSharesOutstanding": 1093.75,
        "dilutedEPS": -2.11,
        "ebit": -983,
        "grossIncome": 3030,
        "interestExpense": 278,
        "interestIncomeExpense": 1708,
        "minorityInterest": 145,
        "netIncome": -2314,
        "netIncomeAfterTaxes": -1138,
        "nonRecurringItems": -1466,
        "otherOperatingExpensesTotal": 629,
        "period": "2020-06-30",
        "pretaxIncome": -1298,
        "provisionforIncomeTaxes": -160,
        "researchDevelopment": 611,
        "revenue": 16805,
        "sgaExpense": 2773,
        "totalOperatingExpense": 4013,
        "totalOtherIncomeExpenseNet": -557
      },
      {
        "costOfGoodsSold": 14582,
        "dilutedAverageSharesOutstanding": 1093.625,
        "dilutedEPS": 5.62,
        "ebit": 557,
        "grossIncome": 4908,
        "interestExpense": 290,
        "interestIncomeExpense": -5883,
        "minorityInterest": -36,
        "netIncome": 6156,
        "netIncomeAfterTaxes": 6254,
        "nonRecurringItems": 12162,
        "otherOperatingExpensesTotal": 661,
        "period": "2020-03-31",
        "pretaxIncome": 6308,
        "provisionforIncomeTaxes": 54,
        "researchDevelopment": 723,
        "revenue": 19490,
        "sgaExpense": 2967,
        "totalOperatingExpense": 4351,
        "totalOtherIncomeExpenseNet": -528
      },
      {
        "costOfGoodsSold": 19499,
        "dilutedAverageSharesOutstanding": 1091.625,
        "dilutedEPS": 0.49,
        "ebit": 2507,
        "grossIncome": 6739,
        "interestExpense": 336,
        "interestIncomeExpense": -336,
        "minorityInterest": 9,
        "netIncome": 537,
        "netIncomeAfterTaxes": 844,
        "nonRecurringItems": -502,
        "otherOperatingExpensesTotal": 703,
        "period": "2019-12-31",
        "pretaxIncome": 1571,
        "provisionforIncomeTaxes": 727,
        "revenue": 26238,
        "sgaExpense": 3529,
        "totalOperatingExpense": 4232,
        "totalOtherIncomeExpenseNet": -98
      },
      {
        "costOfGoodsSold": 17818,
        "dilutedAverageSharesOutstanding": 1091.25,
        "dilutedEPS": -8.67,
        "ebit": 1090,
        "grossIncome": 5542,
        "interestExpense": 689,
        "interestIncomeExpense": -689,
        "minorityInterest": 7,
        "netIncome": -9465,
        "netIncomeAfterTaxes": -1290,
        "nonRecurringItems": -1243,
        "otherOperatingExpensesTotal": 1562,
        "period": "2019-09-30",
        "pretaxIncome": -1249,
        "provisionforIncomeTaxes": 41,
        "revenue": 23360,
        "sgaExpense": 2890,
        "totalOperatingExpense": 4452,
        "totalOtherIncomeExpenseNet": -407
      },
      {
        "costOfGoodsSold": 17912,
        "dilutedAverageSharesOutstanding": 1090.5,
        "dilutedEPS": -0.05,
        "ebit": 1573,
        "grossIncome": 5501,
        "interestExpense": 329,
        "interestIncomeExpense": -224,
        "minorityInterest": 1,
        "netIncome": -61,
        "netIncomeAfterTaxes": -115,
        "nonRecurringItems": -1183,
        "otherOperatingExpensesTotal": 803,
        "period": "2019-06-30",
        "pretaxIncome": -296,
        "provisionforIncomeTaxes": -181,
        "revenue": 23413,
        "sgaExpense": 3125,
        "totalOperatingExpense": 3928,
        "totalOtherIncomeExpenseNet": -462
      },
      {
        "costOfGoodsSold": 16808,
        "dilutedAverageSharesOutstanding": 1090.75,
        "dilutedEPS": 3.24,
        "ebit": 1509,
        "grossIncome": 5394,
        "interestExpense": 365,
        "interestIncomeExpense": -189,
        "minorityInterest": -57,
        "netIncome": 3537,
        "netIncomeAfterTaxes": 980,
        "nonRecurringItems": -47,
        "otherOperatingExpensesTotal": 683,
        "period": "2019-03-31",
        "pretaxIncome": 1122,
        "provisionforIncomeTaxes": 142,
        "revenue": 22202,
        "sgaExpense": 3202,
        "totalOperatingExpense": 3885,
        "totalOtherIncomeExpenseNet": -151
      },
      {
        "costOfGoodsSold": 20960,
        "dilutedAverageSharesOutstanding": 1087.125,
        "dilutedEPS": 0.52,
        "ebit": 1267,
        "grossIncome": 5540,
        "interestExpense": 495,
        "interestIncomeExpense": -495,
        "minorityInterest": 0,
        "netIncome": 574,
        "netIncomeAfterTaxes": 809,
        "nonRecurringItems": -763,
        "otherOperatingExpensesTotal": 943,
        "period": "2018-12-31",
        "pretaxIncome": 331,
        "provisionforIncomeTaxes": -478,
        "revenue": 26500,
        "sgaExpense": 3330,
        "totalOperatingExpense": 4273,
        "totalOtherIncomeExpenseNet": 322
      },
      {
        "costOfGoodsSold": 18051,
        "dilutedAverageSharesOutstanding": 1086.75,
        "dilutedEPS": -20.99,
        "ebit": 1774,
        "grossIncome": 5341,
        "interestExpense": 451,
        "interestIncomeExpense": -451,
        "minorityInterest": 97,
        "netIncome": -22812,
        "netIncomeAfterTaxes": -23014,
        "nonRecurringItems": -23801,
        "otherOperatingExpensesTotal": 795,
        "period": "2018-09-30",
        "pretaxIncome": -22962,
        "provisionforIncomeTaxes": 52,
        "revenue": 23392,
        "sgaExpense": 2772,
        "totalOperatingExpense": 3567,
        "totalOtherIncomeExpenseNet": -484
      },
      {
        "costOfGoodsSold": 14259,
        "dilutedAverageSharesOutstanding": 1099.439,
        "dilutedEPS": 0.56,
        "ebit": 1733,
        "grossIncome": 5073,
        "interestExpense": 375,
        "interestIncomeExpense": -375,
        "minorityInterest": 27,
        "netIncome": 618,
        "netIncomeAfterTaxes": 933,
        "nonRecurringItems": -200,
        "otherOperatingExpensesTotal": 715,
        "period": "2018-06-30",
        "pretaxIncome": 1367,
        "provisionforIncomeTaxes": 434,
        "revenue": 19332,
        "sgaExpense": 2625,
        "totalOperatingExpense": 3340,
        "totalOtherIncomeExpenseNet": 209
      },
      {
        "costOfGoodsSold": 21430,
        "dilutedAverageSharesOutstanding": 1085.375,
        "dilutedEPS": -1.09,
        "ebit": 1819,
        "grossIncome": 6358,
        "interestExpense": 463,
        "interestIncomeExpense": -463,
        "minorityInterest": -34,
        "netIncome": -1189,
        "netIncomeAfterTaxes": 403,
        "nonRecurringItems": -600,
        "otherOperatingExpensesTotal": 751,
        "period": "2018-03-31",
        "pretaxIncome": 277,
        "provisionforIncomeTaxes": -126,
        "revenue": 27788,
        "sgaExpense": 3788,
        "totalOperatingExpense": 4539,
        "totalOtherIncomeExpenseNet": -479
      },
      {
        "costOfGoodsSold": 25630,
        "dilutedAverageSharesOutstanding": 1085.125,
        "dilutedEPS": -10.14,
        "ebit": -8874,
        "grossIncome": 5973,
        "interestExpense": 552,
        "interestIncomeExpense": -552,
        "minorityInterest": 47,
        "netIncome": -11010,
        "netIncomeAfterTaxes": -6541,
        "nonRecurringItems": -2403,
        "otherOperatingExpensesTotal": 10758,
        "period": "2017-12-31",
        "pretaxIncome": -12971,
        "provisionforIncomeTaxes": -6430,
        "revenue": 31603,
        "sgaExpense": 4089,
        "totalOperatingExpense": 14847,
        "totalOtherIncomeExpenseNet": -1142
      },
      {
        "costOfGoodsSold": 23661,
        "dilutedAverageSharesOutstanding": 1091.5,
        "dilutedEPS": 1.2,
        "ebit": 2082,
        "grossIncome": 7002,
        "interestExpense": 442,
        "interestIncomeExpense": -442,
        "minorityInterest": 169,
        "netIncome": 1318,
        "netIncomeAfterTaxes": 1297,
        "nonRecurringItems": -2447,
        "otherOperatingExpensesTotal": 879,
        "period": "2017-09-30",
        "pretaxIncome": 746,
        "provisionforIncomeTaxes": -551,
        "revenue": 30663,
        "sgaExpense": 4041,
        "totalOperatingExpense": 4920,
        "totalOtherIncomeExpenseNet": 1553
      },
      {
        "costOfGoodsSold": 21994,
        "dilutedAverageSharesOutstanding": 1083.875,
        "dilutedEPS": 0.8,
        "ebit": 2546,
        "grossIncome": 7103,
        "interestExpense": 403,
        "interestIncomeExpense": -403,
        "minorityInterest": 45,
        "netIncome": 869,
        "netIncomeAfterTaxes": 1165,
        "nonRecurringItems": -785,
        "otherOperatingExpensesTotal": 790,
        "period": "2017-06-30",
        "pretaxIncome": 1127,
        "provisionforIncomeTaxes": -38,
        "revenue": 29097,
        "sgaExpense": 3767,
        "totalOperatingExpense": 4557,
        "totalOtherIncomeExpenseNet": -231
      },
      {
        "costOfGoodsSold": 20342,
        "dilutedAverageSharesOutstanding": 1089.25,
        "dilutedEPS": -0.11,
        "ebit": 1793,
        "grossIncome": 6538,
        "interestExpense": 327,
        "interestIncomeExpense": -327,
        "minorityInterest": 104,
        "netIncome": -123,
        "netIncomeAfterTaxes": 52,
        "nonRecurringItems": -1065,
        "otherOperatingExpensesTotal": 823,
        "period": "2017-03-31",
        "pretaxIncome": -53,
        "provisionforIncomeTaxes": -105,
        "revenue": 26880,
        "sgaExpense": 3922,
        "totalOperatingExpense": 4745,
        "totalOtherIncomeExpenseNet": -454
      },
      {
        "costOfGoodsSold": 24557,
        "dilutedAverageSharesOutstanding": 1114.625,
        "dilutedEPS": 3.12,
        "ebit": 2491,
        "grossIncome": 7911,
        "interestExpense": 218,
        "interestIncomeExpense": -218,
        "minorityInterest": 5,
        "netIncome": 3483,
        "netIncomeAfterTaxes": 3659,
        "otherOperatingExpensesTotal": 876,
        "period": "2016-12-31",
        "pretaxIncome": 2893,
        "provisionforIncomeTaxes": -766,
        "revenue": 32468,
        "sgaExpense": 4544,
        "totalOperatingExpense": 5420,
        "totalOtherIncomeExpenseNet": 620
      },
      {
        "costOfGoodsSold": 21583,
        "dilutedAverageSharesOutstanding": 1127,
        "dilutedEPS": 1.76,
        "ebit": 2190,
        "grossIncome": 7455,
        "interestExpense": 344,
        "interestIncomeExpense": -344,
        "minorityInterest": 74,
        "netIncome": 1991,
        "netIncomeAfterTaxes": 2056,
        "otherOperatingExpensesTotal": 922,
        "period": "2016-09-30",
        "pretaxIncome": 2074,
        "provisionforIncomeTaxes": 18,
        "revenue": 29038,
        "sgaExpense": 4343,
        "totalOperatingExpense": 5265,
        "totalOtherIncomeExpenseNet": 228
      },
      {
        "costOfGoodsSold": 22150,
        "dilutedAverageSharesOutstanding": 1148.375,
        "dilutedEPS": 2.39,
        "ebit": 2633,
        "grossIncome": 8194,
        "interestExpense": 759,
        "interestIncomeExpense": -759,
        "minorityInterest": 89,
        "netIncome": 2753,
        "netIncomeAfterTaxes": 3363,
        "nonRecurringItems": -1200,
        "otherOperatingExpensesTotal": 1078,
        "period": "2016-06-30",
        "pretaxIncome": 3824,
        "provisionforIncomeTaxes": 461,
        "revenue": 30344,
        "sgaExpense": 4483,
        "totalOperatingExpense": 5561,
        "totalOtherIncomeExpenseNet": 3150
      },
      {
        "costOfGoodsSold": 21391,
        "dilutedAverageSharesOutstanding": 1161,
        "dilutedEPS": -0.05,
        "ebit": 1136,
        "grossIncome": 6445,
        "interestExpense": 306,
        "interestIncomeExpense": -306,
        "minorityInterest": 122,
        "netIncome": -64,
        "netIncomeAfterTaxes": 415,
        "nonRecurringItems": -600,
        "otherOperatingExpensesTotal": 901,
        "period": "2016-03-31",
        "pretaxIncome": 238,
        "provisionforIncomeTaxes": -177,
        "revenue": 27836,
        "sgaExpense": 4408,
        "totalOperatingExpense": 5309,
        "totalOtherIncomeExpenseNet": 8
      },
      {
        "costOfGoodsSold": 24536,
        "dilutedAverageSharesOutstanding": 1190.125,
        "dilutedEPS": 5.29,
        "ebit": 1050,
        "grossIncome": 8220,
        "interestExpense": 282,
        "interestIncomeExpense": -282,
        "minorityInterest": -103,
        "netIncome": 6301,
        "netIncomeAfterTaxes": 2645,
        "otherOperatingExpensesTotal": 2397,
        "period": "2015-12-31",
        "pretaxIncome": 1903,
        "provisionforIncomeTaxes": -742,
        "revenue": 32756,
        "sgaExpense": 4773,
        "totalOperatingExpense": 7170,
        "totalOtherIncomeExpenseNet": 1135
      },
      {
        "costOfGoodsSold": 20441,
        "dilutedAverageSharesOutstanding": 1271.625,
        "dilutedEPS": 1.96,
        "ebit": 2192,
        "grossIncome": 7418,
        "interestExpense": 311,
        "interestIncomeExpense": -311,
        "minorityInterest": -39,
        "netIncome": 2502,
        "netIncomeAfterTaxes": 1915,
        "otherOperatingExpensesTotal": 968,
        "period": "2015-09-30",
        "pretaxIncome": 2050,
        "provisionforIncomeTaxes": 135,
        "revenue": 27859,
        "sgaExpense": 4258,
        "totalOperatingExpense": 5226,
        "totalOtherIncomeExpenseNet": 169
      }
    ],
    "symbol": "GE"
  }
}