{
  "symbol": "OMC",
  "statement": "ic",
  "frequency": "annual",
  "timestamp": "2025-09-19T14:05:02.867573",
  "data": {
    "financials": [
      {
        "costOfGoodsSold": 11432.5,
        "depreciationAmortization": 241.7,
        "dilutedAverageSharesOutstanding": 198.6,
        "dilutedEPS": 7.4552,
        "ebit": 2347,
        "equityEarningsAffiliates": 6.9,
        "grossIncome": 4256.6,
        "interestExpense": 194.9,
        "interestIncomeExpense": -94,
        "minorityInterest": -93.4,
        "netIncome": 1480.6,
        "netIncomeAfterTaxes": 1567.1,
        "nonRecurringItems": -72.4,
        "period": "2024-12-31",
        "pretaxIncome": 2127.6,
        "provisionforIncomeTaxes": 560.5,
        "revenue": 15689.1,
        "sgaExpense": 1667.9,
        "totalOperatingExpense": 1909.6,
        "totalOtherIncomeExpenseNet": -53,
        "year": 2024
      },
      {
        "costOfGoodsSold": 10701.2,
        "depreciationAmortization": 211.1,
        "dilutedAverageSharesOutstanding": 201.4,
        "dilutedEPS": 6.9086,
        "ebit": 2231.9,
        "equityEarningsAffiliates": 5.2,
        "grossIncome": 3991,
        "interestExpense": 165.1,
        "interestIncomeExpense": -56.5,
        "minorityInterest": -81.8,
        "netIncome": 1391.4,
        "netIncomeAfterTaxes": 1468,
        "nonRecurringItems": -127.2,
        "period": "2023-12-31",
        "pretaxIncome": 1992.9,
        "provisionforIncomeTaxes": 524.9,
        "revenue": 14692.2,
        "sgaExpense": 1548,
        "totalOperatingExpense": 1759.1,
        "totalOtherIncomeExpenseNet": -55.3,
        "year": 2023
      },
      {
        "costOfGoodsSold": 10325.9,
        "depreciationAmortization": 219.4,
        "dilutedAverageSharesOutstanding": 207,
        "dilutedEPS": 6.3599,
        "ebit": 2196.7,
        "equityEarningsAffiliates": 5.2,
        "grossIncome": 3963.2,
        "interestExpense": 164.7,
        "interestIncomeExpense": -97.5,
        "minorityInterest": -87.3,
        "netIncome": 1316.5,
        "netIncomeAfterTaxes": 1398.6,
        "nonRecurringItems": -113.4,
        "period": "2022-12-31",
        "pretaxIncome": 1945.4,
        "provisionforIncomeTaxes": 546.8,
        "revenue": 14289.1,
        "sgaExpense": 1547.1,
        "totalOperatingExpense": 1766.5,
        "totalOtherIncomeExpenseNet": -40.4,
        "year": 2022
      },
      {
        "costOfGoodsSold": 10402,
        "depreciationAmortization": 212.1,
        "dilutedAverageSharesOutstanding": 215.6,
        "dilutedEPS": 6.52,
        "ebit": 2147.4,
        "equityEarningsAffiliates": 7.5,
        "grossIncome": 3887.4,
        "interestExpense": 140.7,
        "interestIncomeExpense": -103.8,
        "minorityInterest": -99.8,
        "netIncome": 1407.8,
        "netIncomeAfterTaxes": 1467.3,
        "nonRecurringItems": 23.9,
        "period": "2021-12-31",
        "pretaxIncome": 1988.8,
        "provisionforIncomeTaxes": 521.5,
        "revenue": 14289.4,
        "sgaExpense": 1527.9,
        "totalOperatingExpense": 1740,
        "totalOtherIncomeExpenseNet": -78.7,
        "year": 2021
      },
      {
        "costOfGoodsSold": 9680,
        "depreciationAmortization": 223,
        "dilutedAverageSharesOutstanding": 216,
        "dilutedEPS": 4.37,
        "ebit": 1770,
        "equityEarningsAffiliates": -7,
        "grossIncome": 3492,
        "interestExpense": 179.6,
        "interestIncomeExpense": -139,
        "minorityInterest": -75,
        "netIncome": 945,
        "netIncomeAfterTaxes": 1028,
        "nonRecurringItems": -179,
        "period": "2020-12-31",
        "pretaxIncome": 1409,
        "provisionforIncomeTaxes": 382,
        "revenue": 13171,
        "sgaExpense": 1499,
        "totalOperatingExpense": 1721,
        "totalOtherIncomeExpenseNet": -43,
        "year": 2020
      },
      {
        "costOfGoodsSold": 10972,
        "depreciationAmortization": 232,
        "dilutedAverageSharesOutstanding": 221,
        "dilutedEPS": 6.06,
        "ebit": 2122,
        "equityEarningsAffiliates": 2,
        "grossIncome": 3982,
        "interestExpense": 201.1,
        "interestIncomeExpense": -132,
        "minorityInterest": -97,
        "netIncome": 1339,
        "netIncomeAfterTaxes": 1434,
        "nonRecurringItems": 0,
        "period": "2019-12-31",
        "pretaxIncome": 1938,
        "provisionforIncomeTaxes": 504,
        "revenue": 14954,
        "sgaExpense": 1628,
        "totalOperatingExpense": 1859,
        "totalOtherIncomeExpenseNet": -52,
        "year": 2019
      },
      {
        "costOfGoodsSold": 11306,
        "depreciationAmortization": 264,
        "dilutedAverageSharesOutstanding": 228,
        "dilutedEPS": 5.81,
        "ebit": 1956,
        "equityEarningsAffiliates": 9,
        "grossIncome": 3984,
        "interestExpense": 211.2,
        "interestIncomeExpense": -146,
        "minorityInterest": -114,
        "netIncome": 1326,
        "netIncomeAfterTaxes": 1461,
        "nonRecurringItems": 178,
        "period": "2018-12-31",
        "pretaxIncome": 1924,
        "provisionforIncomeTaxes": 464,
        "revenue": 15290,
        "sgaExpense": 1765,
        "totalOperatingExpense": 2029,
        "totalOtherIncomeExpenseNet": -63,
        "year": 2018
      },
      {
        "costOfGoodsSold": 11227,
        "depreciationAmortization": 282,
        "dilutedAverageSharesOutstanding": 234,
        "dilutedEPS": 4.64,
        "ebit": 2084,
        "equityEarningsAffiliates": 4,
        "grossIncome": 4046,
        "interestExpense": 214.1,
        "interestIncomeExpense": -144,
        "minorityInterest": -104,
        "netIncome": 1087,
        "netIncomeAfterTaxes": 1295,
        "nonRecurringItems": 0,
        "period": "2017-12-31",
        "pretaxIncome": 1885,
        "provisionforIncomeTaxes": 590,
        "revenue": 15274,
        "sgaExpense": 1681,
        "totalOperatingExpense": 1963,
        "totalOtherIncomeExpenseNet": -55,
        "year": 2017
      },
      {
        "costOfGoodsSold": 11419,
        "depreciationAmortization": 293,
        "dilutedAverageSharesOutstanding": 239,
        "dilutedEPS": 4.77,
        "ebit": 2031,
        "equityEarningsAffiliates": 5,
        "grossIncome": 3998,
        "interestIncomeExpense": -189,
        "minorityInterest": -98,
        "netIncome": 1142,
        "netIncomeAfterTaxes": 1241,
        "nonRecurringItems": 0,
        "period": "2016-12-31",
        "pretaxIncome": 1842,
        "provisionforIncomeTaxes": 601,
        "revenue": 15417,
        "sgaExpense": 1675,
        "totalOperatingExpense": 1967,
        "year": 2016
      },
      {
        "costOfGoodsSold": 11362,
        "dilutedAverageSharesOutstanding": 245,
        "dilutedEPS": 4.46,
        "ebit": 1920,
        "equityEarningsAffiliates": 8,
        "grossIncome": 3773,
        "interestIncomeExpense": -142,
        "minorityInterest": -110,
        "netIncome": 1094,
        "netIncomeAfterTaxes": 1195,
        "period": "2015-12-31",
        "pretaxIncome": 1779,
        "provisionforIncomeTaxes": 584,
        "revenue": 15134,
        "sgaExpense": 1852,
        "totalOperatingExpense": 1852,
        "year": 2015
      }
    ],
    "symbol": "OMC"
  }
}