{
  "symbol": "HCA",
  "statement": "ic",
  "frequency": "annual",
  "timestamp": "2025-09-19T14:01:22.326426",
  "data": {
    "financials": [
      {
        "costOfGoodsSold": 10755,
        "depreciationAmortization": 3312,
        "dilutedAverageSharesOutstanding": 261.806,
        "dilutedEPS": 22.001,
        "ebit": 10547,
        "gainLossOnDispositionOfAssets": 14,
        "grossIncome": 59848,
        "interestExpense": 2061,
        "interestIncomeExpense": -2038,
        "minorityInterest": -897,
        "netIncome": 5760,
        "netIncomeAfterTaxes": 6657,
        "nonRecurringItems": 0,
        "otherOperatingExpensesTotal": 14819,
        "period": "2024-12-31",
        "pretaxIncome": 8523,
        "provisionforIncomeTaxes": 1866,
        "revenue": 70603,
        "sgaExpense": 31170,
        "totalOperatingExpense": 49301,
        "year": 2024
      },
      {
        "costOfGoodsSold": 9902,
        "depreciationAmortization": 3077,
        "dilutedAverageSharesOutstanding": 276.412,
        "dilutedEPS": 18.9644,
        "ebit": 9627,
        "gainLossOnDispositionOfAssets": -5,
        "grossIncome": 55066,
        "interestExpense": 1938,
        "interestIncomeExpense": -1916,
        "minorityInterest": -849,
        "netIncome": 5242,
        "netIncomeAfterTaxes": 6091,
        "nonRecurringItems": 0,
        "otherOperatingExpensesTotal": 12875,
        "period": "2023-12-31",
        "pretaxIncome": 7706,
        "provisionforIncomeTaxes": 1615,
        "revenue": 64968,
        "sgaExpense": 29487,
        "totalOperatingExpense": 45439,
        "year": 2023
      },
      {
        "costOfGoodsSold": 9371,
        "depreciationAmortization": 2969,
        "dilutedAverageSharesOutstanding": 295,
        "dilutedEPS": 19.12,
        "ebit": 9053,
        "gainLossOnDispositionOfAssets": 1301,
        "grossIncome": 50862,
        "interestExpense": 1741,
        "interestIncomeExpense": -1696,
        "minorityInterest": -1191,
        "netIncome": 5643,
        "netIncomeAfterTaxes": 6834,
        "nonRecurringItems": -78,
        "otherOperatingExpensesTotal": 11155,
        "period": "2022-12-31",
        "pretaxIncome": 8580,
        "provisionforIncomeTaxes": 1746,
        "revenue": 60233,
        "sgaExpense": 27685,
        "totalOperatingExpense": 41809,
        "year": 2022
      },
      {
        "costOfGoodsSold": 9481,
        "depreciationAmortization": 2853,
        "dilutedAverageSharesOutstanding": 329,
        "dilutedEPS": 21.16,
        "ebit": 9678,
        "gainLossOnDispositionOfAssets": 1620,
        "grossIncome": 49271,
        "interestExpense": 1566,
        "interestIncomeExpense": -1453,
        "minorityInterest": -765,
        "netIncome": 6956,
        "netIncomeAfterTaxes": 7721,
        "nonRecurringItems": -12,
        "otherOperatingExpensesTotal": 9961,
        "period": "2021-12-31",
        "pretaxIncome": 9833,
        "provisionforIncomeTaxes": 2112,
        "revenue": 58752,
        "sgaExpense": 26779,
        "totalOperatingExpense": 39593,
        "year": 2021
      },
      {
        "costOfGoodsSold": 8369,
        "depreciationAmortization": 2721,
        "dilutedAverageSharesOutstanding": 344,
        "dilutedEPS": 10.93,
        "ebit": 7262,
        "gainLossOnDispositionOfAssets": -7,
        "grossIncome": 43164,
        "interestExpense": 1584,
        "interestIncomeExpense": -1530,
        "minorityInterest": -633,
        "netIncome": 3754,
        "netIncomeAfterTaxes": 4387,
        "nonRecurringItems": -295,
        "otherOperatingExpensesTotal": 9307,
        "period": "2020-12-31",
        "pretaxIncome": 5430,
        "provisionforIncomeTaxes": 1043,
        "revenue": 51533,
        "sgaExpense": 23874,
        "totalOperatingExpense": 35902,
        "year": 2020
      },
      {
        "costOfGoodsSold": 8481,
        "depreciationAmortization": 2596,
        "dilutedAverageSharesOutstanding": 348,
        "dilutedEPS": 10.07,
        "ebit": 7218,
        "gainLossOnDispositionOfAssets": 18,
        "grossIncome": 42855,
        "interestExpense": 1824,
        "interestIncomeExpense": -1781,
        "minorityInterest": -640,
        "netIncome": 3505,
        "netIncomeAfterTaxes": 4145,
        "nonRecurringItems": -211,
        "otherOperatingExpensesTotal": 8626,
        "period": "2019-12-31",
        "pretaxIncome": 5244,
        "provisionforIncomeTaxes": 1099,
        "revenue": 51336,
        "sgaExpense": 24415,
        "totalOperatingExpense": 35637,
        "year": 2019
      },
      {
        "costOfGoodsSold": 7724,
        "depreciationAmortization": 2278,
        "dilutedAverageSharesOutstanding": 355,
        "dilutedEPS": 10.66,
        "ebit": 6642,
        "gainLossOnDispositionOfAssets": 428,
        "grossIncome": 38953,
        "interestExpense": 1755,
        "interestIncomeExpense": -1726,
        "minorityInterest": -602,
        "netIncome": 3787,
        "netIncomeAfterTaxes": 3838,
        "nonRecurringItems": -9,
        "period": "2018-12-31",
        "pretaxIncome": 5335,
        "provisionforIncomeTaxes": 1497,
        "revenue": 46677,
        "sgaExpense": 30033,
        "totalOperatingExpense": 32311,
        "year": 2018
      },
      {
        "costOfGoodsSold": 7316,
        "depreciationAmortization": 2131,
        "dilutedAverageSharesOutstanding": 372,
        "dilutedEPS": 5.95,
        "ebit": 6057,
        "gainLossOnDispositionOfAssets": 8,
        "grossIncome": 36298,
        "interestExpense": 1690,
        "interestIncomeExpense": -1645,
        "minorityInterest": -527,
        "netIncome": 2216,
        "netIncomeAfterTaxes": 3044,
        "nonRecurringItems": -39,
        "period": "2017-12-31",
        "pretaxIncome": 4381,
        "provisionforIncomeTaxes": 1337,
        "revenue": 43614,
        "sgaExpense": 28110,
        "totalOperatingExpense": 30241,
        "year": 2017
      },
      {
        "costOfGoodsSold": 6933,
        "depreciationAmortization": 1966,
        "dilutedAverageSharesOutstanding": 396,
        "dilutedEPS": 7.3,
        "ebit": 6198,
        "gainLossOnDispositionOfAssets": 23,
        "grossIncome": 34557,
        "interestExpense": 1707,
        "interestIncomeExpense": -1653,
        "minorityInterest": -542,
        "netIncome": 2890,
        "netIncomeAfterTaxes": 3432,
        "nonRecurringItems": 242,
        "otherOperatingExpensesTotal": -12,
        "period": "2016-12-31",
        "pretaxIncome": 4810,
        "provisionforIncomeTaxes": 1378,
        "revenue": 41490,
        "sgaExpense": 26405,
        "totalOperatingExpense": 28359,
        "year": 2016
      },
      {
        "costOfGoodsSold": 6638,
        "depreciationAmortization": 1904,
        "dilutedAverageSharesOutstanding": 427,
        "dilutedEPS": 4.99,
        "ebit": 5965,
        "gainLossOnDispositionOfAssets": -5,
        "grossIncome": 33040,
        "interestExpense": 1665,
        "interestIncomeExpense": -1619,
        "minorityInterest": -567,
        "netIncome": 2129,
        "netIncomeAfterTaxes": 2696,
        "nonRecurringItems": -384,
        "otherOperatingExpensesTotal": -47,
        "period": "2015-12-31",
        "pretaxIncome": 3957,
        "provisionforIncomeTaxes": 1261,
        "revenue": 39678,
        "sgaExpense": 25218,
        "totalOperatingExpense": 27075,
        "year": 2015
      }
    ],
    "symbol": "HCA"
  }
}