{
  "symbol": "FDX",
  "statement": "ic",
  "frequency": "annual",
  "timestamp": "2025-09-19T14:00:26.485735",
  "data": {
    "financials": [
      {
        "costOfGoodsSold": 25543,
        "depreciationAmortization": 4264,
        "dilutedAverageSharesOutstanding": 243,
        "dilutedEPS": 16.8189,
        "ebit": 6082,
        "grossIncome": 62383,
        "interestExpense": 789,
        "interestIncomeExpense": -426,
        "netIncome": 4087,
        "netIncomeAfterTaxes": 4092,
        "nonRecurringItems": -865,
        "otherOperatingExpensesTotal": 12488,
        "period": "2025-05-31",
        "pretaxIncome": 5441,
        "provisionforIncomeTaxes": 1349,
        "revenue": 87926,
        "sgaExpense": 39549,
        "totalOperatingExpense": 56301,
        "totalOtherIncomeExpenseNet": 650,
        "year": 2025
      },
      {
        "costOfGoodsSold": 25631,
        "depreciationAmortization": 4287,
        "dilutedAverageSharesOutstanding": 251,
        "dilutedEPS": 17.23,
        "ebit": 6241,
        "grossIncome": 62062,
        "interestExpense": 745,
        "interestIncomeExpense": -375,
        "netIncome": 4325,
        "netIncomeAfterTaxes": 4331,
        "nonRecurringItems": -682,
        "otherOperatingExpensesTotal": 12290,
        "period": "2024-05-31",
        "pretaxIncome": 5836,
        "provisionforIncomeTaxes": 1505,
        "revenue": 87693,
        "sgaExpense": 39244,
        "totalOperatingExpense": 55821,
        "totalOtherIncomeExpenseNet": 652,
        "year": 2024
      },
      {
        "costOfGoodsSold": 27699,
        "depreciationAmortization": 4176,
        "dilutedAverageSharesOutstanding": 256,
        "dilutedEPS": 15.49,
        "ebit": 5373,
        "grossIncome": 62456,
        "interestExpense": 694,
        "interestIncomeExpense": -496,
        "netIncome": 3966,
        "netIncomeAfterTaxes": 3972,
        "nonRecurringItems": -461,
        "otherOperatingExpensesTotal": 13358,
        "period": "2023-05-31",
        "pretaxIncome": 5363,
        "provisionforIncomeTaxes": 1391,
        "revenue": 90155,
        "sgaExpense": 39549,
        "totalOperatingExpense": 57083,
        "totalOtherIncomeExpenseNet": 947,
        "year": 2023
      },
      {
        "costOfGoodsSold": 29233,
        "depreciationAmortization": 3970,
        "dilutedAverageSharesOutstanding": 266,
        "dilutedEPS": 14.36,
        "ebit": 6523,
        "grossIncome": 64279,
        "interestExpense": 689,
        "interestIncomeExpense": -636,
        "netIncome": 3819,
        "netIncomeAfterTaxes": 3826,
        "nonRecurringItems": -278,
        "otherOperatingExpensesTotal": 13174,
        "period": "2022-05-31",
        "pretaxIncome": 4896,
        "provisionforIncomeTaxes": 1070,
        "revenue": 93512,
        "sgaExpense": 40612,
        "totalOperatingExpense": 57756,
        "totalOtherIncomeExpenseNet": -713,
        "year": 2022
      },
      {
        "costOfGoodsSold": 24556,
        "depreciationAmortization": 3793,
        "dilutedAverageSharesOutstanding": 268,
        "dilutedEPS": 19.47,
        "ebit": 5973,
        "grossIncome": 59403,
        "interestExpense": 793,
        "interestIncomeExpense": -741,
        "netIncome": 5220,
        "netIncomeAfterTaxes": 4952,
        "nonRecurringItems": -509,
        "otherOperatingExpensesTotal": 11553,
        "period": "2021-05-31",
        "pretaxIncome": 6674,
        "provisionforIncomeTaxes": 1722,
        "revenue": 83959,
        "sgaExpense": 38084,
        "totalOperatingExpense": 53430,
        "totalOtherIncomeExpenseNet": 1951,
        "year": 2021
      },
      {
        "costOfGoodsSold": 20622,
        "depreciationAmortization": 3615,
        "dilutedAverageSharesOutstanding": 262,
        "dilutedEPS": 4.9,
        "ebit": 2852,
        "grossIncome": 48595,
        "interestExpense": 672,
        "interestIncomeExpense": -617,
        "netIncome": 1284,
        "netIncomeAfterTaxes": 1286,
        "nonRecurringItems": -435,
        "otherOperatingExpensesTotal": 10065,
        "period": "2020-05-31",
        "pretaxIncome": 1669,
        "provisionforIncomeTaxes": 383,
        "revenue": 69217,
        "sgaExpense": 32063,
        "totalOperatingExpense": 45743,
        "totalOtherIncomeExpenseNet": -131,
        "year": 2020
      },
      {
        "costOfGoodsSold": 20543,
        "depreciationAmortization": 3353,
        "dilutedAverageSharesOutstanding": 265,
        "dilutedEPS": 2.03,
        "ebit": 4786,
        "grossIncome": 49150,
        "interestExpense": 588,
        "interestIncomeExpense": -529,
        "netIncome": 539,
        "netIncomeAfterTaxes": 465,
        "nonRecurringItems": -320,
        "otherOperatingExpensesTotal": 9573,
        "period": "2019-05-31",
        "pretaxIncome": 655,
        "provisionforIncomeTaxes": 190,
        "revenue": 69693,
        "sgaExpense": 31438,
        "totalOperatingExpense": 44364,
        "totalOtherIncomeExpenseNet": -3282,
        "year": 2019
      },
      {
        "costOfGoodsSold": 18475,
        "depreciationAmortization": 3095,
        "dilutedAverageSharesOutstanding": 272,
        "dilutedEPS": 16.78,
        "ebit": 4652,
        "grossIncome": 46975,
        "interestExpense": 558,
        "interestIncomeExpense": -510,
        "netIncome": 4566,
        "netIncomeAfterTaxes": 2953,
        "nonRecurringItems": -380,
        "otherOperatingExpensesTotal": 9008,
        "period": "2018-05-31",
        "pretaxIncome": 4353,
        "provisionforIncomeTaxes": 1400,
        "revenue": 65450,
        "sgaExpense": 30220,
        "totalOperatingExpense": 42323,
        "totalOtherIncomeExpenseNet": 591,
        "year": 2018
      },
      {
        "costOfGoodsSold": 16403,
        "depreciationAmortization": 2995,
        "dilutedAverageSharesOutstanding": 270,
        "dilutedEPS": 11.09,
        "ebit": 4566,
        "grossIncome": 43916,
        "interestExpense": 512,
        "interestIncomeExpense": -479,
        "netIncome": 2993,
        "netIncomeAfterTaxes": 2997,
        "nonRecurringItems": 0,
        "otherOperatingExpensesTotal": 8294,
        "period": "2017-05-31",
        "pretaxIncome": 4579,
        "provisionforIncomeTaxes": 1582,
        "revenue": 60319,
        "sgaExpense": 28061,
        "totalOperatingExpense": 39350,
        "totalOtherIncomeExpenseNet": 492,
        "year": 2017
      },
      {
        "costOfGoodsSold": 12365,
        "depreciationAmortization": 2631,
        "dilutedAverageSharesOutstanding": 279,
        "dilutedEPS": 6.52,
        "ebit": 3077,
        "grossIncome": 38000,
        "interestExpense": 336,
        "interestIncomeExpense": -315,
        "netIncome": 1818,
        "netIncomeAfterTaxes": 1820,
        "nonRecurringItems": 0,
        "otherOperatingExpensesTotal": 8332,
        "period": "2016-05-31",
        "pretaxIncome": 2740,
        "provisionforIncomeTaxes": 920,
        "revenue": 50365,
        "sgaExpense": 23960,
        "totalOperatingExpense": 34923,
        "totalOtherIncomeExpenseNet": -22,
        "year": 2016
      }
    ],
    "symbol": "FDX"
  }
}