{
  "symbol": "NSC",
  "statement": "ic",
  "frequency": "annual",
  "timestamp": "2025-09-19T14:04:43.725116",
  "data": {
    "financials": [
      {
        "costOfGoodsSold": 5798,
        "depreciationAmortization": 1353,
        "dilutedAverageSharesOutstanding": 226.4,
        "dilutedEPS": 11.568,
        "ebit": 4579,
        "grossIncome": 6325,
        "interestExpense": 807,
        "interestIncomeExpense": -790,
        "netIncome": 2619,
        "netIncomeAfterTaxes": 2622,
        "nonRecurringItems": -508,
        "period": "2024-12-31",
        "pretaxIncome": 3329,
        "provisionforIncomeTaxes": 707,
        "revenue": 12123,
        "sgaExpense": 393,
        "totalOperatingExpense": 1746,
        "totalOtherIncomeExpenseNet": 48,
        "year": 2024
      },
      {
        "costOfGoodsSold": 6504,
        "depreciationAmortization": 1298,
        "dilutedAverageSharesOutstanding": 227.4,
        "dilutedEPS": 8.0211,
        "ebit": 3967,
        "grossIncome": 5652,
        "interestExpense": 722,
        "interestIncomeExpense": -657,
        "netIncome": 1824,
        "netIncomeAfterTaxes": 1827,
        "nonRecurringItems": -1116,
        "period": "2023-12-31",
        "pretaxIncome": 2320,
        "provisionforIncomeTaxes": 493,
        "revenue": 12156,
        "sgaExpense": 387,
        "totalOperatingExpense": 1685,
        "totalOtherIncomeExpenseNet": 126,
        "year": 2023
      },
      {
        "costOfGoodsSold": 6358,
        "depreciationAmortization": 1221,
        "dilutedAverageSharesOutstanding": 236,
        "dilutedEPS": 13.84,
        "ebit": 4809,
        "grossIncome": 6387,
        "interestExpense": 692,
        "interestIncomeExpense": -769,
        "netIncome": 3268,
        "netIncomeAfterTaxes": 3270,
        "period": "2022-12-31",
        "pretaxIncome": 4130,
        "provisionforIncomeTaxes": 860,
        "revenue": 12745,
        "sgaExpense": 357,
        "totalOperatingExpense": 1578,
        "totalOtherIncomeExpenseNet": 90,
        "year": 2022
      },
      {
        "costOfGoodsSold": 5197,
        "depreciationAmortization": 1181,
        "dilutedAverageSharesOutstanding": 248,
        "dilutedEPS": 12.11,
        "ebit": 4447,
        "grossIncome": 5945,
        "interestExpense": 646,
        "interestIncomeExpense": -629,
        "netIncome": 3003,
        "netIncomeAfterTaxes": 3005,
        "nonRecurringItems": 0,
        "period": "2021-12-31",
        "pretaxIncome": 3878,
        "provisionforIncomeTaxes": 873,
        "revenue": 11142,
        "sgaExpense": 317,
        "totalOperatingExpense": 1498,
        "totalOtherIncomeExpenseNet": 60,
        "year": 2021
      },
      {
        "costOfGoodsSold": 4948,
        "depreciationAmortization": 1154,
        "dilutedAverageSharesOutstanding": 257,
        "dilutedEPS": 7.84,
        "ebit": 3387,
        "grossIncome": 4841,
        "interestExpense": 625,
        "interestIncomeExpense": -540,
        "netIncome": 2010,
        "netIncomeAfterTaxes": 2013,
        "nonRecurringItems": -385,
        "period": "2020-12-31",
        "pretaxIncome": 2530,
        "provisionforIncomeTaxes": 517,
        "revenue": 9789,
        "sgaExpense": 300,
        "totalOperatingExpense": 1454,
        "totalOtherIncomeExpenseNet": 68,
        "year": 2020
      },
      {
        "costOfGoodsSold": 5878,
        "depreciationAmortization": 1138,
        "dilutedAverageSharesOutstanding": 266,
        "dilutedEPS": 10.21,
        "ebit": 3989,
        "grossIncome": 5418,
        "interestExpense": 604,
        "interestIncomeExpense": -535,
        "netIncome": 2717,
        "netIncomeAfterTaxes": 2722,
        "period": "2019-12-31",
        "pretaxIncome": 3491,
        "provisionforIncomeTaxes": 769,
        "revenue": 11296,
        "sgaExpense": 291,
        "totalOperatingExpense": 1429,
        "totalOtherIncomeExpenseNet": 37,
        "year": 2019
      },
      {
        "costOfGoodsSold": 6034,
        "depreciationAmortization": 1102,
        "dilutedAverageSharesOutstanding": 280,
        "dilutedEPS": 9.51,
        "ebit": 3959,
        "grossIncome": 5424,
        "interestExpense": 557,
        "interestIncomeExpense": -557,
        "netIncome": 2660,
        "netIncomeAfterTaxes": 2666,
        "period": "2018-12-31",
        "pretaxIncome": 3469,
        "provisionforIncomeTaxes": 803,
        "revenue": 11458,
        "sgaExpense": 363,
        "totalOperatingExpense": 1465,
        "totalOtherIncomeExpenseNet": 67,
        "year": 2018
      },
      {
        "costOfGoodsSold": 5793,
        "depreciationAmortization": 1055,
        "dilutedAverageSharesOutstanding": 290,
        "dilutedEPS": 18.62,
        "ebit": 3522,
        "grossIncome": 4758,
        "interestExpense": 550,
        "interestIncomeExpense": -550,
        "netIncome": 5400,
        "netIncomeAfterTaxes": 2073,
        "period": "2017-12-31",
        "pretaxIncome": 3128,
        "provisionforIncomeTaxes": 1055,
        "revenue": 10551,
        "sgaExpense": 181,
        "totalOperatingExpense": 1236,
        "totalOtherIncomeExpenseNet": 156,
        "year": 2017
      },
      {
        "costOfGoodsSold": 5547,
        "depreciationAmortization": 1026,
        "dilutedAverageSharesOutstanding": 296,
        "dilutedEPS": 5.62,
        "ebit": 3009,
        "grossIncome": 4341,
        "interestExpense": 563,
        "interestIncomeExpense": -563,
        "netIncome": 1663,
        "netIncomeAfterTaxes": 1668,
        "period": "2016-12-31",
        "pretaxIncome": 2582,
        "provisionforIncomeTaxes": 914,
        "revenue": 9888,
        "sgaExpense": 306,
        "totalOperatingExpense": 1332,
        "totalOtherIncomeExpenseNet": 136,
        "year": 2016
      },
      {
        "costOfGoodsSold": 6254,
        "depreciationAmortization": 1059,
        "dilutedAverageSharesOutstanding": 304,
        "dilutedEPS": 5.1,
        "ebit": 2879,
        "gainLossOnDispositionOfAssets": 55,
        "grossIncome": 4257,
        "interestExpense": 545,
        "interestIncomeExpense": -542,
        "netIncome": 1550,
        "netIncomeAfterTaxes": 1556,
        "period": "2015-12-31",
        "pretaxIncome": 2442,
        "provisionforIncomeTaxes": 886,
        "revenue": 10511,
        "sgaExpense": 319,
        "totalOperatingExpense": 1378,
        "totalOtherIncomeExpenseNet": 50,
        "year": 2015
      }
    ],
    "symbol": "NSC"
  }
}