{
  "symbol": "SCHW",
  "statement": "ic",
  "frequency": "quarterly",
  "timestamp": "2025-09-19T13:57:44.793664",
  "data": {
    "financials": [
      {
        "costOfGoodsSold": 965,
        "depreciationAmortization": 343,
        "dilutedAverageSharesOutstanding": 1822,
        "dilutedEPS": 1.0851,
        "ebit": 2803,
        "grossIncome": 5851,
        "netIncome": 1977,
        "netIncomeAfterTaxes": 2126,
        "otherOperatingExpensesTotal": 324,
        "period": "2025-06-30",
        "pretaxIncome": 2803,
        "provisionforIncomeTaxes": 677,
        "revenue": 6816,
        "sgaExpense": 2381,
        "totalOperatingExpense": 3048
      },
      {
        "costOfGoodsSold": 1051,
        "depreciationAmortization": 347,
        "dilutedAverageSharesOutstanding": 1822,
        "dilutedEPS": 1,
        "ebit": 2455,
        "grossIncome": 5599,
        "netIncome": 1796,
        "netIncomeAfterTaxes": 1909,
        "otherOperatingExpensesTotal": 333,
        "period": "2025-03-31",
        "pretaxIncome": 2455,
        "provisionforIncomeTaxes": 546,
        "revenue": 6650,
        "sgaExpense": 2464,
        "totalOperatingExpense": 3144
      },
      {
        "costOfGoodsSold": 1320,
        "depreciationAmortization": 348,
        "dilutedAverageSharesOutstanding": 1831,
        "dilutedEPS": 0.93,
        "ebit": 2351,
        "grossIncome": 5329,
        "netIncome": 1717,
        "netIncomeAfterTaxes": 1840,
        "nonRecurringItems": -46,
        "otherOperatingExpensesTotal": 308,
        "period": "2024-12-31",
        "pretaxIncome": 2305,
        "provisionforIncomeTaxes": 465,
        "revenue": 6649,
        "sgaExpense": 2322,
        "totalOperatingExpense": 2978
      },
      {
        "costOfGoodsSold": 1706,
        "depreciationAmortization": 353,
        "dilutedAverageSharesOutstanding": 1834,
        "dilutedEPS": 0.7,
        "ebit": 1862,
        "grossIncome": 4847,
        "netIncome": 1299,
        "netIncomeAfterTaxes": 1408,
        "nonRecurringItems": -20,
        "otherOperatingExpensesTotal": 347,
        "period": "2024-09-30",
        "pretaxIncome": 1842,
        "provisionforIncomeTaxes": 434,
        "revenue": 6553,
        "sgaExpense": 2285,
        "totalOperatingExpense": 2985
      },
      {
        "costOfGoodsSold": 1659,
        "depreciationAmortization": 357,
        "dilutedAverageSharesOutstanding": 1834,
        "dilutedEPS": 0.68,
        "ebit": 1798,
        "grossIncome": 4690,
        "netIncome": 1211,
        "netIncomeAfterTaxes": 1332,
        "nonRecurringItems": -51,
        "otherOperatingExpensesTotal": 333,
        "period": "2024-06-30",
        "pretaxIncome": 1747,
        "provisionforIncomeTaxes": 415,
        "revenue": 6349,
        "sgaExpense": 2202,
        "totalOperatingExpense": 2892
      },
      {
        "costOfGoodsSold": 1708,
        "depreciationAmortization": 358,
        "dilutedAverageSharesOutstanding": 1831,
        "dilutedEPS": 0.7,
        "ebit": 1834,
        "grossIncome": 4740,
        "netIncome": 1251,
        "netIncomeAfterTaxes": 1362,
        "nonRecurringItems": -36,
        "otherOperatingExpensesTotal": 311,
        "period": "2024-03-31",
        "pretaxIncome": 1798,
        "provisionforIncomeTaxes": 436,
        "revenue": 6448,
        "sgaExpense": 2237,
        "totalOperatingExpense": 2906
      },
      {
        "costOfGoodsSold": 1833,
        "depreciationAmortization": 368,
        "dilutedAverageSharesOutstanding": 1821,
        "dilutedEPS": 0.52,
        "ebit": 1254,
        "grossIncome": 4459,
        "netIncome": 926,
        "netIncomeAfterTaxes": 1045,
        "nonRecurringItems": -60,
        "otherOperatingExpensesTotal": 656,
        "period": "2023-12-31",
        "pretaxIncome": 1194,
        "provisionforIncomeTaxes": 149,
        "revenue": 6292,
        "sgaExpense": 2181,
        "totalOperatingExpense": 3205
      },
      {
        "costOfGoodsSold": 1791,
        "depreciationAmortization": 333,
        "dilutedAverageSharesOutstanding": 1878,
        "dilutedEPS": 0.56,
        "ebit": 1479,
        "grossIncome": 4606,
        "netIncome": 1017,
        "netIncomeAfterTaxes": 1125,
        "nonRecurringItems": -96,
        "otherOperatingExpensesTotal": 287,
        "period": "2023-09-30",
        "pretaxIncome": 1383,
        "provisionforIncomeTaxes": 258,
        "revenue": 6397,
        "sgaExpense": 2507,
        "totalOperatingExpense": 3127
      },
      {
        "costOfGoodsSold": 1814,
        "depreciationAmortization": 325,
        "dilutedAverageSharesOutstanding": 1876,
        "dilutedEPS": 0.64,
        "ebit": 1790,
        "grossIncome": 4656,
        "netIncome": 1173,
        "netIncomeAfterTaxes": 1294,
        "nonRecurringItems": -99,
        "otherOperatingExpensesTotal": 260,
        "period": "2023-06-30",
        "pretaxIncome": 1691,
        "provisionforIncomeTaxes": 397,
        "revenue": 6470,
        "sgaExpense": 2281,
        "totalOperatingExpense": 2866
      },
      {
        "costOfGoodsSold": 1246,
        "depreciationAmortization": 312,
        "dilutedAverageSharesOutstanding": 1893,
        "dilutedEPS": 0.8,
        "ebit": 2205,
        "grossIncome": 5116,
        "netIncome": 1533,
        "netIncomeAfterTaxes": 1603,
        "nonRecurringItems": -95,
        "otherOperatingExpensesTotal": 265,
        "period": "2023-03-31",
        "pretaxIncome": 2110,
        "provisionforIncomeTaxes": 507,
        "revenue": 6362,
        "sgaExpense": 2334,
        "totalOperatingExpense": 2911
      },
      {
        "costOfGoodsSold": 812,
        "depreciationAmortization": 312,
        "dilutedAverageSharesOutstanding": 1922,
        "dilutedEPS": 0.94,
        "ebit": 2697,
        "grossIncome": 5497,
        "netIncome": 1821,
        "netIncomeAfterTaxes": 1968,
        "nonRecurringItems": -99,
        "otherOperatingExpensesTotal": 246,
        "period": "2022-12-31",
        "pretaxIncome": 2598,
        "provisionforIncomeTaxes": 630,
        "revenue": 6309,
        "sgaExpense": 2242,
        "totalOperatingExpense": 2800
      },
      {
        "costOfGoodsSold": 431,
        "depreciationAmortization": 319,
        "dilutedAverageSharesOutstanding": 1955,
        "dilutedEPS": 0.96,
        "ebit": 2776,
        "grossIncome": 5500,
        "netIncome": 1884,
        "netIncomeAfterTaxes": 2020,
        "nonRecurringItems": -99,
        "otherOperatingExpensesTotal": 252,
        "period": "2022-09-30",
        "pretaxIncome": 2677,
        "provisionforIncomeTaxes": 657,
        "revenue": 5931,
        "sgaExpense": 2153,
        "totalOperatingExpense": 2724
      },
      {
        "costOfGoodsSold": 166,
        "depreciationAmortization": 313,
        "dilutedAverageSharesOutstanding": 1983,
        "dilutedEPS": 0.83,
        "ebit": 2366,
        "grossIncome": 5093,
        "netIncome": 1652,
        "netIncomeAfterTaxes": 1793,
        "nonRecurringItems": -92,
        "otherOperatingExpensesTotal": 254,
        "period": "2022-06-30",
        "pretaxIncome": 2274,
        "provisionforIncomeTaxes": 481,
        "revenue": 5259,
        "sgaExpense": 2160,
        "totalOperatingExpense": 2727
      },
      {
        "costOfGoodsSold": 136,
        "depreciationAmortization": 304,
        "dilutedAverageSharesOutstanding": 1984,
        "dilutedEPS": 0.64,
        "ebit": 1930,
        "grossIncome": 4672,
        "netIncome": 1278,
        "netIncomeAfterTaxes": 1402,
        "nonRecurringItems": -91,
        "otherOperatingExpensesTotal": 224,
        "period": "2022-03-31",
        "pretaxIncome": 1839,
        "provisionforIncomeTaxes": 437,
        "revenue": 4808,
        "sgaExpense": 2214,
        "totalOperatingExpense": 2742
      },
      {
        "costOfGoodsSold": 128,
        "depreciationAmortization": 299,
        "dilutedAverageSharesOutstanding": 1982,
        "dilutedEPS": 0.73,
        "ebit": 2121,
        "grossIncome": 4708,
        "netIncome": 1449,
        "netIncomeAfterTaxes": 1580,
        "nonRecurringItems": -98,
        "otherOperatingExpensesTotal": 210,
        "period": "2021-12-31",
        "pretaxIncome": 2023,
        "provisionforIncomeTaxes": 443,
        "revenue": 4836,
        "sgaExpense": 2078,
        "totalOperatingExpense": 2587
      },
      {
        "costOfGoodsSold": 123,
        "depreciationAmortization": 293,
        "dilutedAverageSharesOutstanding": 1977,
        "dilutedEPS": 0.71,
        "ebit": 2111,
        "grossIncome": 4570,
        "netIncome": 1406,
        "netIncomeAfterTaxes": 1526,
        "nonRecurringItems": -100,
        "otherOperatingExpensesTotal": 204,
        "period": "2021-09-30",
        "pretaxIncome": 2011,
        "provisionforIncomeTaxes": 485,
        "revenue": 4693,
        "sgaExpense": 1962,
        "totalOperatingExpense": 2459
      },
      {
        "costOfGoodsSold": 121,
        "depreciationAmortization": 289,
        "dilutedAverageSharesOutstanding": 1975,
        "dilutedEPS": 0.56,
        "ebit": 1860,
        "grossIncome": 4527,
        "netIncome": 1117,
        "netIncomeAfterTaxes": 1265,
        "nonRecurringItems": -141,
        "otherOperatingExpensesTotal": 421,
        "period": "2021-06-30",
        "pretaxIncome": 1719,
        "provisionforIncomeTaxes": 454,
        "revenue": 4648,
        "sgaExpense": 1957,
        "totalOperatingExpense": 2667
      },
      {
        "costOfGoodsSold": 104,
        "depreciationAmortization": 283,
        "dilutedAverageSharesOutstanding": 1971,
        "dilutedEPS": 0.7,
        "ebit": 2075,
        "grossIncome": 4715,
        "netIncome": 1388,
        "netIncomeAfterTaxes": 1484,
        "nonRecurringItems": -115,
        "otherOperatingExpensesTotal": 316,
        "period": "2021-03-31",
        "pretaxIncome": 1960,
        "provisionforIncomeTaxes": 476,
        "revenue": 4819,
        "sgaExpense": 2041,
        "totalOperatingExpense": 2640
      },
      {
        "costOfGoodsSold": 96,
        "depreciationAmortization": 277,
        "dilutedAverageSharesOutstanding": 1858,
        "dilutedEPS": 0.57,
        "ebit": 1476,
        "grossIncome": 4176,
        "netIncome": 1050,
        "netIncomeAfterTaxes": 1135,
        "otherOperatingExpensesTotal": 252,
        "period": "2020-12-31",
        "pretaxIncome": 1476,
        "provisionforIncomeTaxes": 341,
        "revenue": 4272,
        "sgaExpense": 2171,
        "totalOperatingExpense": 2700
      },
      {
        "costOfGoodsSold": 89,
        "depreciationAmortization": 122,
        "dilutedAverageSharesOutstanding": 1294,
        "dilutedEPS": 0.48,
        "ebit": 889,
        "grossIncome": 2448,
        "netIncome": 615,
        "netIncomeAfterTaxes": 698,
        "otherOperatingExpensesTotal": 109,
        "period": "2020-09-30",
        "pretaxIncome": 889,
        "provisionforIncomeTaxes": 191,
        "revenue": 2537,
        "sgaExpense": 1328,
        "totalOperatingExpense": 1559
      },
      {
        "costOfGoodsSold": 97,
        "depreciationAmortization": 109,
        "dilutedAverageSharesOutstanding": 1294,
        "dilutedEPS": 0.48,
        "ebit": 888,
        "grossIncome": 2450,
        "netIncome": 621,
        "netIncomeAfterTaxes": 671,
        "otherOperatingExpensesTotal": 136,
        "period": "2020-06-30",
        "pretaxIncome": 888,
        "provisionforIncomeTaxes": 217,
        "revenue": 2547,
        "sgaExpense": 1317,
        "totalOperatingExpense": 1562
      },
      {
        "costOfGoodsSold": 136,
        "depreciationAmortization": 96,
        "dilutedAverageSharesOutstanding": 1294,
        "dilutedEPS": 0.59,
        "ebit": 1047,
        "grossIncome": 2617,
        "netIncome": 757,
        "netIncomeAfterTaxes": 795,
        "otherOperatingExpensesTotal": 111,
        "period": "2020-03-31",
        "pretaxIncome": 1047,
        "provisionforIncomeTaxes": 252,
        "revenue": 2753,
        "sgaExpense": 1363,
        "totalOperatingExpense": 1570
      },
      {
        "costOfGoodsSold": 168,
        "depreciationAmortization": 94,
        "dilutedAverageSharesOutstanding": 1293,
        "dilutedEPS": 0.62,
        "ebit": 1112,
        "grossIncome": 2606,
        "netIncome": 801,
        "netIncomeAfterTaxes": 852,
        "otherOperatingExpensesTotal": 101,
        "period": "2019-12-31",
        "pretaxIncome": 1112,
        "provisionforIncomeTaxes": 260,
        "revenue": 2774,
        "sgaExpense": 1299,
        "totalOperatingExpense": 1494
      },
      {
        "costOfGoodsSold": 261,
        "depreciationAmortization": 88,
        "dilutedAverageSharesOutstanding": 1308,
        "dilutedEPS": 0.7,
        "ebit": 1236,
        "grossIncome": 2711,
        "netIncome": 913,
        "netIncomeAfterTaxes": 951,
        "otherOperatingExpensesTotal": 84,
        "period": "2019-09-30",
        "pretaxIncome": 1236,
        "provisionforIncomeTaxes": 285,
        "revenue": 2972,
        "sgaExpense": 1303,
        "totalOperatingExpense": 1475
      },
      {
        "costOfGoodsSold": 318,
        "depreciationAmortization": 84,
        "dilutedAverageSharesOutstanding": 1337,
        "dilutedEPS": 0.66,
        "ebit": 1236,
        "grossIncome": 2681,
        "netIncome": 887,
        "netIncomeAfterTaxes": 937,
        "otherOperatingExpensesTotal": 104,
        "period": "2019-06-30",
        "pretaxIncome": 1236,
        "provisionforIncomeTaxes": 299,
        "revenue": 2999,
        "sgaExpense": 1257,
        "totalOperatingExpense": 1445
      },
      {
        "costOfGoodsSold": 317,
        "depreciationAmortization": 83,
        "dilutedAverageSharesOutstanding": 1344,
        "dilutedEPS": 0.69,
        "ebit": 1264,
        "grossIncome": 2723,
        "netIncome": 925,
        "netIncomeAfterTaxes": 964,
        "otherOperatingExpensesTotal": 94,
        "period": "2019-03-31",
        "pretaxIncome": 1264,
        "provisionforIncomeTaxes": 300,
        "revenue": 3040,
        "sgaExpense": 1282,
        "totalOperatingExpense": 1459
      },
      {
        "costOfGoodsSold": 288,
        "depreciationAmortization": 80,
        "dilutedAverageSharesOutstanding": 1355,
        "dilutedEPS": 0.65,
        "ebit": 1210,
        "grossIncome": 2669,
        "netIncome": 885,
        "netIncomeAfterTaxes": 935,
        "otherOperatingExpensesTotal": 112,
        "period": "2018-12-31",
        "pretaxIncome": 1210,
        "provisionforIncomeTaxes": 275,
        "revenue": 2957,
        "sgaExpense": 1267,
        "totalOperatingExpense": 1459
      },
      {
        "costOfGoodsSold": 228,
        "depreciationAmortization": 78,
        "dilutedAverageSharesOutstanding": 1364,
        "dilutedEPS": 0.65,
        "ebit": 1219,
        "grossIncome": 2579,
        "netIncome": 885,
        "netIncomeAfterTaxes": 923,
        "otherOperatingExpensesTotal": 128,
        "period": "2018-09-30",
        "pretaxIncome": 1219,
        "provisionforIncomeTaxes": 296,
        "revenue": 2807,
        "sgaExpense": 1154,
        "totalOperatingExpense": 1360
      },
      {
        "costOfGoodsSold": 183,
        "depreciationAmortization": 75,
        "dilutedAverageSharesOutstanding": 1364,
        "dilutedEPS": 0.6,
        "ebit": 1131,
        "grossIncome": 2486,
        "netIncome": 813,
        "netIncomeAfterTaxes": 866,
        "otherOperatingExpensesTotal": 122,
        "period": "2018-06-30",
        "pretaxIncome": 1131,
        "provisionforIncomeTaxes": 265,
        "revenue": 2669,
        "sgaExpense": 1158,
        "totalOperatingExpense": 1355
      },
      {
        "costOfGoodsSold": 158,
        "depreciationAmortization": 73,
        "dilutedAverageSharesOutstanding": 1362,
        "dilutedEPS": 0.55,
        "ebit": 1002,
        "grossIncome": 2398,
        "netIncome": 746,
        "netIncomeAfterTaxes": 783,
        "otherOperatingExpensesTotal": 140,
        "period": "2018-03-31",
        "pretaxIncome": 1002,
        "provisionforIncomeTaxes": 219,
        "revenue": 2556,
        "sgaExpense": 1183,
        "totalOperatingExpense": 1396
      },
      {
        "costOfGoodsSold": 119,
        "depreciationAmortization": 69,
        "dilutedAverageSharesOutstanding": 1356,
        "dilutedEPS": 0.4,
        "ebit": 953,
        "grossIncome": 2242,
        "netIncome": 550,
        "netIncomeAfterTaxes": 643,
        "otherOperatingExpensesTotal": 122,
        "period": "2017-12-31",
        "pretaxIncome": 953,
        "provisionforIncomeTaxes": 310,
        "revenue": 2361,
        "sgaExpense": 1098,
        "totalOperatingExpense": 1289
      },
      {
        "costOfGoodsSold": 94,
        "depreciationAmortization": 69,
        "dilutedAverageSharesOutstanding": 1353,
        "dilutedEPS": 0.42,
        "ebit": 945,
        "grossIncome": 2165,
        "netIncome": 575,
        "netIncomeAfterTaxes": 618,
        "otherOperatingExpensesTotal": 107,
        "period": "2017-09-30",
        "pretaxIncome": 945,
        "provisionforIncomeTaxes": 327,
        "revenue": 2259,
        "sgaExpense": 1044,
        "totalOperatingExpense": 1220
      },
      {
        "costOfGoodsSold": 74,
        "depreciationAmortization": 66,
        "dilutedAverageSharesOutstanding": 1351,
        "dilutedEPS": 0.39,
        "ebit": 909,
        "grossIncome": 2130,
        "netIncome": 530,
        "netIncomeAfterTaxes": 575,
        "otherOperatingExpensesTotal": 112,
        "period": "2017-06-30",
        "pretaxIncome": 909,
        "provisionforIncomeTaxes": 334,
        "revenue": 2204,
        "sgaExpense": 1043,
        "totalOperatingExpense": 1221
      },
      {
        "costOfGoodsSold": 55,
        "depreciationAmortization": 65,
        "dilutedAverageSharesOutstanding": 1351,
        "dilutedEPS": 0.39,
        "ebit": 843,
        "grossIncome": 2081,
        "netIncome": 525,
        "netIncomeAfterTaxes": 564,
        "otherOperatingExpensesTotal": 106,
        "period": "2017-03-31",
        "pretaxIncome": 843,
        "provisionforIncomeTaxes": 279,
        "revenue": 2136,
        "sgaExpense": 1067,
        "totalOperatingExpense": 1238
      },
      {
        "costOfGoodsSold": 45,
        "depreciationAmortization": 61,
        "dilutedAverageSharesOutstanding": 1340,
        "dilutedEPS": 0.36,
        "ebit": 824,
        "grossIncome": 1972,
        "netIncome": 478,
        "netIncomeAfterTaxes": 522,
        "nonRecurringItems": 0,
        "otherOperatingExpensesTotal": 106,
        "period": "2016-12-31",
        "pretaxIncome": 824,
        "provisionforIncomeTaxes": 302,
        "revenue": 2017,
        "sgaExpense": 981,
        "totalOperatingExpense": 1148
      },
      {
        "costOfGoodsSold": 46,
        "depreciationAmortization": 60,
        "dilutedAverageSharesOutstanding": 1334,
        "dilutedEPS": 0.35,
        "ebit": 794,
        "grossIncome": 1909,
        "netIncome": 470,
        "netIncomeAfterTaxes": 503,
        "otherOperatingExpensesTotal": 94,
        "period": "2016-09-30",
        "pretaxIncome": 794,
        "provisionforIncomeTaxes": 291,
        "revenue": 1955,
        "sgaExpense": 961,
        "totalOperatingExpense": 1115
      },
      {
        "costOfGoodsSold": 42,
        "depreciationAmortization": 57,
        "dilutedAverageSharesOutstanding": 1333,
        "dilutedEPS": 0.3,
        "ebit": 720,
        "grossIncome": 1826,
        "netIncome": 406,
        "netIncomeAfterTaxes": 452,
        "otherOperatingExpensesTotal": 89,
        "period": "2016-06-30",
        "pretaxIncome": 720,
        "provisionforIncomeTaxes": 268,
        "revenue": 1868,
        "sgaExpense": 960,
        "totalOperatingExpense": 1106
      },
      {
        "costOfGoodsSold": 38,
        "depreciationAmortization": 56,
        "dilutedAverageSharesOutstanding": 1330,
        "dilutedEPS": 0.29,
        "ebit": 655,
        "grossIncome": 1766,
        "netIncome": 392,
        "netIncomeAfterTaxes": 412,
        "otherOperatingExpensesTotal": 85,
        "period": "2016-03-31",
        "pretaxIncome": 655,
        "provisionforIncomeTaxes": 243,
        "revenue": 1804,
        "sgaExpense": 970,
        "totalOperatingExpense": 1111
      },
      {
        "costOfGoodsSold": 36,
        "depreciationAmortization": 58,
        "dilutedAverageSharesOutstanding": 1330,
        "dilutedEPS": 0.28,
        "ebit": 645,
        "grossIncome": 1691,
        "netIncome": 378,
        "netIncomeAfterTaxes": 416,
        "nonRecurringItems": 0,
        "otherOperatingExpensesTotal": 86,
        "period": "2015-12-31",
        "pretaxIncome": 645,
        "provisionforIncomeTaxes": 229,
        "revenue": 1727,
        "sgaExpense": 902,
        "totalOperatingExpense": 1046
      },
      {
        "costOfGoodsSold": 34,
        "depreciationAmortization": 57,
        "dilutedAverageSharesOutstanding": 1328,
        "dilutedEPS": 0.27,
        "ebit": 583,
        "grossIncome": 1592,
        "netIncome": 365,
        "netIncomeAfterTaxes": 376,
        "nonRecurringItems": 0,
        "otherOperatingExpensesTotal": 82,
        "period": "2015-09-30",
        "pretaxIncome": 583,
        "provisionforIncomeTaxes": 207,
        "revenue": 1626,
        "sgaExpense": 870,
        "totalOperatingExpense": 1009
      }
    ],
    "symbol": "SCHW"
  }
}