{
  "symbol": "TRV",
  "statement": "ic",
  "frequency": "quarterly",
  "timestamp": "2025-09-19T14:07:43.597423",
  "data": {
    "financials": [
      {
        "benefitsClaimsLossAdjustment": 6789,
        "deferredPolicyAcquisitionExpense": 1802,
        "dilutedAverageSharesOutstanding": 229.3,
        "dilutedEPS": 6.5329,
        "ebit": 1980,
        "grossPremiumsEarned": 11168,
        "interestExpense": 99,
        "interestIncomeExpense": -99,
        "netIncome": 1498,
        "netIncomeAfterTaxes": 1509,
        "nonRecurringItems": 0,
        "period": "2025-06-30",
        "pretaxIncome": 1881,
        "provisionforIncomeTaxes": 372,
        "revenue": 12116,
        "sgaExpense": 1545,
        "totalOperatingExpense": 10136
      },
      {
        "benefitsClaimsLossAdjustment": 8006,
        "deferredPolicyAcquisitionExpense": 1778,
        "dilutedAverageSharesOutstanding": 230.4,
        "dilutedEPS": 1.7014,
        "ebit": 569,
        "grossPremiumsEarned": 10941,
        "interestExpense": 99,
        "interestIncomeExpense": -99,
        "netIncome": 392,
        "netIncomeAfterTaxes": 395,
        "nonRecurringItems": -2,
        "period": "2025-03-31",
        "pretaxIncome": 468,
        "provisionforIncomeTaxes": 73,
        "revenue": 11811,
        "sgaExpense": 1459,
        "totalOperatingExpense": 11243
      },
      {
        "benefitsClaimsLossAdjustment": 6034,
        "deferredPolicyAcquisitionExpense": 1807,
        "dilutedAverageSharesOutstanding": 230.5,
        "dilutedEPS": 8.9631,
        "ebit": 2694,
        "gainLossOnDispositionOfAssets": -5,
        "grossPremiumsEarned": 11108,
        "interestExpense": 98,
        "interestIncomeExpense": -98,
        "netIncome": 2066,
        "netIncomeAfterTaxes": 2082,
        "nonRecurringItems": 3,
        "period": "2024-12-31",
        "pretaxIncome": 2594,
        "provisionforIncomeTaxes": 512,
        "revenue": 12008,
        "sgaExpense": 1475,
        "totalOperatingExpense": 9316
      },
      {
        "benefitsClaimsLossAdjustment": 6996,
        "deferredPolicyAcquisitionExpense": 1790,
        "dilutedAverageSharesOutstanding": 230.6,
        "dilutedEPS": 5.4206,
        "ebit": 1663,
        "grossPremiumsEarned": 10945,
        "interestExpense": 98,
        "interestIncomeExpense": -98,
        "netIncome": 1250,
        "netIncomeAfterTaxes": 1260,
        "nonRecurringItems": -5,
        "period": "2024-09-30",
        "pretaxIncome": 1560,
        "provisionforIncomeTaxes": 300,
        "revenue": 11909,
        "sgaExpense": 1460,
        "totalOperatingExpense": 10246
      },
      {
        "benefitsClaimsLossAdjustment": 7373,
        "deferredPolicyAcquisitionExpense": 1678,
        "dilutedAverageSharesOutstanding": 231.5,
        "dilutedEPS": 2.2851,
        "ebit": 754,
        "grossPremiumsEarned": 10463,
        "interestExpense": 98,
        "interestIncomeExpense": -98,
        "netIncome": 529,
        "netIncomeAfterTaxes": 534,
        "period": "2024-06-30",
        "pretaxIncome": 656,
        "provisionforIncomeTaxes": 122,
        "revenue": 11283,
        "sgaExpense": 1478,
        "totalOperatingExpense": 10529
      },
      {
        "benefitsClaimsLossAdjustment": 6656,
        "deferredPolicyAcquisitionExpense": 1698,
        "dilutedAverageSharesOutstanding": 232,
        "dilutedEPS": 4.806,
        "ebit": 1471,
        "grossPremiumsEarned": 10347,
        "interestExpense": 98,
        "interestIncomeExpense": -98,
        "netIncome": 1115,
        "netIncomeAfterTaxes": 1123,
        "nonRecurringItems": -3,
        "period": "2024-03-31",
        "pretaxIncome": 1370,
        "provisionforIncomeTaxes": 247,
        "revenue": 11231,
        "sgaExpense": 1406,
        "totalOperatingExpense": 9760
      },
      {
        "benefitsClaimsLossAdjustment": 5880,
        "deferredPolicyAcquisitionExpense": 1641,
        "dilutedAverageSharesOutstanding": 231.3,
        "dilutedEPS": 6.978,
        "ebit": 2127,
        "gainLossOnDispositionOfAssets": -9,
        "grossPremiumsEarned": 10160,
        "interestExpense": 98,
        "interestIncomeExpense": -98,
        "netIncome": 1614,
        "netIncomeAfterTaxes": 1626,
        "nonRecurringItems": -1,
        "period": "2023-12-31",
        "pretaxIncome": 2019,
        "provisionforIncomeTaxes": 393,
        "revenue": 10927,
        "sgaExpense": 1289,
        "totalOperatingExpense": 8810
      },
      {
        "benefitsClaimsLossAdjustment": 7149,
        "deferredPolicyAcquisitionExpense": 1604,
        "dilutedAverageSharesOutstanding": 231.1,
        "dilutedEPS": 1.7352,
        "ebit": 571,
        "gainLossOnDispositionOfAssets": 0,
        "grossPremiumsEarned": 9931,
        "interestExpense": 98,
        "interestIncomeExpense": -98,
        "netIncome": 401,
        "netIncomeAfterTaxes": 404,
        "nonRecurringItems": -1,
        "period": "2023-09-30",
        "pretaxIncome": 472,
        "provisionforIncomeTaxes": 68,
        "revenue": 10636,
        "sgaExpense": 1312,
        "totalOperatingExpense": 10065
      },
      {
        "benefitsClaimsLossAdjustment": 7227,
        "deferredPolicyAcquisitionExpense": 1519,
        "dilutedAverageSharesOutstanding": 229.7,
        "dilutedEPS": -0.0653,
        "ebit": 44,
        "grossPremiumsEarned": 9421,
        "interestExpense": 92,
        "interestIncomeExpense": -92,
        "netIncome": -15,
        "netIncomeAfterTaxes": -14,
        "nonRecurringItems": 0,
        "period": "2023-06-30",
        "pretaxIncome": -48,
        "provisionforIncomeTaxes": -34,
        "revenue": 10098,
        "sgaExpense": 1308,
        "totalOperatingExpense": 10054
      },
      {
        "benefitsClaimsLossAdjustment": 5959,
        "deferredPolicyAcquisitionExpense": 1462,
        "dilutedAverageSharesOutstanding": 234.4,
        "dilutedEPS": 4.1297,
        "ebit": 1017,
        "grossPremiumsEarned": 9035,
        "interestExpense": 88,
        "interestIncomeExpense": -88,
        "netIncome": 968,
        "netIncomeAfterTaxes": 975,
        "nonRecurringItems": -1,
        "period": "2023-03-31",
        "pretaxIncome": 928,
        "provisionforIncomeTaxes": -47,
        "revenue": 9705,
        "sgaExpense": 1267,
        "totalOperatingExpense": 8688
      },
      {
        "benefitsClaimsLossAdjustment": 5924,
        "deferredPolicyAcquisitionExpense": 1434,
        "dilutedAverageSharesOutstanding": 236.1,
        "dilutedEPS": 3.4477,
        "ebit": 1078,
        "gainLossOnDispositionOfAssets": -3,
        "grossPremiumsEarned": 9004,
        "interestExpense": 88,
        "interestIncomeExpense": -88,
        "netIncome": 814,
        "netIncomeAfterTaxes": 819,
        "nonRecurringItems": 0,
        "period": "2022-12-31",
        "pretaxIncome": 987,
        "provisionforIncomeTaxes": 168,
        "revenue": 9639,
        "sgaExpense": 1203,
        "totalOperatingExpense": 8561
      },
      {
        "benefitsClaimsLossAdjustment": 6088,
        "deferredPolicyAcquisitionExpense": 1406,
        "dilutedAverageSharesOutstanding": 237.9,
        "dilutedEPS": 1.8916,
        "ebit": 630,
        "gainLossOnDispositionOfAssets": -9,
        "grossPremiumsEarned": 8803,
        "interestExpense": 88,
        "interestIncomeExpense": -88,
        "netIncome": 450,
        "netIncomeAfterTaxes": 454,
        "nonRecurringItems": -5,
        "period": "2022-09-30",
        "pretaxIncome": 528,
        "provisionforIncomeTaxes": 74,
        "revenue": 9317,
        "sgaExpense": 1193,
        "totalOperatingExpense": 8687
      },
      {
        "benefitsClaimsLossAdjustment": 5803,
        "deferredPolicyAcquisitionExpense": 1365,
        "dilutedAverageSharesOutstanding": 241.1,
        "dilutedEPS": 2.2688,
        "ebit": 765,
        "grossPremiumsEarned": 8524,
        "interestExpense": 88,
        "interestIncomeExpense": -88,
        "netIncome": 547,
        "netIncomeAfterTaxes": 551,
        "nonRecurringItems": -20,
        "period": "2022-06-30",
        "pretaxIncome": 657,
        "provisionforIncomeTaxes": 106,
        "revenue": 9156,
        "sgaExpense": 1223,
        "totalOperatingExpense": 8391
      },
      {
        "benefitsClaimsLossAdjustment": 5039,
        "deferredPolicyAcquisitionExpense": 1310,
        "dilutedAverageSharesOutstanding": 243.7,
        "dilutedEPS": 4.1485,
        "ebit": 1270,
        "grossPremiumsEarned": 8195,
        "interestExpense": 87,
        "interestIncomeExpense": -87,
        "netIncome": 1011,
        "netIncomeAfterTaxes": 1018,
        "nonRecurringItems": -1,
        "period": "2022-03-31",
        "pretaxIncome": 1182,
        "provisionforIncomeTaxes": 164,
        "revenue": 8810,
        "sgaExpense": 1191,
        "totalOperatingExpense": 7540
      },
      {
        "benefitsClaimsLossAdjustment": 4819,
        "deferredPolicyAcquisitionExpense": 1301,
        "dilutedAverageSharesOutstanding": 246,
        "dilutedEPS": 5.3781,
        "ebit": 1739,
        "grossPremiumsEarned": 8210,
        "interestExpense": 88,
        "interestIncomeExpense": -88,
        "netIncome": 1323,
        "netIncomeAfterTaxes": 1333,
        "nonRecurringItems": -1,
        "period": "2021-12-31",
        "pretaxIncome": 1650,
        "provisionforIncomeTaxes": 317,
        "revenue": 9012,
        "sgaExpense": 1153,
        "totalOperatingExpense": 7273
      },
      {
        "benefitsClaimsLossAdjustment": 5464,
        "deferredPolicyAcquisitionExpense": 1281,
        "dilutedAverageSharesOutstanding": 250.1,
        "dilutedEPS": 2.627,
        "ebit": 874,
        "grossPremiumsEarned": 8026,
        "interestExpense": 87,
        "interestIncomeExpense": -87,
        "netIncome": 657,
        "netIncomeAfterTaxes": 662,
        "nonRecurringItems": -1,
        "period": "2021-09-30",
        "pretaxIncome": 786,
        "provisionforIncomeTaxes": 124,
        "revenue": 8806,
        "sgaExpense": 1187,
        "totalOperatingExpense": 7932
      },
      {
        "benefitsClaimsLossAdjustment": 5045,
        "deferredPolicyAcquisitionExpense": 1254,
        "dilutedAverageSharesOutstanding": 253.1,
        "dilutedEPS": 3.6626,
        "ebit": 1214,
        "grossPremiumsEarned": 7808,
        "interestExpense": 83,
        "interestIncomeExpense": -83,
        "netIncome": 927,
        "netIncomeAfterTaxes": 934,
        "nonRecurringItems": 0,
        "period": "2021-06-30",
        "pretaxIncome": 1131,
        "provisionforIncomeTaxes": 197,
        "revenue": 8687,
        "sgaExpense": 1174,
        "totalOperatingExpense": 7473
      },
      {
        "benefitsClaimsLossAdjustment": 4970,
        "deferredPolicyAcquisitionExpense": 1207,
        "dilutedAverageSharesOutstanding": 254.1,
        "dilutedEPS": 2.87,
        "ebit": 973,
        "grossPremiumsEarned": 7568,
        "interestExpense": 82,
        "interestIncomeExpense": -82,
        "netIncome": 728,
        "netIncomeAfterTaxes": 733,
        "nonRecurringItems": 0,
        "period": "2021-03-31",
        "pretaxIncome": 891,
        "provisionforIncomeTaxes": 158,
        "revenue": 8313,
        "sgaExpense": 1163,
        "totalOperatingExpense": 7340
      },
      {
        "benefitsClaimsLossAdjustment": 4341,
        "deferredPolicyAcquisitionExpense": 1215,
        "dilutedAverageSharesOutstanding": 254.9,
        "dilutedEPS": 5.1,
        "ebit": 1736,
        "grossPremiumsEarned": 7670,
        "interestExpense": 83,
        "interestIncomeExpense": -83,
        "netIncome": 1300,
        "netIncomeAfterTaxes": 1310,
        "nonRecurringItems": -37,
        "period": "2020-12-31",
        "pretaxIncome": 1616,
        "provisionforIncomeTaxes": 306,
        "revenue": 8434,
        "sgaExpense": 1142,
        "totalOperatingExpense": 6698
      },
      {
        "benefitsClaimsLossAdjustment": 4886,
        "deferredPolicyAcquisitionExpense": 1207,
        "dilutedAverageSharesOutstanding": 254.3,
        "dilutedEPS": 3.23,
        "ebit": 1069,
        "grossPremiumsEarned": 7567,
        "interestExpense": 87,
        "interestIncomeExpense": -87,
        "netIncome": 821,
        "netIncomeAfterTaxes": 827,
        "nonRecurringItems": 4,
        "period": "2020-09-30",
        "pretaxIncome": 986,
        "provisionforIncomeTaxes": 159,
        "revenue": 8271,
        "sgaExpense": 1109,
        "totalOperatingExpense": 7202
      },
      {
        "benefitsClaimsLossAdjustment": 5107,
        "deferredPolicyAcquisitionExpense": 1173,
        "dilutedAverageSharesOutstanding": 251.6,
        "dilutedEPS": -0.16,
        "ebit": 6,
        "grossPremiumsEarned": 7120,
        "interestExpense": 85,
        "interestIncomeExpense": -85,
        "netIncome": -41,
        "netIncomeAfterTaxes": -40,
        "nonRecurringItems": -6,
        "period": "2020-06-30",
        "pretaxIncome": -85,
        "provisionforIncomeTaxes": -45,
        "revenue": 7407,
        "sgaExpense": 1121,
        "totalOperatingExpense": 7401
      },
      {
        "benefitsClaimsLossAdjustment": 4789,
        "deferredPolicyAcquisitionExpense": 1178,
        "dilutedAverageSharesOutstanding": 255.9,
        "dilutedEPS": 2.33,
        "ebit": 820,
        "grossPremiumsEarned": 7395,
        "interestExpense": 84,
        "interestIncomeExpense": -84,
        "netIncome": 595,
        "netIncomeAfterTaxes": 600,
        "nonRecurringItems": -16,
        "period": "2020-03-31",
        "pretaxIncome": 720,
        "provisionforIncomeTaxes": 120,
        "revenue": 7924,
        "sgaExpense": 1137,
        "totalOperatingExpense": 7104
      },
      {
        "benefitsClaimsLossAdjustment": 4640,
        "deferredPolicyAcquisitionExpense": 1181,
        "dilutedAverageSharesOutstanding": 259,
        "dilutedEPS": 3.34,
        "ebit": 1159,
        "grossPremiumsEarned": 7435,
        "interestExpense": 83,
        "interestIncomeExpense": -83,
        "netIncome": 866,
        "netIncomeAfterTaxes": 873,
        "nonRecurringItems": -2,
        "period": "2019-12-31",
        "pretaxIncome": 1074,
        "provisionforIncomeTaxes": 201,
        "revenue": 8065,
        "sgaExpense": 1085,
        "totalOperatingExpense": 6906
      },
      {
        "benefitsClaimsLossAdjustment": 5230,
        "deferredPolicyAcquisitionExpense": 1169,
        "dilutedAverageSharesOutstanding": 261.8,
        "dilutedEPS": 1.5,
        "ebit": 516,
        "grossPremiumsEarned": 7368,
        "interestExpense": 84,
        "interestIncomeExpense": -84,
        "netIncome": 393,
        "netIncomeAfterTaxes": 396,
        "nonRecurringItems": 0,
        "period": "2019-09-30",
        "pretaxIncome": 432,
        "provisionforIncomeTaxes": 36,
        "revenue": 8013,
        "sgaExpense": 1098,
        "totalOperatingExpense": 7497
      },
      {
        "benefitsClaimsLossAdjustment": 4821,
        "deferredPolicyAcquisitionExpense": 1134,
        "dilutedAverageSharesOutstanding": 263.7,
        "dilutedEPS": 2.1,
        "ebit": 755,
        "grossPremiumsEarned": 7161,
        "interestExpense": 89,
        "interestIncomeExpense": -89,
        "netIncome": 553,
        "netIncomeAfterTaxes": 557,
        "nonRecurringItems": -1,
        "period": "2019-06-30",
        "pretaxIncome": 665,
        "provisionforIncomeTaxes": 108,
        "revenue": 7835,
        "sgaExpense": 1125,
        "totalOperatingExpense": 7080
      },
      {
        "benefitsClaimsLossAdjustment": 4442,
        "deferredPolicyAcquisitionExpense": 1117,
        "dilutedAverageSharesOutstanding": 264.8,
        "dilutedEPS": 2.99,
        "ebit": 1056,
        "grossPremiumsEarned": 7036,
        "interestExpense": 88,
        "interestIncomeExpense": -88,
        "netIncome": 791,
        "netIncomeAfterTaxes": 796,
        "nonRecurringItems": -1,
        "period": "2019-03-31",
        "pretaxIncome": 967,
        "provisionforIncomeTaxes": 171,
        "revenue": 7672,
        "sgaExpense": 1057,
        "totalOperatingExpense": 6616
      },
      {
        "benefitsClaimsLossAdjustment": 4778,
        "deferredPolicyAcquisitionExpense": 1122,
        "dilutedAverageSharesOutstanding": 265.9,
        "dilutedEPS": 2.32,
        "ebit": 833,
        "grossPremiumsEarned": 7106,
        "interestExpense": 87,
        "interestIncomeExpense": -87,
        "netIncome": 616,
        "netIncomeAfterTaxes": 621,
        "nonRecurringItems": 0,
        "period": "2018-12-31",
        "pretaxIncome": 746,
        "provisionforIncomeTaxes": 125,
        "revenue": 7796,
        "sgaExpense": 1063,
        "totalOperatingExpense": 6963
      },
      {
        "benefitsClaimsLossAdjustment": 4655,
        "deferredPolicyAcquisitionExpense": 1117,
        "dilutedAverageSharesOutstanding": 268.4,
        "dilutedEPS": 2.62,
        "ebit": 892,
        "grossPremiumsEarned": 7048,
        "interestExpense": 86,
        "interestIncomeExpense": -86,
        "netIncome": 704,
        "netIncomeAfterTaxes": 709,
        "nonRecurringItems": 0,
        "period": "2018-09-30",
        "pretaxIncome": 806,
        "provisionforIncomeTaxes": 97,
        "revenue": 7723,
        "sgaExpense": 1059,
        "totalOperatingExpense": 6831
      },
      {
        "benefitsClaimsLossAdjustment": 4562,
        "deferredPolicyAcquisitionExpense": 1081,
        "dilutedAverageSharesOutstanding": 271.1,
        "dilutedEPS": 1.92,
        "ebit": 722,
        "grossPremiumsEarned": 6846,
        "interestExpense": 90,
        "interestIncomeExpense": -90,
        "netIncome": 520,
        "netIncomeAfterTaxes": 524,
        "nonRecurringItems": -1,
        "period": "2018-06-30",
        "pretaxIncome": 631,
        "provisionforIncomeTaxes": 107,
        "revenue": 7478,
        "sgaExpense": 1113,
        "totalOperatingExpense": 6756
      },
      {
        "benefitsClaimsLossAdjustment": 4296,
        "deferredPolicyAcquisitionExpense": 1061,
        "dilutedAverageSharesOutstanding": 273.9,
        "dilutedEPS": 2.42,
        "ebit": 867,
        "grossPremiumsEarned": 6694,
        "interestExpense": 89,
        "interestIncomeExpense": -89,
        "netIncome": 664,
        "netIncomeAfterTaxes": 669,
        "nonRecurringItems": 0,
        "period": "2018-03-31",
        "pretaxIncome": 778,
        "provisionforIncomeTaxes": 109,
        "revenue": 7286,
        "sgaExpense": 1062,
        "totalOperatingExpense": 6419
      },
      {
        "benefitsClaimsLossAdjustment": 4342,
        "deferredPolicyAcquisitionExpense": 1072,
        "dilutedAverageSharesOutstanding": 275.6,
        "dilutedEPS": 1.98,
        "ebit": 955,
        "grossPremiumsEarned": 6780,
        "interestExpense": 93,
        "interestIncomeExpense": -93,
        "netIncome": 547,
        "netIncomeAfterTaxes": 680,
        "nonRecurringItems": -2,
        "period": "2017-12-31",
        "pretaxIncome": 860,
        "provisionforIncomeTaxes": 180,
        "revenue": 7453,
        "sgaExpense": 1084,
        "totalOperatingExpense": 6498
      },
      {
        "benefitsClaimsLossAdjustment": 4806,
        "deferredPolicyAcquisitionExpense": 1059,
        "dilutedAverageSharesOutstanding": 276.6,
        "dilutedEPS": 1.05,
        "ebit": 420,
        "grossPremiumsEarned": 6676,
        "interestExpense": 95,
        "interestIncomeExpense": -95,
        "netIncome": 291,
        "netIncomeAfterTaxes": 293,
        "nonRecurringItems": -5,
        "period": "2017-09-30",
        "pretaxIncome": 320,
        "provisionforIncomeTaxes": 27,
        "revenue": 7330,
        "sgaExpense": 1045,
        "totalOperatingExpense": 6910
      },
      {
        "benefitsClaimsLossAdjustment": 4225,
        "deferredPolicyAcquisitionExpense": 1032,
        "dilutedAverageSharesOutstanding": 280,
        "dilutedEPS": 2.11,
        "ebit": 887,
        "grossPremiumsEarned": 6506,
        "interestExpense": 92,
        "interestIncomeExpense": -92,
        "netIncome": 590,
        "netIncomeAfterTaxes": 595,
        "nonRecurringItems": -5,
        "period": "2017-06-30",
        "pretaxIncome": 790,
        "provisionforIncomeTaxes": 195,
        "revenue": 7189,
        "sgaExpense": 1045,
        "totalOperatingExpense": 6302
      },
      {
        "benefitsClaimsLossAdjustment": 4094,
        "deferredPolicyAcquisitionExpense": 1003,
        "dilutedAverageSharesOutstanding": 282.4,
        "dilutedEPS": 2.17,
        "ebit": 851,
        "grossPremiumsEarned": 6327,
        "interestExpense": 89,
        "interestIncomeExpense": -89,
        "netIncome": 613,
        "netIncomeAfterTaxes": 617,
        "nonRecurringItems": -2,
        "period": "2017-03-31",
        "pretaxIncome": 760,
        "provisionforIncomeTaxes": 143,
        "revenue": 6944,
        "sgaExpense": 996,
        "totalOperatingExpense": 6093
      },
      {
        "benefitsClaimsLossAdjustment": 3740,
        "deferredPolicyAcquisitionExpense": 1013,
        "dilutedAverageSharesOutstanding": 283.2,
        "dilutedEPS": 3.31,
        "ebit": 1395,
        "grossPremiumsEarned": 6531,
        "interestExpense": 90,
        "interestIncomeExpense": -90,
        "netIncome": 937,
        "netIncomeAfterTaxes": 943,
        "nonRecurringItems": -3,
        "period": "2016-12-31",
        "pretaxIncome": 1302,
        "provisionforIncomeTaxes": 359,
        "revenue": 7196,
        "sgaExpense": 1048,
        "totalOperatingExpense": 5801
      },
      {
        "benefitsClaimsLossAdjustment": 3856,
        "deferredPolicyAcquisitionExpense": 1012,
        "dilutedAverageSharesOutstanding": 289.8,
        "dilutedEPS": 2.45,
        "ebit": 1040,
        "grossPremiumsEarned": 6356,
        "interestExpense": 89,
        "interestIncomeExpense": -89,
        "netIncome": 710,
        "netIncomeAfterTaxes": 716,
        "nonRecurringItems": -4,
        "period": "2016-09-30",
        "pretaxIncome": 947,
        "provisionforIncomeTaxes": 231,
        "revenue": 6965,
        "sgaExpense": 1057,
        "totalOperatingExpense": 5925
      },
      {
        "benefitsClaimsLossAdjustment": 3762,
        "deferredPolicyAcquisitionExpense": 989,
        "dilutedAverageSharesOutstanding": 293.6,
        "dilutedEPS": 2.24,
        "ebit": 984,
        "grossPremiumsEarned": 6217,
        "interestExpense": 93,
        "interestIncomeExpense": -93,
        "netIncome": 659,
        "netIncomeAfterTaxes": 664,
        "nonRecurringItems": -4,
        "period": "2016-06-30",
        "pretaxIncome": 887,
        "provisionforIncomeTaxes": 223,
        "revenue": 6789,
        "sgaExpense": 1054,
        "totalOperatingExpense": 5805
      },
      {
        "benefitsClaimsLossAdjustment": 3712,
        "deferredPolicyAcquisitionExpense": 971,
        "dilutedAverageSharesOutstanding": 297.9,
        "dilutedEPS": 2.3,
        "ebit": 1026,
        "grossPremiumsEarned": 6151,
        "interestExpense": 91,
        "interestIncomeExpense": -91,
        "netIncome": 686,
        "netIncomeAfterTaxes": 691,
        "nonRecurringItems": -18,
        "period": "2016-03-31",
        "pretaxIncome": 917,
        "provisionforIncomeTaxes": 226,
        "revenue": 6704,
        "sgaExpense": 995,
        "totalOperatingExpense": 5678
      },
      {
        "benefitsClaimsLossAdjustment": 3363,
        "deferredPolicyAcquisitionExpense": 972,
        "dilutedAverageSharesOutstanding": 302.5,
        "dilutedEPS": 2.84,
        "ebit": 1333,
        "grossPremiumsEarned": 6180,
        "interestExpense": 95,
        "interestIncomeExpense": -95,
        "netIncome": 859,
        "netIncomeAfterTaxes": 866,
        "nonRecurringItems": -29,
        "period": "2015-12-31",
        "pretaxIncome": 1209,
        "provisionforIncomeTaxes": 343,
        "revenue": 6718,
        "sgaExpense": 1050,
        "totalOperatingExpense": 5385
      },
      {
        "benefitsClaimsLossAdjustment": 3382,
        "deferredPolicyAcquisitionExpense": 987,
        "dilutedAverageSharesOutstanding": 311,
        "dilutedEPS": 2.96,
        "ebit": 1415,
        "grossPremiumsEarned": 6165,
        "interestExpense": 94,
        "interestIncomeExpense": -94,
        "netIncome": 922,
        "netIncomeAfterTaxes": 928,
        "nonRecurringItems": -14,
        "period": "2015-09-30",
        "pretaxIncome": 1307,
        "provisionforIncomeTaxes": 379,
        "revenue": 6808,
        "sgaExpense": 1024,
        "totalOperatingExpense": 5393
      }
    ],
    "symbol": "TRV"
  }
}