{
  "symbol": "GWW",
  "statement": "ic",
  "frequency": "annual",
  "timestamp": "2025-09-19T14:08:31.376785",
  "data": {
    "financials": [
      {
        "costOfGoodsSold": 10410,
        "depreciationAmortization": 70,
        "dilutedAverageSharesOutstanding": 49,
        "dilutedEPS": 38.9592,
        "ebit": 2653,
        "grossIncome": 6758,
        "interestExpense": 77,
        "interestIncomeExpense": -77,
        "minorityInterest": -80,
        "netIncome": 1909,
        "netIncomeAfterTaxes": 1989,
        "nonRecurringItems": -16,
        "period": "2024-12-31",
        "pretaxIncome": 2584,
        "provisionforIncomeTaxes": 595,
        "revenue": 17168,
        "sgaExpense": 4035,
        "totalOperatingExpense": 4105,
        "totalOtherIncomeExpenseNet": 24,
        "year": 2024
      },
      {
        "costOfGoodsSold": 9982,
        "depreciationAmortization": 64,
        "dilutedAverageSharesOutstanding": 50.1,
        "dilutedEPS": 36.507,
        "ebit": 2591,
        "grossIncome": 6496,
        "interestExpense": 93,
        "interestIncomeExpense": -93,
        "minorityInterest": -74,
        "netIncome": 1829,
        "netIncomeAfterTaxes": 1903,
        "nonRecurringItems": -26,
        "period": "2023-12-31",
        "pretaxIncome": 2500,
        "provisionforIncomeTaxes": 597,
        "revenue": 16478,
        "sgaExpense": 3841,
        "totalOperatingExpense": 3905,
        "totalOtherIncomeExpenseNet": 28,
        "year": 2023
      },
      {
        "costOfGoodsSold": 9379,
        "depreciationAmortization": 61,
        "dilutedAverageSharesOutstanding": 51,
        "dilutedEPS": 30.33,
        "ebit": 2194,
        "grossIncome": 5849,
        "interestExpense": 93,
        "interestIncomeExpense": -93,
        "minorityInterest": -66,
        "netIncome": 1547,
        "netIncomeAfterTaxes": 1613,
        "nonRecurringItems": 21,
        "period": "2022-12-31",
        "pretaxIncome": 2146,
        "provisionforIncomeTaxes": 533,
        "revenue": 15228,
        "sgaExpense": 3594,
        "totalOperatingExpense": 3655,
        "totalOtherIncomeExpenseNet": 24,
        "year": 2022
      },
      {
        "costOfGoodsSold": 8302,
        "depreciationAmortization": 63,
        "dilutedAverageSharesOutstanding": 52,
        "dilutedEPS": 20.05,
        "ebit": 1547,
        "grossIncome": 4720,
        "interestExpense": 87,
        "interestIncomeExpense": -87,
        "minorityInterest": -71,
        "netIncome": 1043,
        "netIncomeAfterTaxes": 1114,
        "nonRecurringItems": 0,
        "period": "2021-12-31",
        "pretaxIncome": 1485,
        "provisionforIncomeTaxes": 371,
        "revenue": 13022,
        "sgaExpense": 3110,
        "totalOperatingExpense": 3173,
        "totalOtherIncomeExpenseNet": 25,
        "year": 2021
      },
      {
        "costOfGoodsSold": 7559,
        "depreciationAmortization": 60,
        "dilutedAverageSharesOutstanding": 54,
        "dilutedEPS": 12.87,
        "ebit": 1327,
        "grossIncome": 4238,
        "interestExpense": 93,
        "interestIncomeExpense": -93,
        "minorityInterest": -60,
        "netIncome": 695,
        "netIncomeAfterTaxes": 755,
        "nonRecurringItems": -308,
        "period": "2020-12-31",
        "pretaxIncome": 947,
        "provisionforIncomeTaxes": 192,
        "revenue": 11797,
        "sgaExpense": 2851,
        "totalOperatingExpense": 2911,
        "totalOtherIncomeExpenseNet": 21,
        "year": 2020
      },
      {
        "costOfGoodsSold": 7089,
        "depreciationAmortization": 78,
        "dilutedAverageSharesOutstanding": 55,
        "dilutedEPS": 15.43,
        "ebit": 1388,
        "grossIncome": 4397,
        "interestExpense": 79,
        "interestIncomeExpense": -79,
        "minorityInterest": -46,
        "netIncome": 849,
        "netIncomeAfterTaxes": 895,
        "nonRecurringItems": -126,
        "period": "2019-12-31",
        "pretaxIncome": 1209,
        "provisionforIncomeTaxes": 314,
        "revenue": 11486,
        "sgaExpense": 2931,
        "totalOperatingExpense": 3009,
        "totalOtherIncomeExpenseNet": 26,
        "year": 2019
      },
      {
        "costOfGoodsSold": 6873,
        "depreciationAmortization": 92,
        "dilutedAverageSharesOutstanding": 57,
        "dilutedEPS": 13.71,
        "ebit": 1344,
        "grossIncome": 4348,
        "interestExpense": 82,
        "interestIncomeExpense": -82,
        "minorityInterest": -41,
        "netIncome": 782,
        "netIncomeAfterTaxes": 823,
        "nonRecurringItems": -186,
        "period": "2018-12-31",
        "pretaxIncome": 1081,
        "provisionforIncomeTaxes": 258,
        "revenue": 11221,
        "sgaExpense": 2912,
        "totalOperatingExpense": 3004,
        "totalOtherIncomeExpenseNet": 5,
        "year": 2018
      },
      {
        "costOfGoodsSold": 6327,
        "depreciationAmortization": 89,
        "dilutedAverageSharesOutstanding": 58,
        "dilutedEPS": 10.1,
        "ebit": 1151,
        "grossIncome": 4098,
        "interestExpense": 86,
        "interestIncomeExpense": -86,
        "minorityInterest": -37,
        "netIncome": 586,
        "netIncomeAfterTaxes": 620,
        "nonRecurringItems": -116,
        "period": "2017-12-31",
        "pretaxIncome": 936,
        "provisionforIncomeTaxes": 316,
        "revenue": 10425,
        "sgaExpense": 2858,
        "totalOperatingExpense": 2947,
        "totalOtherIncomeExpenseNet": -13,
        "year": 2017
      },
      {
        "costOfGoodsSold": 6023,
        "dilutedAverageSharesOutstanding": 61,
        "dilutedEPS": 9.87,
        "ebit": 1119,
        "grossIncome": 4115,
        "interestExpense": 66.332,
        "interestIncomeExpense": -97,
        "minorityInterest": -27,
        "netIncome": 601,
        "netIncomeAfterTaxes": 633,
        "period": "2016-12-31",
        "pretaxIncome": 1019,
        "provisionforIncomeTaxes": 386,
        "revenue": 10137,
        "sgaExpense": 2995,
        "totalOperatingExpense": 2995,
        "totalOtherIncomeExpenseNet": -4,
        "year": 2016
      },
      {
        "costOfGoodsSold": 5742,
        "dilutedAverageSharesOutstanding": 66,
        "dilutedEPS": 11.53,
        "ebit": 1300,
        "grossIncome": 4231,
        "interestExpense": 33.571,
        "interestIncomeExpense": -44,
        "minorityInterest": -16,
        "netIncome": 761,
        "netIncomeAfterTaxes": 785,
        "period": "2015-12-31",
        "pretaxIncome": 1251,
        "provisionforIncomeTaxes": 466,
        "revenue": 9973,
        "sgaExpense": 2931,
        "totalOperatingExpense": 2931,
        "totalOtherIncomeExpenseNet": -5,
        "year": 2015
      }
    ],
    "symbol": "GWW"
  }
}