{
  "symbol": "NDAQ",
  "statement": "ic",
  "frequency": "quarterly",
  "timestamp": "2025-09-19T14:04:27.001799",
  "data": {
    "financials": [
      {
        "costOfGoodsSold": 784,
        "depreciationAmortization": 158,
        "dilutedAverageSharesOutstanding": 579,
        "dilutedEPS": 0.78,
        "ebit": 597,
        "grossIncome": 1306,
        "interestExpense": 95,
        "interestIncomeExpense": -60,
        "minorityInterest": 0,
        "netIncome": 452,
        "netIncomeAfterTaxes": 452,
        "nonRecurringItems": 10,
        "period": "2025-06-30",
        "pretaxIncome": 548,
        "provisionforIncomeTaxes": 96,
        "revenue": 2090,
        "sgaExpense": 551,
        "totalOperatingExpense": 709,
        "totalOtherIncomeExpenseNet": 1
      },
      {
        "costOfGoodsSold": 853,
        "depreciationAmortization": 156,
        "dilutedAverageSharesOutstanding": 579.983,
        "dilutedEPS": 0.68,
        "ebit": 576,
        "grossIncome": 1237,
        "interestExpense": 96,
        "interestIncomeExpense": -58,
        "minorityInterest": 0,
        "netIncome": 395,
        "netIncomeAfterTaxes": 395,
        "nonRecurringItems": -29,
        "period": "2025-03-31",
        "pretaxIncome": 488,
        "provisionforIncomeTaxes": 93,
        "revenue": 2090,
        "sgaExpense": 505,
        "totalOperatingExpense": 661,
        "totalOtherIncomeExpenseNet": -1
      },
      {
        "costOfGoodsSold": 803,
        "depreciationAmortization": 153,
        "dilutedAverageSharesOutstanding": 579.865,
        "dilutedEPS": 0.61,
        "ebit": 542,
        "grossIncome": 1227,
        "interestExpense": 101,
        "interestIncomeExpense": -84,
        "minorityInterest": 0,
        "netIncome": 355,
        "netIncomeAfterTaxes": 355,
        "nonRecurringItems": -25,
        "period": "2024-12-31",
        "pretaxIncome": 439,
        "provisionforIncomeTaxes": 84,
        "revenue": 2030,
        "sgaExpense": 532,
        "totalOperatingExpense": 685,
        "totalOtherIncomeExpenseNet": 6
      },
      {
        "costOfGoodsSold": 756,
        "depreciationAmortization": 153,
        "dilutedAverageSharesOutstanding": 579.017,
        "dilutedEPS": 0.53,
        "ebit": 480,
        "grossIncome": 1146,
        "interestExpense": 102,
        "interestIncomeExpense": -93,
        "minorityInterest": 1,
        "netIncome": 306,
        "netIncomeAfterTaxes": 305,
        "nonRecurringItems": -32,
        "period": "2024-09-30",
        "pretaxIncome": 356,
        "provisionforIncomeTaxes": 51,
        "revenue": 1902,
        "sgaExpense": 513,
        "totalOperatingExpense": 666,
        "totalOtherIncomeExpenseNet": 1
      },
      {
        "costOfGoodsSold": 633,
        "depreciationAmortization": 153,
        "dilutedAverageSharesOutstanding": 578.951,
        "dilutedEPS": 0.38,
        "ebit": 483,
        "grossIncome": 1159,
        "interestExpense": 102,
        "interestIncomeExpense": -94,
        "minorityInterest": 0,
        "netIncome": 222,
        "netIncomeAfterTaxes": 222,
        "nonRecurringItems": -60,
        "period": "2024-06-30",
        "pretaxIncome": 341,
        "provisionforIncomeTaxes": 119,
        "revenue": 1792,
        "sgaExpense": 523,
        "totalOperatingExpense": 676,
        "totalOtherIncomeExpenseNet": 12
      },
      {
        "costOfGoodsSold": 557,
        "depreciationAmortization": 155,
        "dilutedAverageSharesOutstanding": 578.931,
        "dilutedEPS": 0.4,
        "ebit": 445,
        "grossIncome": 1117,
        "interestExpense": 108,
        "interestIncomeExpense": -99,
        "minorityInterest": 1,
        "netIncome": 234,
        "netIncomeAfterTaxes": 233,
        "nonRecurringItems": -35,
        "period": "2024-03-31",
        "pretaxIncome": 312,
        "provisionforIncomeTaxes": 79,
        "revenue": 1674,
        "sgaExpense": 517,
        "totalOperatingExpense": 672,
        "totalOtherIncomeExpenseNet": 1
      },
      {
        "costOfGoodsSold": 530,
        "depreciationAmortization": 125,
        "dilutedAverageSharesOutstanding": 551.045,
        "dilutedEPS": 0.36,
        "ebit": 481,
        "grossIncome": 1117,
        "interestExpense": 110,
        "interestIncomeExpense": -80,
        "minorityInterest": 1,
        "netIncome": 197,
        "netIncomeAfterTaxes": 196,
        "nonRecurringItems": -128,
        "period": "2023-12-31",
        "pretaxIncome": 278,
        "provisionforIncomeTaxes": 82,
        "revenue": 1647,
        "sgaExpense": 511,
        "totalOperatingExpense": 636,
        "totalOtherIncomeExpenseNet": 5
      },
      {
        "costOfGoodsSold": 511,
        "depreciationAmortization": 64,
        "dilutedAverageSharesOutstanding": 494.112,
        "dilutedEPS": 0.6,
        "ebit": 452,
        "grossIncome": 940,
        "interestExpense": 101,
        "interestIncomeExpense": -41,
        "minorityInterest": 0,
        "netIncome": 294,
        "netIncomeAfterTaxes": 294,
        "nonRecurringItems": -21,
        "period": "2023-09-30",
        "pretaxIncome": 391,
        "provisionforIncomeTaxes": 97,
        "revenue": 1451,
        "sgaExpense": 424,
        "totalOperatingExpense": 488,
        "totalOtherIncomeExpenseNet": 1
      },
      {
        "costOfGoodsSold": 508,
        "depreciationAmortization": 65,
        "dilutedAverageSharesOutstanding": 493.631,
        "dilutedEPS": 0.54,
        "ebit": 441,
        "grossIncome": 925,
        "interestExpense": 36,
        "interestIncomeExpense": -39,
        "minorityInterest": 0,
        "netIncome": 267,
        "netIncomeAfterTaxes": 267,
        "nonRecurringItems": -59,
        "period": "2023-06-30",
        "pretaxIncome": 337,
        "provisionforIncomeTaxes": 70,
        "revenue": 1433,
        "sgaExpense": 419,
        "totalOperatingExpense": 484,
        "totalOtherIncomeExpenseNet": -6
      },
      {
        "costOfGoodsSold": 619,
        "depreciationAmortization": 69,
        "dilutedAverageSharesOutstanding": 494.769,
        "dilutedEPS": 0.61,
        "ebit": 432,
        "grossIncome": 914,
        "interestExpense": 36,
        "interestIncomeExpense": -16,
        "minorityInterest": 1,
        "netIncome": 302,
        "netIncomeAfterTaxes": 301,
        "nonRecurringItems": -20,
        "period": "2023-03-31",
        "pretaxIncome": 396,
        "provisionforIncomeTaxes": 95,
        "revenue": 1533,
        "sgaExpense": 413,
        "totalOperatingExpense": 482,
        "totalOtherIncomeExpenseNet": 0
      },
      {
        "costOfGoodsSold": 675,
        "depreciationAmortization": 63,
        "dilutedAverageSharesOutstanding": 496.965,
        "dilutedEPS": 0.48,
        "ebit": 405,
        "grossIncome": 907,
        "interestExpense": 33,
        "interestIncomeExpense": -27,
        "minorityInterest": 1,
        "netIncome": 241,
        "netIncomeAfterTaxes": 240,
        "nonRecurringItems": -56,
        "period": "2022-12-31",
        "pretaxIncome": 322,
        "provisionforIncomeTaxes": 82,
        "revenue": 1582,
        "sgaExpense": 439,
        "totalOperatingExpense": 502
      },
      {
        "costOfGoodsSold": 667,
        "depreciationAmortization": 63,
        "dilutedAverageSharesOutstanding": 496.339,
        "dilutedEPS": 0.59,
        "ebit": 412,
        "grossIncome": 890,
        "interestExpense": 32,
        "interestIncomeExpense": -16,
        "minorityInterest": 0,
        "netIncome": 294,
        "netIncomeAfterTaxes": 294,
        "nonRecurringItems": -14,
        "period": "2022-09-30",
        "pretaxIncome": 382,
        "provisionforIncomeTaxes": 88,
        "revenue": 1557,
        "sgaExpense": 415,
        "totalOperatingExpense": 478
      },
      {
        "costOfGoodsSold": 659,
        "depreciationAmortization": 65,
        "dilutedAverageSharesOutstanding": 496.585,
        "dilutedEPS": 0.62,
        "ebit": 440,
        "grossIncome": 893,
        "interestExpense": 32,
        "interestIncomeExpense": -15,
        "minorityInterest": 0,
        "netIncome": 307,
        "netIncomeAfterTaxes": 307,
        "nonRecurringItems": -28,
        "period": "2022-06-30",
        "pretaxIncome": 397,
        "provisionforIncomeTaxes": 90,
        "revenue": 1552,
        "sgaExpense": 388,
        "totalOperatingExpense": 453
      },
      {
        "costOfGoodsSold": 643,
        "depreciationAmortization": 67,
        "dilutedAverageSharesOutstanding": 501.749,
        "dilutedEPS": 0.57,
        "ebit": 420,
        "grossIncome": 892,
        "interestExpense": 32,
        "interestIncomeExpense": -31,
        "minorityInterest": 1,
        "netIncome": 284,
        "netIncomeAfterTaxes": 283,
        "nonRecurringItems": -15,
        "period": "2022-03-31",
        "pretaxIncome": 374,
        "provisionforIncomeTaxes": 91,
        "revenue": 1535,
        "sgaExpense": 405,
        "totalOperatingExpense": 472
      },
      {
        "costOfGoodsSold": 581,
        "depreciationAmortization": 81,
        "dilutedAverageSharesOutstanding": 509.126,
        "dilutedEPS": 0.51,
        "ebit": 361,
        "grossIncome": 886,
        "interestExpense": 30,
        "interestIncomeExpense": -30,
        "netIncome": 259,
        "netIncomeAfterTaxes": 259,
        "nonRecurringItems": -17,
        "period": "2021-12-31",
        "pretaxIncome": 314,
        "provisionforIncomeTaxes": 55,
        "revenue": 1467,
        "sgaExpense": 444,
        "totalOperatingExpense": 525
      },
      {
        "costOfGoodsSold": 519,
        "depreciationAmortization": 67,
        "dilutedAverageSharesOutstanding": 510.545,
        "dilutedEPS": 0.56,
        "ebit": 369,
        "grossIncome": 838,
        "interestExpense": 33,
        "interestIncomeExpense": 15,
        "netIncome": 288,
        "netIncomeAfterTaxes": 288,
        "nonRecurringItems": -13,
        "period": "2021-09-30",
        "pretaxIncome": 371,
        "provisionforIncomeTaxes": 83,
        "revenue": 1357,
        "sgaExpense": 402,
        "totalOperatingExpense": 469
      },
      {
        "costOfGoodsSold": 566,
        "depreciationAmortization": 68,
        "dilutedAverageSharesOutstanding": 499.319,
        "dilutedEPS": 0.68,
        "ebit": 409,
        "grossIncome": 846,
        "interestExpense": 33,
        "interestIncomeExpense": -6,
        "netIncome": 341,
        "netIncomeAfterTaxes": 341,
        "nonRecurringItems": 51,
        "period": "2021-06-30",
        "pretaxIncome": 454,
        "provisionforIncomeTaxes": 113,
        "revenue": 1412,
        "sgaExpense": 369,
        "totalOperatingExpense": 437
      },
      {
        "costOfGoodsSold": 801,
        "depreciationAmortization": 63,
        "dilutedAverageSharesOutstanding": 501.281,
        "dilutedEPS": 0.59,
        "ebit": 420,
        "grossIncome": 851,
        "interestExpense": 29,
        "interestIncomeExpense": 30,
        "netIncome": 298,
        "netIncomeAfterTaxes": 298,
        "nonRecurringItems": -55,
        "period": "2021-03-31",
        "pretaxIncome": 395,
        "provisionforIncomeTaxes": 97,
        "revenue": 1652,
        "sgaExpense": 368,
        "totalOperatingExpense": 431
      },
      {
        "costOfGoodsSold": 674,
        "depreciationAmortization": 53,
        "dilutedAverageSharesOutstanding": 501.835,
        "dilutedEPS": 0.45,
        "ebit": 351,
        "grossIncome": 788,
        "interestExpense": 24,
        "interestIncomeExpense": -51,
        "netIncome": 225,
        "netIncomeAfterTaxes": 225,
        "nonRecurringItems": -33,
        "period": "2020-12-31",
        "pretaxIncome": 267,
        "provisionforIncomeTaxes": 42,
        "revenue": 1462,
        "sgaExpense": 384,
        "totalOperatingExpense": 437
      },
      {
        "costOfGoodsSold": 699,
        "depreciationAmortization": 51,
        "dilutedAverageSharesOutstanding": 502.481,
        "dilutedEPS": 0.53,
        "ebit": 338,
        "grossIncome": 715,
        "interestExpense": 24,
        "interestIncomeExpense": 31,
        "netIncome": 264,
        "netIncomeAfterTaxes": 264,
        "nonRecurringItems": -12,
        "period": "2020-09-30",
        "pretaxIncome": 357,
        "provisionforIncomeTaxes": 93,
        "revenue": 1414,
        "sgaExpense": 326,
        "totalOperatingExpense": 377
      },
      {
        "costOfGoodsSold": 699,
        "depreciationAmortization": 50,
        "dilutedAverageSharesOutstanding": 498.225,
        "dilutedEPS": 0.48,
        "ebit": 332,
        "grossIncome": 699,
        "interestExpense": 26,
        "interestIncomeExpense": 1,
        "netIncome": 241,
        "netIncomeAfterTaxes": 241,
        "nonRecurringItems": -17,
        "period": "2020-06-30",
        "pretaxIncome": 316,
        "provisionforIncomeTaxes": 75,
        "revenue": 1398,
        "sgaExpense": 317,
        "totalOperatingExpense": 367
      },
      {
        "costOfGoodsSold": 652,
        "depreciationAmortization": 48,
        "dilutedAverageSharesOutstanding": 500.335,
        "dilutedEPS": 0.41,
        "ebit": 330,
        "grossIncome": 701,
        "interestExpense": 26,
        "interestIncomeExpense": -2,
        "netIncome": 203,
        "netIncomeAfterTaxes": 203,
        "nonRecurringItems": -55,
        "period": "2020-03-31",
        "pretaxIncome": 273,
        "provisionforIncomeTaxes": 70,
        "revenue": 1353,
        "sgaExpense": 323,
        "totalOperatingExpense": 371
      },
      {
        "costOfGoodsSold": 419,
        "depreciationAmortization": 47,
        "dilutedAverageSharesOutstanding": 500.387,
        "dilutedEPS": 0.41,
        "ebit": 274,
        "grossIncome": 646,
        "interestExpense": 27,
        "interestIncomeExpense": -8,
        "netIncome": 203,
        "netIncomeAfterTaxes": 203,
        "nonRecurringItems": -14,
        "period": "2019-12-31",
        "pretaxIncome": 252,
        "provisionforIncomeTaxes": 49,
        "revenue": 1065,
        "sgaExpense": 325,
        "totalOperatingExpense": 372
      },
      {
        "costOfGoodsSold": 464,
        "depreciationAmortization": 47,
        "dilutedAverageSharesOutstanding": 501.094,
        "dilutedEPS": 0.3,
        "ebit": 266,
        "grossIncome": 632,
        "interestExpense": 29,
        "interestIncomeExpense": -11,
        "netIncome": 150,
        "netIncomeAfterTaxes": 150,
        "nonRecurringItems": -40,
        "period": "2019-09-30",
        "pretaxIncome": 215,
        "provisionforIncomeTaxes": 65,
        "revenue": 1096,
        "sgaExpense": 319,
        "totalOperatingExpense": 366
      },
      {
        "costOfGoodsSold": 438,
        "depreciationAmortization": 48,
        "dilutedAverageSharesOutstanding": 501.129,
        "dilutedEPS": 0.35,
        "ebit": 272,
        "grossIncome": 623,
        "interestExpense": 31,
        "interestIncomeExpense": -17,
        "netIncome": 174,
        "netIncomeAfterTaxes": 174,
        "nonRecurringItems": -16,
        "period": "2019-06-30",
        "pretaxIncome": 239,
        "provisionforIncomeTaxes": 65,
        "revenue": 1061,
        "sgaExpense": 303,
        "totalOperatingExpense": 351
      },
      {
        "costOfGoodsSold": 405,
        "depreciationAmortization": 48,
        "dilutedAverageSharesOutstanding": 501.085,
        "dilutedEPS": 0.49,
        "ebit": 284,
        "grossIncome": 634,
        "interestExpense": 37,
        "interestIncomeExpense": 11,
        "netIncome": 247,
        "netIncomeAfterTaxes": 247,
        "nonRecurringItems": 18,
        "period": "2019-03-31",
        "pretaxIncome": 313,
        "provisionforIncomeTaxes": 66,
        "revenue": 1039,
        "sgaExpense": 302,
        "totalOperatingExpense": 350
      },
      {
        "costOfGoodsSold": 492,
        "depreciationAmortization": 51,
        "dilutedAverageSharesOutstanding": 493.597,
        "dilutedEPS": -0.08,
        "ebit": 255,
        "grossIncome": 644,
        "interestExpense": 38,
        "interestIncomeExpense": 87,
        "netIncome": -44,
        "netIncomeAfterTaxes": 245,
        "nonRecurringItems": -14,
        "period": "2018-12-31",
        "pretaxIncome": 328,
        "provisionforIncomeTaxes": 83,
        "revenue": 1136,
        "sgaExpense": 338,
        "totalOperatingExpense": 389
      },
      {
        "costOfGoodsSold": 364,
        "depreciationAmortization": 53,
        "dilutedAverageSharesOutstanding": 501.878,
        "dilutedEPS": 0.32,
        "ebit": 252,
        "grossIncome": 600,
        "interestExpense": 38,
        "interestIncomeExpense": -29,
        "netIncome": 163,
        "netIncomeAfterTaxes": 159,
        "nonRecurringItems": -14,
        "period": "2018-09-30",
        "pretaxIncome": 209,
        "provisionforIncomeTaxes": 50,
        "revenue": 964,
        "sgaExpense": 295,
        "totalOperatingExpense": 348
      },
      {
        "costOfGoodsSold": 412,
        "depreciationAmortization": 53,
        "dilutedAverageSharesOutstanding": 502.204,
        "dilutedEPS": 0.32,
        "ebit": 259,
        "grossIncome": 615,
        "interestExpense": 37,
        "interestIncomeExpense": -22,
        "netIncome": 162,
        "netIncomeAfterTaxes": 162,
        "nonRecurringItems": 51,
        "period": "2018-06-30",
        "pretaxIncome": 288,
        "provisionforIncomeTaxes": 126,
        "revenue": 1027,
        "sgaExpense": 303,
        "totalOperatingExpense": 356
      },
      {
        "costOfGoodsSold": 485,
        "depreciationAmortization": 53,
        "dilutedAverageSharesOutstanding": 506.983,
        "dilutedEPS": 0.36,
        "ebit": 283,
        "grossIncome": 666,
        "interestExpense": 38,
        "interestIncomeExpense": -34,
        "netIncome": 177,
        "netIncomeAfterTaxes": 182,
        "nonRecurringItems": -10,
        "period": "2018-03-31",
        "pretaxIncome": 239,
        "provisionforIncomeTaxes": 57,
        "revenue": 1151,
        "sgaExpense": 330,
        "totalOperatingExpense": 383
      },
      {
        "costOfGoodsSold": 388,
        "depreciationAmortization": 48,
        "dilutedAverageSharesOutstanding": 508.93,
        "dilutedEPS": 0.48,
        "ebit": 265,
        "grossIncome": 631,
        "interestExpense": 36,
        "interestIncomeExpense": -30,
        "netIncome": 246,
        "netIncomeAfterTaxes": 157,
        "nonRecurringItems": -24,
        "period": "2017-12-31",
        "pretaxIncome": 211,
        "provisionforIncomeTaxes": 54,
        "revenue": 1019,
        "sgaExpense": 318,
        "totalOperatingExpense": 366
      },
      {
        "costOfGoodsSold": 362,
        "depreciationAmortization": 47,
        "dilutedAverageSharesOutstanding": 510.012,
        "dilutedEPS": 0.33,
        "ebit": 265,
        "grossIncome": 603,
        "interestExpense": 34,
        "interestIncomeExpense": -28,
        "netIncome": 170,
        "netIncomeAfterTaxes": 170,
        "nonRecurringItems": -3,
        "period": "2017-09-30",
        "pretaxIncome": 234,
        "provisionforIncomeTaxes": 64,
        "revenue": 965,
        "sgaExpense": 291,
        "totalOperatingExpense": 338
      },
      {
        "costOfGoodsSold": 398,
        "depreciationAmortization": 47,
        "dilutedAverageSharesOutstanding": 505.47,
        "dilutedEPS": 0.29,
        "ebit": 263,
        "grossIncome": 596,
        "interestExpense": 36,
        "interestIncomeExpense": -31,
        "netIncome": 146,
        "netIncomeAfterTaxes": 146,
        "nonRecurringItems": -21,
        "period": "2017-06-30",
        "pretaxIncome": 211,
        "provisionforIncomeTaxes": 65,
        "revenue": 994,
        "sgaExpense": 286,
        "totalOperatingExpense": 333
      },
      {
        "costOfGoodsSold": 388,
        "depreciationAmortization": 45,
        "dilutedAverageSharesOutstanding": 510.746,
        "dilutedEPS": 0.33,
        "ebit": 254,
        "grossIncome": 583,
        "interestExpense": 37,
        "interestIncomeExpense": -31,
        "netIncome": 169,
        "netIncomeAfterTaxes": 169,
        "nonRecurringItems": -6,
        "period": "2017-03-31",
        "pretaxIncome": 217,
        "provisionforIncomeTaxes": 48,
        "revenue": 971,
        "sgaExpense": 284,
        "totalOperatingExpense": 329
      },
      {
        "costOfGoodsSold": 374,
        "depreciationAmortization": 45,
        "dilutedAverageSharesOutstanding": 497.451,
        "dilutedEPS": -0.45,
        "ebit": 233,
        "grossIncome": 599,
        "interestExpense": 37,
        "interestIncomeExpense": -40,
        "minorityInterest": 0,
        "netIncome": -225,
        "netIncomeAfterTaxes": -225,
        "nonRecurringItems": -598,
        "period": "2016-12-31",
        "pretaxIncome": -405,
        "provisionforIncomeTaxes": -180,
        "revenue": 973,
        "sgaExpense": 321,
        "totalOperatingExpense": 366
      },
      {
        "costOfGoodsSold": 344,
        "depreciationAmortization": 46,
        "dilutedAverageSharesOutstanding": 508.496,
        "dilutedEPS": 0.26,
        "ebit": 245,
        "grossIncome": 585,
        "interestExpense": 37,
        "interestIncomeExpense": -34,
        "minorityInterest": 0,
        "netIncome": 131,
        "netIncomeAfterTaxes": 131,
        "nonRecurringItems": -12,
        "period": "2016-09-30",
        "pretaxIncome": 199,
        "provisionforIncomeTaxes": 68,
        "revenue": 929,
        "sgaExpense": 294,
        "totalOperatingExpense": 340
      },
      {
        "costOfGoodsSold": 338,
        "depreciationAmortization": 41,
        "dilutedAverageSharesOutstanding": 504.622,
        "dilutedEPS": 0.14,
        "ebit": 242,
        "grossIncome": 559,
        "interestExpense": 32,
        "interestIncomeExpense": -28,
        "minorityInterest": 0,
        "netIncome": 70,
        "netIncomeAfterTaxes": 70,
        "nonRecurringItems": -68,
        "period": "2016-06-30",
        "pretaxIncome": 146,
        "provisionforIncomeTaxes": 76,
        "revenue": 897,
        "sgaExpense": 276,
        "totalOperatingExpense": 317
      },
      {
        "costOfGoodsSold": 371,
        "depreciationAmortization": 38,
        "dilutedAverageSharesOutstanding": 505.11,
        "dilutedEPS": 0.26,
        "ebit": 237,
        "grossIncome": 534,
        "interestExpense": 28,
        "interestIncomeExpense": -24,
        "netIncome": 132,
        "netIncomeAfterTaxes": 132,
        "nonRecurringItems": -18,
        "period": "2016-03-31",
        "pretaxIncome": 195,
        "provisionforIncomeTaxes": 63,
        "revenue": 905,
        "sgaExpense": 259,
        "totalOperatingExpense": 297
      },
      {
        "costOfGoodsSold": 329,
        "depreciationAmortization": 36,
        "dilutedAverageSharesOutstanding": 506.93,
        "dilutedEPS": 0.29,
        "ebit": 260,
        "grossIncome": 536,
        "interestExpense": 28,
        "interestIncomeExpense": -26,
        "minorityInterest": 0,
        "netIncome": 148,
        "netIncomeAfterTaxes": 148,
        "nonRecurringItems": -15,
        "period": "2015-12-31",
        "pretaxIncome": 219,
        "provisionforIncomeTaxes": 71,
        "revenue": 865,
        "sgaExpense": 240,
        "totalOperatingExpense": 276
      },
      {
        "costOfGoodsSold": 342,
        "depreciationAmortization": 34,
        "dilutedAverageSharesOutstanding": 514.361,
        "dilutedEPS": 0.27,
        "ebit": 243,
        "grossIncome": 529,
        "interestExpense": 28,
        "interestIncomeExpense": -25,
        "minorityInterest": 0,
        "netIncome": 138,
        "netIncomeAfterTaxes": 138,
        "nonRecurringItems": -12,
        "period": "2015-09-30",
        "pretaxIncome": 206,
        "provisionforIncomeTaxes": 68,
        "revenue": 871,
        "sgaExpense": 252,
        "totalOperatingExpense": 286
      }
    ],
    "symbol": "NDAQ"
  }
}