{
  "symbol": "K",
  "statement": "ic",
  "frequency": "quarterly",
  "timestamp": "2025-09-19T14:02:38.704376",
  "data": {
    "financials": [
      {
        "costOfGoodsSold": 2105,
        "dilutedAverageSharesOutstanding": 350,
        "dilutedEPS": 0.8543,
        "ebit": 446,
        "equityEarningsAffiliates": 2,
        "grossIncome": 1098,
        "interestExpense": 63,
        "interestIncomeExpense": -63,
        "minorityInterest": -4,
        "netIncome": 299,
        "netIncomeAfterTaxes": 301,
        "nonRecurringItems": -8,
        "period": "2025-06-28",
        "pretaxIncome": 384,
        "provisionforIncomeTaxes": 83,
        "revenue": 3203,
        "sgaExpense": 652,
        "totalOperatingExpense": 652,
        "totalOtherIncomeExpenseNet": 9
      },
      {
        "costOfGoodsSold": 2018,
        "dilutedAverageSharesOutstanding": 349,
        "dilutedEPS": 0.8711,
        "ebit": 436,
        "equityEarningsAffiliates": 3,
        "grossIncome": 1065,
        "interestExpense": 63,
        "interestIncomeExpense": -63,
        "minorityInterest": -4,
        "netIncome": 304,
        "netIncomeAfterTaxes": 305,
        "nonRecurringItems": -6,
        "period": "2025-03-29",
        "pretaxIncome": 378,
        "provisionforIncomeTaxes": 73,
        "revenue": 3083,
        "sgaExpense": 629,
        "totalOperatingExpense": 629,
        "totalOtherIncomeExpenseNet": 11
      },
      {
        "costOfGoodsSold": 1925,
        "dilutedAverageSharesOutstanding": 349,
        "dilutedEPS": 1.0459,
        "ebit": 553,
        "equityEarningsAffiliates": 3,
        "grossIncome": 1199,
        "interestExpense": 70,
        "interestIncomeExpense": -70,
        "minorityInterest": -3,
        "netIncome": 365,
        "netIncomeAfterTaxes": 365,
        "nonRecurringItems": -22,
        "period": "2024-12-28",
        "pretaxIncome": 456,
        "provisionforIncomeTaxes": 91,
        "revenue": 3124,
        "sgaExpense": 646,
        "totalOperatingExpense": 646,
        "totalOtherIncomeExpenseNet": -5
      },
      {
        "costOfGoodsSold": 2045,
        "dilutedAverageSharesOutstanding": 347,
        "dilutedEPS": 1.0576,
        "ebit": 468,
        "equityEarningsAffiliates": 2,
        "grossIncome": 1188,
        "interestExpense": 75,
        "interestIncomeExpense": -75,
        "minorityInterest": -3,
        "netIncome": 367,
        "netIncomeAfterTaxes": 368,
        "nonRecurringItems": -12,
        "period": "2024-09-28",
        "pretaxIncome": 402,
        "provisionforIncomeTaxes": 34,
        "revenue": 3233,
        "sgaExpense": 720,
        "totalOperatingExpense": 720,
        "totalOtherIncomeExpenseNet": 21
      },
      {
        "costOfGoodsSold": 2022,
        "dilutedAverageSharesOutstanding": 345,
        "dilutedEPS": 0.9971,
        "ebit": 502,
        "equityEarningsAffiliates": 1,
        "grossIncome": 1170,
        "interestExpense": 83,
        "interestIncomeExpense": -83,
        "minorityInterest": -3,
        "netIncome": 344,
        "netIncomeAfterTaxes": 346,
        "nonRecurringItems": -9,
        "period": "2024-06-29",
        "pretaxIncome": 443,
        "provisionforIncomeTaxes": 97,
        "revenue": 3192,
        "sgaExpense": 668,
        "totalOperatingExpense": 668,
        "totalOtherIncomeExpenseNet": 33
      },
      {
        "costOfGoodsSold": 2068,
        "dilutedAverageSharesOutstanding": 344,
        "dilutedEPS": 0.7762,
        "ebit": 495,
        "equityEarningsAffiliates": 0,
        "grossIncome": 1132,
        "interestExpense": 83,
        "interestIncomeExpense": -84,
        "minorityInterest": -4,
        "netIncome": 267,
        "netIncomeAfterTaxes": 271,
        "nonRecurringItems": -101,
        "period": "2024-03-30",
        "pretaxIncome": 353,
        "provisionforIncomeTaxes": 82,
        "revenue": 3200,
        "sgaExpense": 638,
        "totalOperatingExpense": 637,
        "totalOtherIncomeExpenseNet": 43
      },
      {
        "costOfGoodsSold": 692,
        "dilutedAverageSharesOutstanding": 342,
        "dilutedEPS": 0.07,
        "ebit": 103,
        "equityEarningsAffiliates": 2,
        "grossIncome": 397,
        "interestExpense": 85,
        "interestIncomeExpense": -41,
        "minorityInterest": -3,
        "netIncome": 27,
        "netIncomeAfterTaxes": -148,
        "nonRecurringItems": -46,
        "otherOperatingExpensesTotal": -29,
        "period": "2023-12-30",
        "pretaxIncome": -184,
        "provisionforIncomeTaxes": -36,
        "revenue": 1089,
        "sgaExpense": 323,
        "totalOperatingExpense": 294,
        "totalOtherIncomeExpenseNet": -200
      },
      {
        "costOfGoodsSold": 2596,
        "dilutedAverageSharesOutstanding": 345,
        "dilutedEPS": 0.78,
        "ebit": 482,
        "equityEarningsAffiliates": -1,
        "grossIncome": 1343,
        "interestExpense": 75,
        "interestIncomeExpense": -83,
        "minorityInterest": -1,
        "netIncome": 269,
        "netIncomeAfterTaxes": 271,
        "period": "2023-09-30",
        "pretaxIncome": 375,
        "provisionforIncomeTaxes": 104,
        "revenue": 3939,
        "sgaExpense": 861,
        "totalOperatingExpense": 861,
        "totalOtherIncomeExpenseNet": -24
      },
      {
        "costOfGoodsSold": 2708,
        "dilutedAverageSharesOutstanding": 345,
        "dilutedEPS": 1.03,
        "ebit": 509,
        "equityEarningsAffiliates": 3,
        "grossIncome": 1333,
        "interestExpense": 73,
        "interestIncomeExpense": -82,
        "minorityInterest": -5,
        "netIncome": 357,
        "netIncomeAfterTaxes": 359,
        "period": "2023-07-01",
        "pretaxIncome": 463,
        "provisionforIncomeTaxes": 104,
        "revenue": 4041,
        "sgaExpense": 824,
        "totalOperatingExpense": 824,
        "totalOtherIncomeExpenseNet": 36
      },
      {
        "costOfGoodsSold": 2843,
        "dilutedAverageSharesOutstanding": 345,
        "dilutedEPS": 0.86,
        "ebit": 440,
        "equityEarningsAffiliates": 2,
        "grossIncome": 1210,
        "interestExpense": 70,
        "interestIncomeExpense": -80,
        "minorityInterest": -4,
        "netIncome": 298,
        "netIncomeAfterTaxes": 300,
        "period": "2023-04-01",
        "pretaxIncome": 386,
        "provisionforIncomeTaxes": 86,
        "revenue": 4053,
        "sgaExpense": 770,
        "totalOperatingExpense": 770,
        "totalOtherIncomeExpenseNet": 26
      },
      {
        "costOfGoodsSold": 2673,
        "dilutedAverageSharesOutstanding": 346.5,
        "dilutedEPS": -0.28,
        "ebit": 335,
        "equityEarningsAffiliates": 3,
        "grossIncome": 1160,
        "interestExpense": 52,
        "interestIncomeExpense": -69,
        "minorityInterest": 2,
        "netIncome": -98,
        "netIncomeAfterTaxes": -103,
        "period": "2022-12-31",
        "pretaxIncome": -142,
        "provisionforIncomeTaxes": -39,
        "revenue": 3833,
        "sgaExpense": 825,
        "totalOperatingExpense": 825,
        "totalOtherIncomeExpenseNet": -408
      },
      {
        "costOfGoodsSold": 2793,
        "dilutedAverageSharesOutstanding": 344,
        "dilutedEPS": 0.9,
        "ebit": 368,
        "equityEarningsAffiliates": 3,
        "grossIncome": 1153,
        "interestExpense": 39,
        "interestIncomeExpense": -39,
        "minorityInterest": -2,
        "netIncome": 310,
        "netIncomeAfterTaxes": 309,
        "period": "2022-10-01",
        "pretaxIncome": 383,
        "provisionforIncomeTaxes": 74,
        "revenue": 3946,
        "sgaExpense": 785,
        "totalOperatingExpense": 785,
        "totalOtherIncomeExpenseNet": 54
      },
      {
        "costOfGoodsSold": 2721,
        "dilutedAverageSharesOutstanding": 342,
        "dilutedEPS": 0.95,
        "ebit": 415,
        "equityEarningsAffiliates": 2,
        "grossIncome": 1143,
        "interestExpense": 54,
        "interestIncomeExpense": -54,
        "minorityInterest": 0,
        "netIncome": 326,
        "netIncomeAfterTaxes": 324,
        "period": "2022-07-02",
        "pretaxIncome": 421,
        "provisionforIncomeTaxes": 97,
        "revenue": 3864,
        "sgaExpense": 728,
        "totalOperatingExpense": 728,
        "totalOtherIncomeExpenseNet": 60
      },
      {
        "costOfGoodsSold": 2513,
        "dilutedAverageSharesOutstanding": 342,
        "dilutedEPS": 1.23,
        "ebit": 517,
        "equityEarningsAffiliates": 1,
        "grossIncome": 1159,
        "interestExpense": 56,
        "interestIncomeExpense": -56,
        "minorityInterest": -2,
        "netIncome": 422,
        "netIncomeAfterTaxes": 423,
        "period": "2022-04-02",
        "pretaxIncome": 535,
        "provisionforIncomeTaxes": 112,
        "revenue": 3672,
        "sgaExpense": 642,
        "totalOperatingExpense": 642,
        "totalOtherIncomeExpenseNet": 74
      },
      {
        "costOfGoodsSold": 2397,
        "dilutedAverageSharesOutstanding": 345.6,
        "dilutedEPS": 1.25,
        "ebit": 356,
        "equityEarningsAffiliates": 3,
        "grossIncome": 1023,
        "interestExpense": 51,
        "interestIncomeExpense": -51,
        "minorityInterest": -1,
        "netIncome": 433,
        "netIncomeAfterTaxes": 431,
        "nonRecurringItems": -27,
        "period": "2022-01-01",
        "pretaxIncome": 560,
        "provisionforIncomeTaxes": 129,
        "revenue": 3420,
        "sgaExpense": 667,
        "totalOperatingExpense": 667,
        "totalOtherIncomeExpenseNet": 282
      },
      {
        "costOfGoodsSold": 2499,
        "dilutedAverageSharesOutstanding": 343,
        "dilutedEPS": 0.9,
        "ebit": 404,
        "equityEarningsAffiliates": 5,
        "grossIncome": 1123,
        "interestExpense": 55,
        "interestIncomeExpense": -11,
        "minorityInterest": 2,
        "netIncome": 307,
        "netIncomeAfterTaxes": 300,
        "period": "2021-10-02",
        "pretaxIncome": 392,
        "provisionforIncomeTaxes": 92,
        "revenue": 3622,
        "sgaExpense": 719,
        "totalOperatingExpense": 719,
        "totalOtherIncomeExpenseNet": -1
      },
      {
        "costOfGoodsSold": 2377,
        "dilutedAverageSharesOutstanding": 343,
        "dilutedEPS": 1.11,
        "ebit": 457,
        "equityEarningsAffiliates": -3,
        "grossIncome": 1178,
        "interestExpense": 58,
        "interestIncomeExpense": -11,
        "minorityInterest": -5,
        "netIncome": 380,
        "netIncomeAfterTaxes": 388,
        "period": "2021-07-03",
        "pretaxIncome": 532,
        "provisionforIncomeTaxes": 144,
        "revenue": 3555,
        "sgaExpense": 721,
        "totalOperatingExpense": 721,
        "totalOtherIncomeExpenseNet": 86
      },
      {
        "costOfGoodsSold": 2413,
        "dilutedAverageSharesOutstanding": 344,
        "dilutedEPS": 1.07,
        "ebit": 473,
        "equityEarningsAffiliates": -2,
        "grossIncome": 1171,
        "interestExpense": 58,
        "interestIncomeExpense": -61,
        "minorityInterest": -3,
        "netIncome": 368,
        "netIncomeAfterTaxes": 373,
        "period": "2021-04-03",
        "pretaxIncome": 482,
        "provisionforIncomeTaxes": 109,
        "revenue": 3584,
        "sgaExpense": 698,
        "totalOperatingExpense": 698,
        "totalOtherIncomeExpenseNet": 70
      },
      {
        "costOfGoodsSold": 2279,
        "dilutedAverageSharesOutstanding": 345,
        "dilutedEPS": 0.59,
        "ebit": 407,
        "equityEarningsAffiliates": -7,
        "grossIncome": 1185,
        "interestExpense": 85,
        "interestIncomeExpense": -85,
        "minorityInterest": -3,
        "netIncome": 205,
        "netIncomeAfterTaxes": 215,
        "nonRecurringItems": -14,
        "period": "2021-01-02",
        "pretaxIncome": 270,
        "provisionforIncomeTaxes": 55,
        "revenue": 3464,
        "sgaExpense": 778,
        "totalOperatingExpense": 778,
        "totalOtherIncomeExpenseNet": -38
      },
      {
        "costOfGoodsSold": 2228,
        "dilutedAverageSharesOutstanding": 346,
        "dilutedEPS": 1,
        "ebit": 411,
        "equityEarningsAffiliates": -1,
        "grossIncome": 1201,
        "interestExpense": 63,
        "interestIncomeExpense": -63,
        "minorityInterest": -4,
        "netIncome": 348,
        "netIncomeAfterTaxes": 385,
        "period": "2020-09-26",
        "pretaxIncome": 418,
        "provisionforIncomeTaxes": 33,
        "revenue": 3429,
        "sgaExpense": 790,
        "totalOperatingExpense": 790,
        "totalOtherIncomeExpenseNet": 70
      },
      {
        "costOfGoodsSold": 2262,
        "dilutedAverageSharesOutstanding": 345,
        "dilutedEPS": 1.02,
        "ebit": 520,
        "equityEarningsAffiliates": -4,
        "grossIncome": 1203,
        "interestExpense": 69,
        "interestIncomeExpense": -69,
        "minorityInterest": -3,
        "netIncome": 351,
        "netIncomeAfterTaxes": 358,
        "nonRecurringItems": -14,
        "period": "2020-06-27",
        "pretaxIncome": 467,
        "provisionforIncomeTaxes": 109,
        "revenue": 3465,
        "sgaExpense": 683,
        "totalOperatingExpense": 683,
        "totalOtherIncomeExpenseNet": 30
      },
      {
        "costOfGoodsSold": 2295,
        "dilutedAverageSharesOutstanding": 344,
        "dilutedEPS": 1.01,
        "ebit": 429,
        "equityEarningsAffiliates": -2,
        "grossIncome": 1117,
        "interestExpense": 64,
        "interestIncomeExpense": -24,
        "minorityInterest": -3,
        "netIncome": 347,
        "netIncomeAfterTaxes": 352,
        "nonRecurringItems": -1,
        "period": "2020-03-28",
        "pretaxIncome": 446,
        "provisionforIncomeTaxes": 94,
        "revenue": 3412,
        "sgaExpense": 688,
        "totalOperatingExpense": 688,
        "totalOtherIncomeExpenseNet": 42
      },
      {
        "costOfGoodsSold": 2231,
        "dilutedAverageSharesOutstanding": 341,
        "dilutedEPS": 0.43,
        "ebit": 286,
        "equityEarningsAffiliates": -2,
        "grossIncome": 992,
        "interestExpense": 63,
        "interestIncomeExpense": 35,
        "minorityInterest": -7,
        "netIncome": 145,
        "netIncomeAfterTaxes": 154,
        "nonRecurringItems": -27,
        "period": "2019-12-28",
        "pretaxIncome": 238,
        "provisionforIncomeTaxes": 84,
        "revenue": 3223,
        "sgaExpense": 706,
        "totalOperatingExpense": 706,
        "totalOtherIncomeExpenseNet": -56
      },
      {
        "costOfGoodsSold": 2379,
        "dilutedAverageSharesOutstanding": 342,
        "dilutedEPS": 0.72,
        "ebit": 261,
        "equityEarningsAffiliates": -2,
        "grossIncome": 993,
        "interestExpense": 72,
        "interestIncomeExpense": -52,
        "minorityInterest": -1,
        "netIncome": 247,
        "netIncomeAfterTaxes": 250,
        "nonRecurringItems": -18,
        "period": "2019-09-28",
        "pretaxIncome": 341,
        "provisionforIncomeTaxes": 91,
        "revenue": 3372,
        "sgaExpense": 732,
        "totalOperatingExpense": 732,
        "totalOtherIncomeExpenseNet": 150
      },
      {
        "costOfGoodsSold": 2305,
        "dilutedAverageSharesOutstanding": 341,
        "dilutedEPS": 0.84,
        "ebit": 421,
        "equityEarningsAffiliates": -1,
        "grossIncome": 1156,
        "interestExpense": 75,
        "interestIncomeExpense": -34,
        "minorityInterest": -6,
        "netIncome": 286,
        "netIncomeAfterTaxes": 293,
        "nonRecurringItems": -65,
        "period": "2019-06-29",
        "pretaxIncome": 367,
        "provisionforIncomeTaxes": 74,
        "revenue": 3461,
        "sgaExpense": 735,
        "totalOperatingExpense": 735,
        "totalOtherIncomeExpenseNet": 45
      },
      {
        "costOfGoodsSold": 2366,
        "dilutedAverageSharesOutstanding": 343,
        "dilutedEPS": 0.82,
        "ebit": 432,
        "equityEarningsAffiliates": -2,
        "grossIncome": 1156,
        "interestExpense": 74,
        "interestIncomeExpense": -118,
        "minorityInterest": -3,
        "netIncome": 282,
        "netIncomeAfterTaxes": 287,
        "nonRecurringItems": -8,
        "period": "2019-03-30",
        "pretaxIncome": 359,
        "provisionforIncomeTaxes": 72,
        "revenue": 3522,
        "sgaExpense": 724,
        "totalOperatingExpense": 724,
        "totalOtherIncomeExpenseNet": 53
      },
      {
        "costOfGoodsSold": 2288,
        "dilutedAverageSharesOutstanding": 350,
        "dilutedEPS": -0.24,
        "ebit": 307,
        "equityEarningsAffiliates": 0,
        "grossIncome": 1029,
        "interestExpense": 74,
        "interestIncomeExpense": -53,
        "minorityInterest": -2,
        "netIncome": -84,
        "netIncomeAfterTaxes": -93,
        "nonRecurringItems": -2,
        "period": "2018-12-29",
        "pretaxIncome": -107,
        "provisionforIncomeTaxes": -14,
        "revenue": 3317,
        "sgaExpense": 722,
        "totalOperatingExpense": 722,
        "totalOtherIncomeExpenseNet": -359
      },
      {
        "costOfGoodsSold": 2374,
        "dilutedAverageSharesOutstanding": 349,
        "dilutedEPS": 1.09,
        "ebit": 316,
        "equityEarningsAffiliates": -2,
        "grossIncome": 1095,
        "interestExpense": 72,
        "interestIncomeExpense": -26,
        "minorityInterest": -3,
        "netIncome": 380,
        "netIncomeAfterTaxes": 385,
        "nonRecurringItems": 34,
        "period": "2018-09-29",
        "pretaxIncome": 454,
        "provisionforIncomeTaxes": 69,
        "revenue": 3469,
        "sgaExpense": 779,
        "totalOperatingExpense": 779,
        "totalOtherIncomeExpenseNet": 130
      },
      {
        "costOfGoodsSold": 2145,
        "dilutedAverageSharesOutstanding": 348,
        "dilutedEPS": 1.71,
        "ebit": 486,
        "equityEarningsAffiliates": 198,
        "grossIncome": 1215,
        "interestExpense": 72,
        "interestIncomeExpense": -71,
        "minorityInterest": -3,
        "netIncome": 596,
        "netIncomeAfterTaxes": 401,
        "nonRecurringItems": -13,
        "period": "2018-06-30",
        "pretaxIncome": 471,
        "provisionforIncomeTaxes": 70,
        "revenue": 3360,
        "sgaExpense": 729,
        "totalOperatingExpense": 729,
        "totalOtherIncomeExpenseNet": 69
      },
      {
        "costOfGoodsSold": 2103,
        "dilutedAverageSharesOutstanding": 348,
        "dilutedEPS": 1.28,
        "ebit": 581,
        "equityEarningsAffiliates": 0,
        "grossIncome": 1298,
        "interestExpense": 69,
        "interestIncomeExpense": -146,
        "netIncome": 444,
        "netIncomeAfterTaxes": 444,
        "nonRecurringItems": 6,
        "period": "2018-03-31",
        "pretaxIncome": 511,
        "provisionforIncomeTaxes": 67,
        "revenue": 3401,
        "sgaExpense": 717,
        "totalOperatingExpense": 717,
        "totalOtherIncomeExpenseNet": 70
      },
      {
        "costOfGoodsSold": 2110,
        "dilutedAverageSharesOutstanding": 348,
        "dilutedEPS": 1.19,
        "ebit": 347,
        "equityEarningsAffiliates": 2,
        "grossIncome": 1075,
        "interestExpense": 68,
        "interestIncomeExpense": -47,
        "minorityInterest": 0,
        "netIncome": 417,
        "netIncomeAfterTaxes": 423,
        "nonRecurringItems": 21,
        "period": "2017-12-30",
        "pretaxIncome": 579,
        "provisionforIncomeTaxes": 156,
        "revenue": 3185,
        "sgaExpense": 728,
        "totalOperatingExpense": 728,
        "totalOtherIncomeExpenseNet": 258
      },
      {
        "costOfGoodsSold": 2144,
        "dilutedAverageSharesOutstanding": 348,
        "dilutedEPS": 0.83,
        "ebit": 350,
        "equityEarningsAffiliates": 3,
        "grossIncome": 1102,
        "interestExpense": 64,
        "interestIncomeExpense": -43,
        "minorityInterest": 0,
        "netIncome": 288,
        "netIncomeAfterTaxes": 285,
        "nonRecurringItems": -38,
        "period": "2017-09-30",
        "pretaxIncome": 386,
        "provisionforIncomeTaxes": 101,
        "revenue": 3246,
        "sgaExpense": 752,
        "totalOperatingExpense": 752,
        "totalOtherIncomeExpenseNet": 117
      },
      {
        "costOfGoodsSold": 1967,
        "dilutedAverageSharesOutstanding": 352,
        "dilutedEPS": 0.8,
        "ebit": 444,
        "equityEarningsAffiliates": 0,
        "grossIncome": 1208,
        "interestExpense": 63,
        "interestIncomeExpense": -70,
        "minorityInterest": 0,
        "netIncome": 283,
        "netIncomeAfterTaxes": 283,
        "nonRecurringItems": -52,
        "period": "2017-07-01",
        "pretaxIncome": 385,
        "provisionforIncomeTaxes": 102,
        "revenue": 3175,
        "sgaExpense": 764,
        "totalOperatingExpense": 764,
        "totalOtherIncomeExpenseNet": 63
      },
      {
        "costOfGoodsSold": 2042,
        "dilutedAverageSharesOutstanding": 354,
        "dilutedEPS": 0.75,
        "ebit": 453,
        "equityEarningsAffiliates": 2,
        "grossIncome": 1206,
        "interestExpense": 61,
        "interestIncomeExpense": -122,
        "netIncome": 266,
        "netIncomeAfterTaxes": 264,
        "nonRecurringItems": -112,
        "period": "2017-04-01",
        "pretaxIncome": 307,
        "provisionforIncomeTaxes": 43,
        "revenue": 3248,
        "sgaExpense": 753,
        "totalOperatingExpense": 753,
        "totalOtherIncomeExpenseNet": 88
      },
      {
        "costOfGoodsSold": 1869,
        "dilutedAverageSharesOutstanding": 350,
        "dilutedEPS": -0.15,
        "ebit": 488,
        "equityEarningsAffiliates": 0,
        "grossIncome": 1228,
        "interestExpense": 66,
        "interestIncomeExpense": -273,
        "minorityInterest": -1,
        "netIncome": -53,
        "netIncomeAfterTaxes": -52,
        "nonRecurringItems": -170,
        "period": "2016-12-31",
        "pretaxIncome": -34,
        "provisionforIncomeTaxes": 18,
        "revenue": 3097,
        "sgaExpense": 740,
        "totalOperatingExpense": 740,
        "totalOtherIncomeExpenseNet": -79
      },
      {
        "costOfGoodsSold": 1978,
        "dilutedAverageSharesOutstanding": 354,
        "dilutedEPS": 0.82,
        "ebit": 482,
        "equityEarningsAffiliates": -1,
        "grossIncome": 1276,
        "interestExpense": 64,
        "interestIncomeExpense": -90,
        "minorityInterest": 0,
        "netIncome": 292,
        "netIncomeAfterTaxes": 293,
        "nonRecurringItems": -41,
        "period": "2016-10-01",
        "pretaxIncome": 355,
        "provisionforIncomeTaxes": 62,
        "revenue": 3254,
        "sgaExpense": 794,
        "totalOperatingExpense": 794,
        "totalOtherIncomeExpenseNet": 4
      },
      {
        "costOfGoodsSold": 1973,
        "dilutedAverageSharesOutstanding": 354,
        "dilutedEPS": 0.79,
        "ebit": 507,
        "equityEarningsAffiliates": 1,
        "grossIncome": 1295,
        "interestExpense": 71,
        "interestIncomeExpense": -48,
        "minorityInterest": 0,
        "netIncome": 280,
        "netIncomeAfterTaxes": 279,
        "nonRecurringItems": -78,
        "period": "2016-07-02",
        "pretaxIncome": 385,
        "provisionforIncomeTaxes": 106,
        "revenue": 3268,
        "sgaExpense": 788,
        "totalOperatingExpense": 788,
        "totalOtherIncomeExpenseNet": 4
      },
      {
        "costOfGoodsSold": 2101,
        "dilutedAverageSharesOutstanding": 355,
        "dilutedEPS": 0.49,
        "ebit": 524,
        "equityEarningsAffiliates": 1,
        "grossIncome": 1294,
        "interestExpense": 223,
        "interestIncomeExpense": -245,
        "minorityInterest": 0,
        "netIncome": 175,
        "netIncomeAfterTaxes": 174,
        "nonRecurringItems": -58,
        "period": "2016-04-02",
        "pretaxIncome": 221,
        "provisionforIncomeTaxes": 47,
        "revenue": 3395,
        "sgaExpense": 770,
        "totalOperatingExpense": 770
      },
      {
        "costOfGoodsSold": 1897,
        "dilutedAverageSharesOutstanding": 341.7,
        "dilutedEPS": -0.12,
        "ebit": 450,
        "equityEarningsAffiliates": 3,
        "grossIncome": 1245,
        "interestExpense": 46,
        "interestIncomeExpense": -444,
        "minorityInterest": -1,
        "netIncome": -41,
        "netIncomeAfterTaxes": -43,
        "nonRecurringItems": -92,
        "period": "2016-01-02",
        "pretaxIncome": -111,
        "provisionforIncomeTaxes": -68,
        "revenue": 3142,
        "sgaExpense": 795,
        "totalOperatingExpense": 795,
        "totalOtherIncomeExpenseNet": -25
      },
      {
        "costOfGoodsSold": 1950,
        "dilutedAverageSharesOutstanding": 356,
        "dilutedEPS": 0.58,
        "ebit": 518,
        "equityEarningsAffiliates": -1,
        "grossIncome": 1379,
        "interestExpense": 62,
        "interestIncomeExpense": -136,
        "minorityInterest": 0,
        "netIncome": 205,
        "netIncomeAfterTaxes": 206,
        "nonRecurringItems": -104,
        "period": "2015-10-03",
        "pretaxIncome": 272,
        "provisionforIncomeTaxes": 66,
        "revenue": 3329,
        "sgaExpense": 861,
        "totalOperatingExpense": 861,
        "totalOtherIncomeExpenseNet": -6
      }
    ],
    "symbol": "K"
  }
}