{
  "symbol": "MLM",
  "statement": "ic",
  "frequency": "quarterly",
  "timestamp": "2025-09-19T14:03:37.407366",
  "data": {
    "financials": [
      {
        "costOfGoodsSold": 1267,
        "dilutedAverageSharesOutstanding": 60.4,
        "dilutedEPS": 5.4305,
        "ebit": 460,
        "grossIncome": 544,
        "interestExpense": 57,
        "interestIncomeExpense": -57,
        "minorityInterest": 0,
        "netIncome": 328,
        "netIncomeAfterTaxes": 328,
        "nonRecurringItems": -2,
        "otherOperatingExpensesTotal": -25,
        "period": "2025-06-30",
        "pretaxIncome": 411,
        "provisionforIncomeTaxes": 83,
        "revenue": 1811,
        "sgaExpense": 109,
        "totalOperatingExpense": 84,
        "totalOtherIncomeExpenseNet": 10
      },
      {
        "costOfGoodsSold": 1018,
        "dilutedAverageSharesOutstanding": 61,
        "dilutedEPS": 1.9016,
        "ebit": 196,
        "grossIncome": 335,
        "interestExpense": 56,
        "interestIncomeExpense": -56,
        "minorityInterest": 0,
        "netIncome": 116,
        "netIncomeAfterTaxes": 116,
        "nonRecurringItems": -2,
        "otherOperatingExpensesTotal": 9,
        "period": "2025-03-31",
        "pretaxIncome": 148,
        "provisionforIncomeTaxes": 32,
        "revenue": 1353,
        "sgaExpense": 130,
        "totalOperatingExpense": 139,
        "totalOtherIncomeExpenseNet": 10
      },
      {
        "costOfGoodsSold": 1141,
        "dilutedAverageSharesOutstanding": 61.6,
        "dilutedEPS": 4.7727,
        "ebit": 405,
        "grossIncome": 490,
        "interestExpense": 50,
        "interestIncomeExpense": -50,
        "minorityInterest": 0,
        "netIncome": 294,
        "netIncomeAfterTaxes": 294,
        "nonRecurringItems": -6,
        "otherOperatingExpensesTotal": -21,
        "period": "2024-12-31",
        "pretaxIncome": 353,
        "provisionforIncomeTaxes": 59,
        "revenue": 1631,
        "sgaExpense": 106,
        "totalOperatingExpense": 85,
        "totalOtherIncomeExpenseNet": 4
      },
      {
        "costOfGoodsSold": 1290,
        "dilutedAverageSharesOutstanding": 61.3,
        "dilutedEPS": 5.9217,
        "ebit": 493,
        "grossIncome": 599,
        "interestExpense": 38,
        "interestIncomeExpense": -38,
        "minorityInterest": 0,
        "netIncome": 363,
        "netIncomeAfterTaxes": 363,
        "nonRecurringItems": -4,
        "otherOperatingExpensesTotal": 1,
        "period": "2024-09-30",
        "pretaxIncome": 458,
        "provisionforIncomeTaxes": 95,
        "revenue": 1889,
        "sgaExpense": 105,
        "totalOperatingExpense": 106,
        "totalOtherIncomeExpenseNet": 7
      },
      {
        "costOfGoodsSold": 1247,
        "dilutedAverageSharesOutstanding": 61.6,
        "dilutedEPS": 4.7727,
        "ebit": 419,
        "grossIncome": 517,
        "interestExpense": 40,
        "interestIncomeExpense": -40,
        "minorityInterest": 0,
        "netIncome": 294,
        "netIncomeAfterTaxes": 294,
        "nonRecurringItems": -21,
        "otherOperatingExpensesTotal": -19,
        "period": "2024-06-30",
        "pretaxIncome": 372,
        "provisionforIncomeTaxes": 78,
        "revenue": 1764,
        "sgaExpense": 117,
        "totalOperatingExpense": 98,
        "totalOtherIncomeExpenseNet": 14
      },
      {
        "costOfGoodsSold": 979,
        "dilutedAverageSharesOutstanding": 62,
        "dilutedEPS": 16.8548,
        "ebit": 159,
        "grossIncome": 272,
        "interestExpense": 40,
        "interestIncomeExpense": -40,
        "minorityInterest": -1,
        "netIncome": 1045,
        "netIncomeAfterTaxes": 1046,
        "nonRecurringItems": 1262,
        "otherOperatingExpensesTotal": -5,
        "period": "2024-03-31",
        "pretaxIncome": 1414,
        "provisionforIncomeTaxes": 368,
        "revenue": 1251,
        "sgaExpense": 118,
        "totalOperatingExpense": 113,
        "totalOtherIncomeExpenseNet": 33
      },
      {
        "costOfGoodsSold": 1124.8,
        "dilutedAverageSharesOutstanding": 62.1,
        "dilutedEPS": 4.54,
        "ebit": 377.8,
        "grossIncome": 483.4,
        "interestExpense": 40.2,
        "interestIncomeExpense": -40.2,
        "minorityInterest": -0.1,
        "netIncome": 282.5,
        "netIncomeAfterTaxes": 287.7,
        "nonRecurringItems": -7.7,
        "otherOperatingExpensesTotal": -13.1,
        "period": "2023-12-31",
        "pretaxIncome": 342.8,
        "provisionforIncomeTaxes": 55.1,
        "revenue": 1608.2,
        "sgaExpense": 118.7,
        "totalOperatingExpense": 105.6,
        "totalOtherIncomeExpenseNet": 12.9
      },
      {
        "costOfGoodsSold": 1318.1,
        "dilutedAverageSharesOutstanding": 62,
        "dilutedEPS": 6.72,
        "ebit": 569.9,
        "grossIncome": 676,
        "interestExpense": 40.8,
        "interestIncomeExpense": -40.8,
        "minorityInterest": 0.1,
        "netIncome": 416.7,
        "netIncomeAfterTaxes": 430.2,
        "nonRecurringItems": -3.3,
        "otherOperatingExpensesTotal": -2,
        "period": "2023-09-30",
        "pretaxIncome": 540.1,
        "provisionforIncomeTaxes": 109.9,
        "revenue": 1994.1,
        "sgaExpense": 108.1,
        "totalOperatingExpense": 106.1,
        "totalOtherIncomeExpenseNet": 14.3
      },
      {
        "costOfGoodsSold": 1260.4,
        "dilutedAverageSharesOutstanding": 62.1,
        "dilutedEPS": 5.6,
        "ebit": 463.7,
        "grossIncome": 560.4,
        "interestExpense": 42.2,
        "interestIncomeExpense": -42.2,
        "minorityInterest": -0.3,
        "netIncome": 348.3,
        "netIncomeAfterTaxes": 347.9,
        "nonRecurringItems": -0.4,
        "otherOperatingExpensesTotal": -14.9,
        "period": "2023-06-30",
        "pretaxIncome": 439.8,
        "provisionforIncomeTaxes": 91.9,
        "revenue": 1820.8,
        "sgaExpense": 111.6,
        "totalOperatingExpense": 96.7,
        "totalOtherIncomeExpenseNet": 18.7
      },
      {
        "costOfGoodsSold": 1051.3,
        "dilutedAverageSharesOutstanding": 62.2,
        "dilutedEPS": 1.95,
        "ebit": 196.9,
        "grossIncome": 302.8,
        "interestExpense": 42.2,
        "interestIncomeExpense": -42.2,
        "minorityInterest": -0.2,
        "netIncome": 121.4,
        "netIncomeAfterTaxes": 134.5,
        "nonRecurringItems": -0.8,
        "otherOperatingExpensesTotal": 1.6,
        "period": "2023-03-31",
        "pretaxIncome": 170,
        "provisionforIncomeTaxes": 35.5,
        "revenue": 1354.1,
        "sgaExpense": 104.3,
        "totalOperatingExpense": 105.9,
        "totalOtherIncomeExpenseNet": 16.1
      },
      {
        "costOfGoodsSold": 1122.3,
        "dilutedAverageSharesOutstanding": 62.5,
        "dilutedEPS": 2.93,
        "ebit": 265.3,
        "grossIncome": 354.2,
        "interestExpense": 42.6,
        "interestIncomeExpense": -42.6,
        "minorityInterest": -0.2,
        "netIncome": 183.6,
        "netIncomeAfterTaxes": 187.6,
        "nonRecurringItems": -3,
        "otherOperatingExpensesTotal": -11.8,
        "period": "2022-12-31",
        "pretaxIncome": 233,
        "provisionforIncomeTaxes": 45.4,
        "revenue": 1476.5,
        "sgaExpense": 100.7,
        "totalOperatingExpense": 88.9,
        "totalOtherIncomeExpenseNet": 13.3
      },
      {
        "costOfGoodsSold": 1323.9,
        "dilutedAverageSharesOutstanding": 62.5,
        "dilutedEPS": 4.72,
        "ebit": 407.5,
        "grossIncome": 487.8,
        "interestExpense": 42.8,
        "interestIncomeExpense": -42.8,
        "minorityInterest": 0,
        "netIncome": 295.3,
        "netIncomeAfterTaxes": 291.2,
        "nonRecurringItems": -1.6,
        "otherOperatingExpensesTotal": -14.6,
        "period": "2022-09-30",
        "pretaxIncome": 370.4,
        "provisionforIncomeTaxes": 79.2,
        "revenue": 1811.7,
        "sgaExpense": 94.9,
        "totalOperatingExpense": 80.3,
        "totalOtherIncomeExpenseNet": 7.3
      },
      {
        "costOfGoodsSold": 1216.5,
        "dilutedAverageSharesOutstanding": 62.5,
        "dilutedEPS": 5.86,
        "ebit": 329.8,
        "grossIncome": 425.2,
        "interestExpense": 43.1,
        "interestIncomeExpense": -43.1,
        "minorityInterest": 0.1,
        "netIncome": 366.5,
        "netIncomeAfterTaxes": 353.1,
        "nonRecurringItems": 148.8,
        "otherOperatingExpensesTotal": -8.7,
        "period": "2022-06-30",
        "pretaxIncome": 457.5,
        "provisionforIncomeTaxes": 104.4,
        "revenue": 1641.7,
        "sgaExpense": 104.1,
        "totalOperatingExpense": 95.4,
        "totalOtherIncomeExpenseNet": 22
      },
      {
        "costOfGoodsSold": 1074.7,
        "dilutedAverageSharesOutstanding": 62.6,
        "dilutedEPS": 0.34,
        "ebit": 61.3,
        "grossIncome": 156.1,
        "interestExpense": 40.5,
        "interestIncomeExpense": -40.5,
        "minorityInterest": 0.1,
        "netIncome": 21.4,
        "netIncomeAfterTaxes": 24.4,
        "nonRecurringItems": -1.4,
        "otherOperatingExpensesTotal": -2.3,
        "period": "2022-03-31",
        "pretaxIncome": 30.2,
        "provisionforIncomeTaxes": 5.8,
        "revenue": 1230.8,
        "sgaExpense": 97.1,
        "totalOperatingExpense": 94.8,
        "totalOtherIncomeExpenseNet": 10.8
      },
      {
        "costOfGoodsSold": 1149.7,
        "dilutedAverageSharesOutstanding": 62.6,
        "dilutedEPS": 2.49,
        "ebit": 240.7,
        "grossIncome": 346.7,
        "interestExpense": 42.8,
        "interestIncomeExpense": -42.8,
        "minorityInterest": -0.1,
        "netIncome": 156.6,
        "netIncomeAfterTaxes": 156.4,
        "nonRecurringItems": -30.6,
        "otherOperatingExpensesTotal": 3.2,
        "period": "2021-12-31",
        "pretaxIncome": 167.9,
        "provisionforIncomeTaxes": 11.5,
        "revenue": 1496.4,
        "sgaExpense": 102.8,
        "totalOperatingExpense": 106,
        "totalOtherIncomeExpenseNet": 0.6
      },
      {
        "costOfGoodsSold": 1115.4,
        "dilutedAverageSharesOutstanding": 62.6,
        "dilutedEPS": 4.07,
        "ebit": 364.3,
        "grossIncome": 441.9,
        "interestExpense": 44.3,
        "interestIncomeExpense": -44.3,
        "minorityInterest": 0,
        "netIncome": 254.6,
        "netIncomeAfterTaxes": 254.6,
        "nonRecurringItems": -7.4,
        "otherOperatingExpensesTotal": -8.4,
        "period": "2021-09-30",
        "pretaxIncome": 318.2,
        "provisionforIncomeTaxes": 63.6,
        "revenue": 1557.3,
        "sgaExpense": 86,
        "totalOperatingExpense": 77.6,
        "totalOtherIncomeExpenseNet": 5.6
      },
      {
        "costOfGoodsSold": 992.8,
        "dilutedAverageSharesOutstanding": 62.5,
        "dilutedEPS": 3.61,
        "ebit": 304.5,
        "grossIncome": 385.1,
        "interestExpense": 28.1,
        "interestIncomeExpense": -28.1,
        "minorityInterest": 0,
        "netIncome": 225.6,
        "netIncomeAfterTaxes": 225.8,
        "nonRecurringItems": 3,
        "otherOperatingExpensesTotal": -1.8,
        "period": "2021-06-30",
        "pretaxIncome": 288.1,
        "provisionforIncomeTaxes": 62.3,
        "revenue": 1377.9,
        "sgaExpense": 82.4,
        "totalOperatingExpense": 80.6,
        "totalOtherIncomeExpenseNet": 8.7
      },
      {
        "costOfGoodsSold": 807.7,
        "dilutedAverageSharesOutstanding": 62.5,
        "dilutedEPS": 1.04,
        "ebit": 100.5,
        "grossIncome": 174.7,
        "interestExpense": 27.4,
        "interestIncomeExpense": -27.4,
        "minorityInterest": -0.2,
        "netIncome": 65.2,
        "netIncomeAfterTaxes": 65.5,
        "nonRecurringItems": -1.2,
        "otherOperatingExpensesTotal": -5.6,
        "period": "2021-03-31",
        "pretaxIncome": 81.4,
        "provisionforIncomeTaxes": 15.9,
        "revenue": 982.4,
        "sgaExpense": 79.8,
        "totalOperatingExpense": 74.2,
        "totalOtherIncomeExpenseNet": 9.5
      },
      {
        "costOfGoodsSold": 854.2,
        "dilutedAverageSharesOutstanding": 62.4,
        "dilutedEPS": 2.92,
        "ebit": 240.7,
        "grossIncome": 325.4,
        "interestExpense": 28.4,
        "interestIncomeExpense": -28.4,
        "minorityInterest": -0.1,
        "netIncome": 182.4,
        "netIncomeAfterTaxes": 183.1,
        "nonRecurringItems": -0.1,
        "otherOperatingExpensesTotal": -0.2,
        "period": "2020-12-31",
        "pretaxIncome": 208.3,
        "provisionforIncomeTaxes": 25.2,
        "revenue": 1179.6,
        "sgaExpense": 84.9,
        "totalOperatingExpense": 84.7,
        "totalOtherIncomeExpenseNet": -3.9
      },
      {
        "costOfGoodsSold": 916.9,
        "dilutedAverageSharesOutstanding": 62.4,
        "dilutedEPS": 4.72,
        "ebit": 401,
        "grossIncome": 404.5,
        "interestExpense": 28.7,
        "interestIncomeExpense": -28.7,
        "minorityInterest": 0,
        "netIncome": 294.4,
        "netIncomeAfterTaxes": 294.4,
        "nonRecurringItems": -0.4,
        "otherOperatingExpensesTotal": -67.6,
        "period": "2020-09-30",
        "pretaxIncome": 375.9,
        "provisionforIncomeTaxes": 81.5,
        "revenue": 1321.4,
        "sgaExpense": 71.1,
        "totalOperatingExpense": 3.5,
        "totalOtherIncomeExpenseNet": 4
      },
      {
        "costOfGoodsSold": 890.1,
        "dilutedAverageSharesOutstanding": 62.3,
        "dilutedEPS": 3.49,
        "ebit": 306.9,
        "grossIncome": 380.5,
        "interestExpense": 31.2,
        "interestIncomeExpense": -31.2,
        "minorityInterest": 0,
        "netIncome": 217.6,
        "netIncomeAfterTaxes": 217.6,
        "nonRecurringItems": -0.5,
        "otherOperatingExpensesTotal": 2.4,
        "period": "2020-06-30",
        "pretaxIncome": 279,
        "provisionforIncomeTaxes": 61.4,
        "revenue": 1270.6,
        "sgaExpense": 71.2,
        "totalOperatingExpense": 73.6,
        "totalOtherIncomeExpenseNet": 3.8
      },
      {
        "costOfGoodsSold": 815.8,
        "dilutedAverageSharesOutstanding": 62.5,
        "dilutedEPS": 0.41,
        "ebit": 58.1,
        "grossIncome": 142.4,
        "interestExpense": 29.8,
        "interestIncomeExpense": -29.8,
        "minorityInterest": 0,
        "netIncome": 25.9,
        "netIncomeAfterTaxes": 25.9,
        "nonRecurringItems": -0.3,
        "otherOperatingExpensesTotal": 5.6,
        "period": "2020-03-31",
        "pretaxIncome": 26,
        "provisionforIncomeTaxes": 0.1,
        "revenue": 958.2,
        "sgaExpense": 78.7,
        "totalOperatingExpense": 84.3,
        "totalOtherIncomeExpenseNet": -2
      },
      {
        "costOfGoodsSold": 841.9,
        "dilutedAverageSharesOutstanding": 62.6,
        "dilutedEPS": 2.09,
        "ebit": 184.8,
        "grossIncome": 258.6,
        "interestExpense": 30.62,
        "interestIncomeExpense": -30.6,
        "minorityInterest": -0.1,
        "netIncome": 131,
        "netIncomeAfterTaxes": 131.1,
        "nonRecurringItems": -0.3,
        "otherOperatingExpensesTotal": 0,
        "period": "2019-12-31",
        "pretaxIncome": 156.3,
        "provisionforIncomeTaxes": 25.2,
        "revenue": 1100.4,
        "sgaExpense": 73.7,
        "totalOperatingExpense": 73.7,
        "totalOtherIncomeExpenseNet": 2.4
      },
      {
        "costOfGoodsSold": 999.6,
        "dilutedAverageSharesOutstanding": 62.7,
        "dilutedEPS": 3.96,
        "ebit": 345.3,
        "grossIncome": 420.6,
        "interestExpense": 32.436,
        "interestIncomeExpense": -32.4,
        "minorityInterest": 0,
        "netIncome": 248.2,
        "netIncomeAfterTaxes": 248.6,
        "nonRecurringItems": 0,
        "otherOperatingExpensesTotal": -2.9,
        "period": "2019-09-30",
        "pretaxIncome": 314.8,
        "provisionforIncomeTaxes": 66.2,
        "revenue": 1420.2,
        "sgaExpense": 78.3,
        "totalOperatingExpense": 75.4,
        "totalOtherIncomeExpenseNet": 2
      },
      {
        "costOfGoodsSold": 922.6,
        "dilutedAverageSharesOutstanding": 63.4,
        "dilutedEPS": 2.98,
        "ebit": 285.9,
        "grossIncome": 356.9,
        "interestExpense": 33.296,
        "interestIncomeExpense": -33.3,
        "minorityInterest": 0,
        "netIncome": 189,
        "netIncomeAfterTaxes": 189.5,
        "nonRecurringItems": 0,
        "otherOperatingExpensesTotal": -1.4,
        "period": "2019-06-30",
        "pretaxIncome": 239.4,
        "provisionforIncomeTaxes": 49.9,
        "revenue": 1279.5,
        "sgaExpense": 72.4,
        "totalOperatingExpense": 71,
        "totalOtherIncomeExpenseNet": -13.2
      },
      {
        "costOfGoodsSold": 796,
        "dilutedAverageSharesOutstanding": 62.7,
        "dilutedEPS": 0.68,
        "ebit": 69.3,
        "grossIncome": 142.9,
        "interestExpense": 32.948,
        "interestIncomeExpense": -32.9,
        "minorityInterest": 0,
        "netIncome": 42.8,
        "netIncomeAfterTaxes": 42.8,
        "nonRecurringItems": -0.1,
        "otherOperatingExpensesTotal": -4.8,
        "period": "2019-03-31",
        "pretaxIncome": 37.8,
        "provisionforIncomeTaxes": -5,
        "revenue": 939,
        "sgaExpense": 78.3,
        "totalOperatingExpense": 73.6,
        "totalOtherIncomeExpenseNet": 1.6
      },
      {
        "costOfGoodsSold": 792.9,
        "dilutedAverageSharesOutstanding": 62.9,
        "dilutedEPS": 1.5,
        "ebit": 147.6,
        "grossIncome": 227.3,
        "interestExpense": 33.543,
        "interestIncomeExpense": -33.5,
        "minorityInterest": -0.1,
        "netIncome": 94.2,
        "netIncomeAfterTaxes": 94.5,
        "nonRecurringItems": -0.6,
        "otherOperatingExpensesTotal": 8.8,
        "period": "2018-12-31",
        "pretaxIncome": 116,
        "provisionforIncomeTaxes": 21.6,
        "revenue": 1020.2,
        "sgaExpense": 70.9,
        "totalOperatingExpense": 79.7,
        "totalOtherIncomeExpenseNet": 2.5
      },
      {
        "costOfGoodsSold": 906.7,
        "dilutedAverageSharesOutstanding": 63.2,
        "dilutedEPS": 2.85,
        "ebit": 240.8,
        "grossIncome": 313,
        "interestExpense": 35.468,
        "interestIncomeExpense": -35.5,
        "minorityInterest": -0.1,
        "netIncome": 180,
        "netIncomeAfterTaxes": 180.4,
        "nonRecurringItems": -0.1,
        "otherOperatingExpensesTotal": 3.8,
        "period": "2018-09-30",
        "pretaxIncome": 209.4,
        "provisionforIncomeTaxes": 29.1,
        "revenue": 1219.6,
        "sgaExpense": 68.4,
        "totalOperatingExpense": 72.2,
        "totalOtherIncomeExpenseNet": 4.2
      },
      {
        "costOfGoodsSold": 886.5,
        "dilutedAverageSharesOutstanding": 63.9,
        "dilutedEPS": 2.89,
        "ebit": 276.1,
        "grossIncome": 315.9,
        "interestExpense": 32.971,
        "interestIncomeExpense": -33,
        "minorityInterest": -0.1,
        "netIncome": 185,
        "netIncomeAfterTaxes": 185.5,
        "nonRecurringItems": -12.1,
        "otherOperatingExpensesTotal": -31.2,
        "period": "2018-06-30",
        "pretaxIncome": 238.1,
        "provisionforIncomeTaxes": 52.6,
        "revenue": 1202.4,
        "sgaExpense": 71.1,
        "totalOperatingExpense": 39.9,
        "totalOtherIncomeExpenseNet": 7.1
      },
      {
        "costOfGoodsSold": 691.6,
        "dilutedAverageSharesOutstanding": 63.2,
        "dilutedEPS": 0.16,
        "ebit": 39.8,
        "grossIncome": 110.4,
        "interestExpense": 35.087,
        "interestIncomeExpense": -35.1,
        "minorityInterest": 0,
        "netIncome": 10,
        "netIncomeAfterTaxes": 10,
        "nonRecurringItems": -0.7,
        "otherOperatingExpensesTotal": 0.5,
        "period": "2018-03-31",
        "pretaxIncome": 12.5,
        "provisionforIncomeTaxes": 2.5,
        "revenue": 802,
        "sgaExpense": 70.1,
        "totalOperatingExpense": 70.6,
        "totalOtherIncomeExpenseNet": 8.5
      },
      {
        "costOfGoodsSold": 711.4,
        "dilutedAverageSharesOutstanding": 63.2,
        "dilutedEPS": 5.95,
        "ebit": 188.7,
        "grossIncome": 259.1,
        "interestExpense": 23.45,
        "interestIncomeExpense": -23.5,
        "minorityInterest": -0.1,
        "netIncome": 376.2,
        "netIncomeAfterTaxes": 119.2,
        "nonRecurringItems": -5.3,
        "otherOperatingExpensesTotal": 3.4,
        "period": "2017-12-31",
        "pretaxIncome": 163.6,
        "provisionforIncomeTaxes": 44.4,
        "revenue": 970.5,
        "sgaExpense": 67,
        "totalOperatingExpense": 70.4,
        "totalOtherIncomeExpenseNet": 3.6
      },
      {
        "costOfGoodsSold": 796.1,
        "dilutedAverageSharesOutstanding": 63.2,
        "dilutedEPS": 2.39,
        "ebit": 228.3,
        "grossIncome": 291.7,
        "interestExpense": 23.141,
        "interestIncomeExpense": -23.1,
        "minorityInterest": 0,
        "netIncome": 151.1,
        "netIncomeAfterTaxes": 151.5,
        "nonRecurringItems": -1.3,
        "otherOperatingExpensesTotal": 6.2,
        "period": "2017-09-30",
        "pretaxIncome": 204.3,
        "provisionforIncomeTaxes": 52.8,
        "revenue": 1087.7,
        "sgaExpense": 57.2,
        "totalOperatingExpense": 63.4,
        "totalOtherIncomeExpenseNet": 0.5
      },
      {
        "costOfGoodsSold": 789.4,
        "dilutedAverageSharesOutstanding": 63.9,
        "dilutedEPS": 2.21,
        "ebit": 214.9,
        "grossIncome": 274.1,
        "interestExpense": 24.045,
        "interestIncomeExpense": -24,
        "minorityInterest": 0,
        "netIncome": 141.8,
        "netIncomeAfterTaxes": 142.2,
        "nonRecurringItems": -2,
        "otherOperatingExpensesTotal": -9.1,
        "period": "2017-06-30",
        "pretaxIncome": 194.2,
        "provisionforIncomeTaxes": 52,
        "revenue": 1063.5,
        "sgaExpense": 68.4,
        "totalOperatingExpense": 59.3,
        "totalOtherIncomeExpenseNet": 5.4
      },
      {
        "costOfGoodsSold": 696.8,
        "dilutedAverageSharesOutstanding": 63.2,
        "dilutedEPS": 0.67,
        "ebit": 77.2,
        "grossIncome": 147.1,
        "interestExpense": 20.851,
        "interestIncomeExpense": -20.9,
        "minorityInterest": 0,
        "netIncome": 42.2,
        "netIncomeAfterTaxes": 42.3,
        "nonRecurringItems": 0,
        "otherOperatingExpensesTotal": 0.4,
        "period": "2017-03-31",
        "pretaxIncome": 56.8,
        "provisionforIncomeTaxes": 14.5,
        "revenue": 843.9,
        "sgaExpense": 69.5,
        "totalOperatingExpense": 69.9,
        "totalOtherIncomeExpenseNet": 0.5
      },
      {
        "costOfGoodsSold": 723.8,
        "dilutedAverageSharesOutstanding": 63.5,
        "dilutedEPS": 1.55,
        "ebit": 155.6,
        "grossIncome": 225.1,
        "interestExpense": 20.781,
        "interestIncomeExpense": -20.8,
        "minorityInterest": 0.1,
        "netIncome": 98.5,
        "netIncomeAfterTaxes": 98.8,
        "nonRecurringItems": -0.1,
        "otherOperatingExpensesTotal": -0.7,
        "period": "2016-12-31",
        "pretaxIncome": 136.4,
        "provisionforIncomeTaxes": 37.6,
        "revenue": 948.8,
        "sgaExpense": 70.3,
        "totalOperatingExpense": 69.5,
        "totalOtherIncomeExpenseNet": 1.7
      },
      {
        "costOfGoodsSold": 811.3,
        "dilutedAverageSharesOutstanding": 63.7,
        "dilutedEPS": 2.49,
        "ebit": 240.7,
        "grossIncome": 292.6,
        "interestExpense": 20.568,
        "interestIncomeExpense": -20.6,
        "minorityInterest": 0,
        "netIncome": 158.8,
        "netIncomeAfterTaxes": 159.5,
        "nonRecurringItems": -0.3,
        "otherOperatingExpensesTotal": -4.4,
        "period": "2016-09-30",
        "pretaxIncome": 230.3,
        "provisionforIncomeTaxes": 70.9,
        "revenue": 1103.9,
        "sgaExpense": 56.3,
        "totalOperatingExpense": 51.9,
        "totalOtherIncomeExpenseNet": 10.6
      },
      {
        "costOfGoodsSold": 729.9,
        "dilutedAverageSharesOutstanding": 63.8,
        "dilutedEPS": 1.9,
        "ebit": 191,
        "grossIncome": 247.4,
        "interestExpense": 20.294,
        "interestIncomeExpense": -20.3,
        "minorityInterest": -0.1,
        "netIncome": 121.5,
        "netIncomeAfterTaxes": 122.1,
        "nonRecurringItems": -0.2,
        "otherOperatingExpensesTotal": -3.4,
        "period": "2016-06-30",
        "pretaxIncome": 175.5,
        "provisionforIncomeTaxes": 53.4,
        "revenue": 977.3,
        "sgaExpense": 59.8,
        "totalOperatingExpense": 56.4,
        "totalOtherIncomeExpenseNet": 5
      },
      {
        "costOfGoodsSold": 643.5,
        "dilutedAverageSharesOutstanding": 63.9,
        "dilutedEPS": 0.7,
        "ebit": 86.3,
        "grossIncome": 145.3,
        "interestExpense": 20.034,
        "interestIncomeExpense": -20,
        "minorityInterest": -0.1,
        "netIncome": 44.8,
        "netIncomeAfterTaxes": 45.1,
        "nonRecurringItems": -0.3,
        "otherOperatingExpensesTotal": 0.6,
        "period": "2016-03-31",
        "pretaxIncome": 64.8,
        "provisionforIncomeTaxes": 19.7,
        "revenue": 788.7,
        "sgaExpense": 58.3,
        "totalOperatingExpense": 58.9,
        "totalOtherIncomeExpenseNet": -1.2
      },
      {
        "costOfGoodsSold": 659.7,
        "dilutedAverageSharesOutstanding": 65.7,
        "dilutedEPS": 1.26,
        "ebit": 140.1,
        "grossIncome": 184.8,
        "interestExpense": 18.943,
        "interestIncomeExpense": -18.9,
        "minorityInterest": 0,
        "netIncome": 82.8,
        "netIncomeAfterTaxes": 83.2,
        "nonRecurringItems": -2.7,
        "otherOperatingExpensesTotal": -12.3,
        "period": "2015-12-31",
        "pretaxIncome": 122.5,
        "provisionforIncomeTaxes": 39.3,
        "revenue": 844.6,
        "sgaExpense": 57.1,
        "totalOperatingExpense": 44.8,
        "totalOtherIncomeExpenseNet": 4.1
      },
      {
        "costOfGoodsSold": 819.7,
        "dilutedAverageSharesOutstanding": 67.1,
        "dilutedEPS": 1.74,
        "ebit": 181.6,
        "grossIncome": 262.5,
        "interestExpense": 18.926,
        "interestIncomeExpense": -18.9,
        "minorityInterest": 0,
        "netIncome": 117.1,
        "netIncomeAfterTaxes": 117.6,
        "nonRecurringItems": -2.1,
        "otherOperatingExpensesTotal": 26,
        "period": "2015-09-30",
        "pretaxIncome": 165.1,
        "provisionforIncomeTaxes": 47.5,
        "revenue": 1082.2,
        "sgaExpense": 54.9,
        "totalOperatingExpense": 81,
        "totalOtherIncomeExpenseNet": 4.5
      }
    ],
    "symbol": "MLM"
  }
}