{
  "symbol": "DHR",
  "statement": "ic",
  "frequency": "annual",
  "timestamp": "2025-09-19T13:58:49.809070",
  "data": {
    "financials": [
      {
        "costOfGoodsSold": 9644,
        "dilutedAverageSharesOutstanding": 737.2,
        "dilutedEPS": 5.29,
        "ebit": 5209,
        "grossIncome": 14231,
        "interestExpense": 278,
        "interestIncomeExpense": -218,
        "netIncome": 3899,
        "netIncomeAfterTaxes": 3899,
        "nonRecurringItems": -346,
        "period": "2024-12-31",
        "pretaxIncome": 4646,
        "provisionforIncomeTaxes": 747,
        "researchDevelopment": 1584,
        "revenue": 23875,
        "sgaExpense": 7438,
        "totalOperatingExpense": 9022,
        "totalOtherIncomeExpenseNet": 1,
        "year": 2024
      },
      {
        "costOfGoodsSold": 9856,
        "dilutedAverageSharesOutstanding": 743.1,
        "dilutedEPS": 6.38,
        "ebit": 5279,
        "grossIncome": 14034,
        "interestExpense": 286,
        "interestIncomeExpense": -196,
        "netIncome": 4743,
        "netIncomeAfterTaxes": 4221,
        "nonRecurringItems": -46,
        "otherOperatingExpensesTotal": 0,
        "period": "2023-12-31",
        "pretaxIncome": 5044,
        "provisionforIncomeTaxes": 823,
        "researchDevelopment": 1503,
        "revenue": 23890,
        "sgaExpense": 7252,
        "totalOperatingExpense": 8755,
        "totalOtherIncomeExpenseNet": 7,
        "year": 2023
      },
      {
        "costOfGoodsSold": 10455,
        "dilutedAverageSharesOutstanding": 737.1,
        "dilutedEPS": 9.63,
        "ebit": 7536,
        "grossIncome": 16188,
        "interestExpense": 204,
        "interestIncomeExpense": -525,
        "netIncome": 7103,
        "netIncomeAfterTaxes": 6328,
        "nonRecurringItems": 91,
        "otherOperatingExpensesTotal": 0,
        "period": "2022-12-31",
        "pretaxIncome": 7146,
        "provisionforIncomeTaxes": 818,
        "researchDevelopment": 1528,
        "revenue": 26643,
        "sgaExpense": 7124,
        "totalOperatingExpense": 8652,
        "totalOtherIncomeExpenseNet": 44,
        "year": 2022
      },
      {
        "costOfGoodsSold": 9563,
        "dilutedAverageSharesOutstanding": 736.8,
        "dilutedEPS": 8.5,
        "ebit": 6387,
        "grossIncome": 15239,
        "interestExpense": 231,
        "interestIncomeExpense": 181,
        "netIncome": 6269,
        "netIncomeAfterTaxes": 5447,
        "nonRecurringItems": -101,
        "otherOperatingExpensesTotal": 547,
        "period": "2021-12-31",
        "pretaxIncome": 6511,
        "provisionforIncomeTaxes": 1064,
        "researchDevelopment": 1498,
        "revenue": 24802,
        "sgaExpense": 6807,
        "totalOperatingExpense": 8852,
        "totalOtherIncomeExpenseNet": 44,
        "year": 2021
      },
      {
        "costOfGoodsSold": 9809,
        "dilutedAverageSharesOutstanding": 718.7,
        "dilutedEPS": 4.89,
        "ebit": 4231,
        "grossIncome": 12475,
        "interestExpense": 275,
        "interestIncomeExpense": -204,
        "netIncome": 3510,
        "netIncomeAfterTaxes": 3646,
        "nonRecurringItems": 429,
        "period": "2020-12-31",
        "pretaxIncome": 4495,
        "provisionforIncomeTaxes": 849,
        "researchDevelopment": 1348,
        "revenue": 22284,
        "sgaExpense": 6896,
        "totalOperatingExpense": 8244,
        "totalOtherIncomeExpenseNet": 39,
        "year": 2020
      },
      {
        "costOfGoodsSold": 7927,
        "dilutedAverageSharesOutstanding": 725.5,
        "dilutedEPS": 4.05,
        "ebit": 3269,
        "grossIncome": 9984,
        "interestExpense": 108,
        "interestIncomeExpense": 31,
        "netIncome": 2940,
        "netIncomeAfterTaxes": 2432,
        "nonRecurringItems": -7,
        "period": "2019-12-31",
        "pretaxIncome": 3305,
        "provisionforIncomeTaxes": 873,
        "researchDevelopment": 1126,
        "revenue": 17911,
        "sgaExpense": 5589,
        "totalOperatingExpense": 6715,
        "totalOtherIncomeExpenseNet": 12,
        "year": 2019
      },
      {
        "costOfGoodsSold": 7544,
        "dilutedAverageSharesOutstanding": 710.2,
        "dilutedEPS": 3.73,
        "ebit": 3055,
        "grossIncome": 9505,
        "interestExpense": 137,
        "interestIncomeExpense": -128,
        "netIncome": 2651,
        "netIncomeAfterTaxes": 2399,
        "nonRecurringItems": 0,
        "period": "2018-12-31",
        "pretaxIncome": 2962,
        "provisionforIncomeTaxes": 563,
        "researchDevelopment": 1059,
        "revenue": 17049,
        "sgaExpense": 5391,
        "totalOperatingExpense": 6450,
        "totalOtherIncomeExpenseNet": 35,
        "year": 2018
      },
      {
        "costOfGoodsSold": 6947.5,
        "dilutedAverageSharesOutstanding": 706.1,
        "dilutedEPS": 3.52,
        "ebit": 2572.3,
        "grossIncome": 8571.3,
        "interestExpense": 140.1,
        "interestIncomeExpense": -132.6,
        "netIncome": 2492.1,
        "netIncomeAfterTaxes": 2172.2,
        "nonRecurringItems": 0,
        "period": "2017-12-31",
        "pretaxIncome": 2543.2,
        "provisionforIncomeTaxes": 371,
        "researchDevelopment": 956.4,
        "revenue": 15518.8,
        "sgaExpense": 5042.6,
        "totalOperatingExpense": 5999,
        "totalOtherIncomeExpenseNet": 103.5,
        "year": 2017
      },
      {
        "costOfGoodsSold": 7522.4,
        "dilutedAverageSharesOutstanding": 699.8,
        "dilutedEPS": 3.64,
        "ebit": 2887.6,
        "grossIncome": 9360,
        "interestExpense": 184.4,
        "interestIncomeExpense": 38.8,
        "netIncome": 2553.7,
        "netIncomeAfterTaxes": 2153.4,
        "nonRecurringItems": -331.2,
        "period": "2016-12-31",
        "pretaxIncome": 2611.3,
        "provisionforIncomeTaxes": 457.9,
        "researchDevelopment": 975.1,
        "revenue": 16882.4,
        "sgaExpense": 5497.3,
        "totalOperatingExpense": 6472.4,
        "totalOtherIncomeExpenseNet": 16.1,
        "year": 2016
      },
      {
        "costOfGoodsSold": 6630.7,
        "dilutedAverageSharesOutstanding": 708.5,
        "dilutedEPS": 4.73,
        "ebit": 2259.7,
        "grossIncome": 7803,
        "interestExpense": 139.8,
        "interestIncomeExpense": -123.2,
        "netIncome": 3357.4,
        "netIncomeAfterTaxes": 1746.7,
        "nonRecurringItems": -97.5,
        "period": "2015-12-31",
        "pretaxIncome": 2039.4,
        "provisionforIncomeTaxes": 292.7,
        "researchDevelopment": 861.4,
        "revenue": 14433.7,
        "sgaExpense": 4681.9,
        "totalOperatingExpense": 5543.3,
        "totalOtherIncomeExpenseNet": 0.4,
        "year": 2015
      }
    ],
    "symbol": "DHR"
  }
}