{
  "symbol": "INTU",
  "statement": "ic",
  "frequency": "annual",
  "timestamp": "2025-09-19T14:02:14.644485",
  "data": {
    "financials": [
      {
        "costOfGoodsSold": 3848,
        "depreciationAmortization": 481,
        "dilutedAverageSharesOutstanding": 283,
        "dilutedEPS": 13.6714,
        "ebit": 4938,
        "grossIncome": 14983,
        "interestExpense": 247,
        "interestIncomeExpense": -89,
        "netIncome": 3869,
        "netIncomeAfterTaxes": 3869,
        "nonRecurringItems": -15,
        "period": "2025-07-31",
        "pretaxIncome": 4834,
        "provisionforIncomeTaxes": 965,
        "researchDevelopment": 2928,
        "revenue": 18831,
        "sgaExpense": 6636,
        "totalOperatingExpense": 10045,
        "year": 2025
      },
      {
        "costOfGoodsSold": 3465,
        "depreciationAmortization": 483,
        "dilutedAverageSharesOutstanding": 284,
        "dilutedEPS": 10.43,
        "ebit": 3853,
        "grossIncome": 12820,
        "interestExpense": 242,
        "interestIncomeExpense": -95,
        "netIncome": 2963,
        "netIncomeAfterTaxes": 2963,
        "nonRecurringItems": -223,
        "period": "2024-07-31",
        "pretaxIncome": 3550,
        "provisionforIncomeTaxes": 587,
        "researchDevelopment": 2754,
        "revenue": 16285,
        "sgaExpense": 5730,
        "totalOperatingExpense": 8967,
        "totalOtherIncomeExpenseNet": 15,
        "year": 2024
      },
      {
        "costOfGoodsSold": 3143,
        "depreciationAmortization": 483,
        "dilutedAverageSharesOutstanding": 283,
        "dilutedEPS": 8.42,
        "ebit": 3141,
        "grossIncome": 11225,
        "interestExpense": 248,
        "interestIncomeExpense": -148,
        "netIncome": 2384,
        "netIncomeAfterTaxes": 2384,
        "period": "2023-07-31",
        "pretaxIncome": 2989,
        "provisionforIncomeTaxes": 605,
        "researchDevelopment": 2539,
        "revenue": 14368,
        "sgaExpense": 5062,
        "totalOperatingExpense": 8084,
        "totalOtherIncomeExpenseNet": -4,
        "year": 2023
      },
      {
        "costOfGoodsSold": 2406,
        "depreciationAmortization": 416,
        "dilutedAverageSharesOutstanding": 284,
        "dilutedEPS": 7.27,
        "ebit": 2571,
        "grossIncome": 10320,
        "interestExpense": 81,
        "interestIncomeExpense": -19,
        "netIncome": 2066,
        "netIncomeAfterTaxes": 2066,
        "period": "2022-07-31",
        "pretaxIncome": 2542,
        "provisionforIncomeTaxes": 476,
        "researchDevelopment": 2347,
        "revenue": 12726,
        "sgaExpense": 4986,
        "totalOperatingExpense": 7749,
        "totalOtherIncomeExpenseNet": -10,
        "year": 2022
      },
      {
        "costOfGoodsSold": 1683,
        "depreciationAmortization": 146,
        "dilutedAverageSharesOutstanding": 273,
        "dilutedEPS": 7.55,
        "ebit": 2500,
        "grossIncome": 7950,
        "interestExpense": 29,
        "interestIncomeExpense": -18,
        "netIncome": 2062,
        "netIncomeAfterTaxes": 2062,
        "period": "2021-07-31",
        "pretaxIncome": 2556,
        "provisionforIncomeTaxes": 494,
        "researchDevelopment": 1678,
        "revenue": 9633,
        "sgaExpense": 3626,
        "totalOperatingExpense": 5450,
        "totalOtherIncomeExpenseNet": 74,
        "year": 2021
      },
      {
        "costOfGoodsSold": 1378,
        "depreciationAmortization": 6,
        "dilutedAverageSharesOutstanding": 264,
        "dilutedEPS": 6.92,
        "ebit": 2176,
        "grossIncome": 6301,
        "interestExpense": 14,
        "interestIncomeExpense": 25,
        "netIncome": 1826,
        "netIncomeAfterTaxes": 1826,
        "period": "2020-07-31",
        "pretaxIncome": 2198,
        "provisionforIncomeTaxes": 372,
        "researchDevelopment": 1392,
        "revenue": 7679,
        "sgaExpense": 2727,
        "totalOperatingExpense": 4125,
        "totalOtherIncomeExpenseNet": -3,
        "year": 2020
      },
      {
        "costOfGoodsSold": 1167,
        "depreciationAmortization": 6,
        "dilutedAverageSharesOutstanding": 264,
        "dilutedEPS": 5.9,
        "ebit": 1854,
        "grossIncome": 5617,
        "interestExpense": 15,
        "interestIncomeExpense": 31,
        "netIncome": 1557,
        "netIncomeAfterTaxes": 1557,
        "period": "2019-07-31",
        "pretaxIncome": 1881,
        "provisionforIncomeTaxes": 324,
        "researchDevelopment": 1233,
        "revenue": 6784,
        "sgaExpense": 2524,
        "totalOperatingExpense": 3763,
        "totalOtherIncomeExpenseNet": -4,
        "year": 2019
      },
      {
        "costOfGoodsSold": 978,
        "depreciationAmortization": 6,
        "dilutedAverageSharesOutstanding": 261,
        "dilutedEPS": 5.09,
        "ebit": 1639,
        "grossIncome": 5047,
        "interestExpense": 20,
        "interestIncomeExpense": -2,
        "netIncome": 1329,
        "netIncomeAfterTaxes": 1300,
        "nonRecurringItems": -79,
        "period": "2018-07-31",
        "pretaxIncome": 1566,
        "provisionforIncomeTaxes": 266,
        "researchDevelopment": 1186,
        "revenue": 6025,
        "sgaExpense": 2216,
        "totalOperatingExpense": 3408,
        "totalOtherIncomeExpenseNet": 8,
        "year": 2018
      },
      {
        "costOfGoodsSold": 810,
        "depreciationAmortization": 2,
        "dilutedAverageSharesOutstanding": 261,
        "dilutedEPS": 3.77,
        "ebit": 1418,
        "grossIncome": 4386,
        "interestExpense": 31,
        "interestIncomeExpense": -23,
        "netIncome": 985,
        "netIncomeAfterTaxes": 985,
        "period": "2017-07-31",
        "pretaxIncome": 1390,
        "provisionforIncomeTaxes": 405,
        "researchDevelopment": 998,
        "revenue": 5196,
        "sgaExpense": 1968,
        "totalOperatingExpense": 2968,
        "totalOtherIncomeExpenseNet": -5,
        "year": 2017
      },
      {
        "costOfGoodsSold": 752,
        "depreciationAmortization": 12,
        "dilutedAverageSharesOutstanding": 265,
        "dilutedEPS": 3.69,
        "ebit": 1242,
        "grossIncome": 3942,
        "interestExpense": 35,
        "interestIncomeExpense": -32,
        "netIncome": 979,
        "netIncomeAfterTaxes": 806,
        "nonRecurringItems": 0,
        "period": "2016-07-31",
        "pretaxIncome": 1203,
        "provisionforIncomeTaxes": 397,
        "researchDevelopment": 881,
        "revenue": 4694,
        "sgaExpense": 1807,
        "totalOperatingExpense": 2700,
        "totalOtherIncomeExpenseNet": -7,
        "year": 2016
      }
    ],
    "symbol": "INTU"
  }
}