{
  "symbol": "RJF",
  "statement": "ic",
  "frequency": "quarterly",
  "timestamp": "2025-09-19T14:06:03.209655",
  "data": {
    "financials": [
      {
        "costOfGoodsSold": 542,
        "depreciationAmortization": 10,
        "dilutedAverageSharesOutstanding": 205.5,
        "dilutedEPS": 2.1168,
        "ebit": 572,
        "grossIncome": 3300,
        "netIncome": 435,
        "netIncomeAfterTaxes": 436,
        "nonRecurringItems": -9,
        "otherOperatingExpensesTotal": 180,
        "period": "2025-06-30",
        "pretaxIncome": 563,
        "provisionforIncomeTaxes": 127,
        "revenue": 3842,
        "sgaExpense": 2538,
        "totalOperatingExpense": 2728
      },
      {
        "costOfGoodsSold": 529,
        "depreciationAmortization": 10,
        "dilutedAverageSharesOutstanding": 208.7,
        "dilutedEPS": 2.3575,
        "ebit": 680,
        "grossIncome": 3316,
        "netIncome": 492,
        "netIncomeAfterTaxes": 495,
        "nonRecurringItems": -9,
        "otherOperatingExpensesTotal": 108,
        "period": "2025-03-31",
        "pretaxIncome": 671,
        "provisionforIncomeTaxes": 176,
        "revenue": 3845,
        "sgaExpense": 2518,
        "totalOperatingExpense": 2636
      },
      {
        "costOfGoodsSold": 584,
        "depreciationAmortization": 11,
        "dilutedAverageSharesOutstanding": 209.2,
        "dilutedEPS": 2.8585,
        "ebit": 758,
        "grossIncome": 3451,
        "netIncome": 598,
        "netIncomeAfterTaxes": 600,
        "nonRecurringItems": -9,
        "otherOperatingExpensesTotal": 99,
        "period": "2024-12-31",
        "pretaxIncome": 749,
        "provisionforIncomeTaxes": 149,
        "revenue": 4035,
        "sgaExpense": 2583,
        "totalOperatingExpense": 2693
      },
      {
        "costOfGoodsSold": 637,
        "depreciationAmortization": 11,
        "dilutedAverageSharesOutstanding": 209.9,
        "dilutedEPS": 2.8585,
        "ebit": 774,
        "grossIncome": 3366,
        "netIncome": 600,
        "netIncomeAfterTaxes": 602,
        "nonRecurringItems": -14,
        "otherOperatingExpensesTotal": 111,
        "period": "2024-09-30",
        "pretaxIncome": 760,
        "provisionforIncomeTaxes": 158,
        "revenue": 4003,
        "sgaExpense": 2470,
        "totalOperatingExpense": 2592
      },
      {
        "costOfGoodsSold": 619,
        "depreciationAmortization": 11,
        "dilutedAverageSharesOutstanding": 212.3,
        "dilutedEPS": 2.3081,
        "ebit": 655,
        "grossIncome": 3143,
        "netIncome": 490,
        "netIncomeAfterTaxes": 492,
        "nonRecurringItems": -11,
        "otherOperatingExpensesTotal": 85,
        "period": "2024-06-30",
        "pretaxIncome": 644,
        "provisionforIncomeTaxes": 152,
        "revenue": 3762,
        "sgaExpense": 2392,
        "totalOperatingExpense": 2488
      },
      {
        "costOfGoodsSold": 596,
        "depreciationAmortization": 11,
        "dilutedAverageSharesOutstanding": 213.4,
        "dilutedEPS": 2.2165,
        "ebit": 626,
        "grossIncome": 3042,
        "netIncome": 473,
        "netIncomeAfterTaxes": 476,
        "nonRecurringItems": -17,
        "otherOperatingExpensesTotal": 76,
        "period": "2024-03-31",
        "pretaxIncome": 609,
        "provisionforIncomeTaxes": 133,
        "revenue": 3638,
        "sgaExpense": 2329,
        "totalOperatingExpense": 2416
      },
      {
        "costOfGoodsSold": 578,
        "depreciationAmortization": 11,
        "dilutedAverageSharesOutstanding": 213.8,
        "dilutedEPS": 2.3199,
        "ebit": 651,
        "grossIncome": 2942,
        "netIncome": 496,
        "netIncomeAfterTaxes": 498,
        "nonRecurringItems": -21,
        "otherOperatingExpensesTotal": 87,
        "period": "2023-12-31",
        "pretaxIncome": 630,
        "provisionforIncomeTaxes": 132,
        "revenue": 3520,
        "sgaExpense": 2193,
        "totalOperatingExpense": 2291
      },
      {
        "costOfGoodsSold": 540,
        "dilutedAverageSharesOutstanding": 213.6,
        "dilutedEPS": 2.0178,
        "ebit": 627,
        "grossIncome": 2975,
        "netIncome": 431,
        "netIncomeAfterTaxes": 434,
        "nonRecurringItems": -42,
        "otherOperatingExpensesTotal": 190,
        "period": "2023-09-30",
        "pretaxIncome": 585,
        "provisionforIncomeTaxes": 151,
        "revenue": 3515,
        "sgaExpense": 2158,
        "totalOperatingExpense": 2348
      },
      {
        "costOfGoodsSold": 461,
        "dilutedAverageSharesOutstanding": 214.8,
        "dilutedEPS": 1.7179,
        "ebit": 515,
        "grossIncome": 2832,
        "netIncome": 369,
        "netIncomeAfterTaxes": 369,
        "nonRecurringItems": -29,
        "otherOperatingExpensesTotal": 201,
        "period": "2023-06-30",
        "pretaxIncome": 486,
        "provisionforIncomeTaxes": 117,
        "revenue": 3293,
        "sgaExpense": 2116,
        "totalOperatingExpense": 2317
      },
      {
        "costOfGoodsSold": 358,
        "dilutedAverageSharesOutstanding": 219.2,
        "dilutedEPS": 1.9389,
        "ebit": 585,
        "grossIncome": 2799,
        "netIncome": 425,
        "netIncomeAfterTaxes": 427,
        "nonRecurringItems": -28,
        "otherOperatingExpensesTotal": 136,
        "period": "2023-03-31",
        "pretaxIncome": 557,
        "provisionforIncomeTaxes": 130,
        "revenue": 3157,
        "sgaExpense": 2078,
        "totalOperatingExpense": 2214
      },
      {
        "costOfGoodsSold": 307,
        "dilutedAverageSharesOutstanding": 220.4,
        "dilutedEPS": 2.3004,
        "ebit": 681,
        "grossIncome": 2720,
        "netIncome": 507,
        "netIncomeAfterTaxes": 509,
        "nonRecurringItems": -29,
        "otherOperatingExpensesTotal": 60,
        "period": "2022-12-31",
        "pretaxIncome": 652,
        "provisionforIncomeTaxes": 143,
        "revenue": 3027,
        "sgaExpense": 1979,
        "totalOperatingExpense": 2039
      },
      {
        "costOfGoodsSold": 243,
        "dilutedAverageSharesOutstanding": 220.7,
        "dilutedEPS": 1.9801,
        "ebit": 646,
        "grossIncome": 2758,
        "netIncome": 437,
        "netIncomeAfterTaxes": 439,
        "nonRecurringItems": -30,
        "otherOperatingExpensesTotal": 107,
        "period": "2022-09-30",
        "pretaxIncome": 616,
        "provisionforIncomeTaxes": 177,
        "revenue": 3001,
        "sgaExpense": 2005,
        "totalOperatingExpense": 2112
      },
      {
        "costOfGoodsSold": 132,
        "dilutedAverageSharesOutstanding": 215.7,
        "dilutedEPS": 1.3862,
        "ebit": 480,
        "grossIncome": 2646,
        "netIncome": 299,
        "netIncomeAfterTaxes": 301,
        "nonRecurringItems": -65,
        "otherOperatingExpensesTotal": 98,
        "period": "2022-06-30",
        "pretaxIncome": 415,
        "provisionforIncomeTaxes": 114,
        "revenue": 2778,
        "sgaExpense": 2068,
        "totalOperatingExpense": 2166
      },
      {
        "costOfGoodsSold": 100,
        "dilutedAverageSharesOutstanding": 213,
        "dilutedEPS": 1.5164,
        "ebit": 444,
        "grossIncome": 2611,
        "netIncome": 323,
        "netIncomeAfterTaxes": 323,
        "nonRecurringItems": -11,
        "otherOperatingExpensesTotal": 92,
        "period": "2022-03-31",
        "pretaxIncome": 433,
        "provisionforIncomeTaxes": 110,
        "revenue": 2711,
        "sgaExpense": 2075,
        "totalOperatingExpense": 2167
      },
      {
        "costOfGoodsSold": 101,
        "dilutedAverageSharesOutstanding": 212.4,
        "dilutedEPS": 2.0951,
        "ebit": 564,
        "grossIncome": 2717,
        "netIncome": 445,
        "netIncomeAfterTaxes": 446,
        "nonRecurringItems": -6,
        "otherOperatingExpensesTotal": 63,
        "period": "2021-12-31",
        "pretaxIncome": 558,
        "provisionforIncomeTaxes": 112,
        "revenue": 2818,
        "sgaExpense": 2090,
        "totalOperatingExpense": 2153
      },
      {
        "costOfGoodsSold": 104,
        "dilutedAverageSharesOutstanding": 212.1032,
        "dilutedEPS": 2.0273,
        "ebit": 570,
        "grossIncome": 2626,
        "netIncome": 430,
        "netIncomeAfterTaxes": 429,
        "nonRecurringItems": -10,
        "otherOperatingExpensesTotal": 72,
        "period": "2021-09-30",
        "pretaxIncome": 560,
        "provisionforIncomeTaxes": 131,
        "revenue": 2730,
        "sgaExpense": 1984,
        "totalOperatingExpense": 2056
      },
      {
        "costOfGoodsSold": 100,
        "dilutedAverageSharesOutstanding": 211.6486,
        "dilutedEPS": 1.4505,
        "ebit": 490,
        "grossIncome": 2411,
        "netIncome": 307,
        "netIncomeAfterTaxes": 307,
        "nonRecurringItems": -105,
        "otherOperatingExpensesTotal": 62,
        "period": "2021-06-30",
        "pretaxIncome": 385,
        "provisionforIncomeTaxes": 78,
        "revenue": 2511,
        "sgaExpense": 1859,
        "totalOperatingExpense": 1921
      },
      {
        "costOfGoodsSold": 92,
        "dilutedAverageSharesOutstanding": 141.2,
        "dilutedEPS": 2.51,
        "ebit": 447,
        "grossIncome": 2317,
        "netIncome": 355,
        "netIncomeAfterTaxes": 355,
        "nonRecurringItems": 0,
        "otherOperatingExpensesTotal": 37,
        "period": "2021-03-31",
        "pretaxIncome": 447,
        "provisionforIncomeTaxes": 92,
        "revenue": 2409,
        "sgaExpense": 1833,
        "totalOperatingExpense": 1870
      },
      {
        "costOfGoodsSold": 96,
        "dilutedAverageSharesOutstanding": 139.7,
        "dilutedEPS": 2.23,
        "ebit": 401,
        "grossIncome": 2164,
        "netIncome": 312,
        "netIncomeAfterTaxes": 312,
        "nonRecurringItems": -2,
        "otherOperatingExpensesTotal": 84,
        "period": "2020-12-31",
        "pretaxIncome": 399,
        "provisionforIncomeTaxes": 87,
        "revenue": 2260,
        "sgaExpense": 1679,
        "totalOperatingExpense": 1763
      },
      {
        "costOfGoodsSold": 91,
        "dilutedAverageSharesOutstanding": 139.3,
        "dilutedEPS": 1.5,
        "ebit": 354,
        "grossIncome": 2030,
        "netIncome": 209,
        "netIncomeAfterTaxes": 209,
        "nonRecurringItems": -98,
        "otherOperatingExpensesTotal": 76,
        "period": "2020-09-30",
        "pretaxIncome": 256,
        "provisionforIncomeTaxes": 47,
        "revenue": 2121,
        "sgaExpense": 1600,
        "totalOperatingExpense": 1676
      },
      {
        "costOfGoodsSold": 89,
        "dilutedAverageSharesOutstanding": 139.4,
        "dilutedEPS": 1.23,
        "ebit": 279,
        "grossIncome": 1787,
        "interestIncomeExpense": 0,
        "netIncome": 172,
        "netIncomeAfterTaxes": 172,
        "nonRecurringItems": -81,
        "otherOperatingExpensesTotal": 55,
        "period": "2020-06-30",
        "pretaxIncome": 198,
        "provisionforIncomeTaxes": 26,
        "revenue": 1876,
        "sgaExpense": 1453,
        "totalOperatingExpense": 1508
      },
      {
        "costOfGoodsSold": 92,
        "dilutedAverageSharesOutstanding": 141.1,
        "dilutedEPS": 1.2,
        "ebit": 347,
        "grossIncome": 2019,
        "interestIncomeExpense": 1,
        "netIncome": 169,
        "netIncomeAfterTaxes": 169,
        "nonRecurringItems": -109,
        "otherOperatingExpensesTotal": 53,
        "period": "2020-03-31",
        "pretaxIncome": 239,
        "provisionforIncomeTaxes": 70,
        "revenue": 2111,
        "sgaExpense": 1619,
        "totalOperatingExpense": 1672
      },
      {
        "costOfGoodsSold": 98,
        "dilutedAverageSharesOutstanding": 141.5,
        "dilutedEPS": 1.89,
        "ebit": 359,
        "grossIncome": 1962,
        "interestIncomeExpense": 0,
        "netIncome": 267,
        "netIncomeAfterTaxes": 268,
        "nonRecurringItems": 0,
        "otherOperatingExpensesTotal": 57,
        "period": "2019-12-31",
        "pretaxIncome": 359,
        "provisionforIncomeTaxes": 91,
        "revenue": 2060,
        "sgaExpense": 1546,
        "totalOperatingExpense": 1603
      },
      {
        "costOfGoodsSold": 110,
        "dilutedAverageSharesOutstanding": 141.6,
        "dilutedEPS": 1.86,
        "ebit": 370,
        "grossIncome": 1975,
        "interestIncomeExpense": 0,
        "minorityInterest": -16,
        "netIncome": 264,
        "netIncomeAfterTaxes": 281,
        "nonRecurringItems": 0,
        "otherOperatingExpensesTotal": 78,
        "period": "2019-09-30",
        "pretaxIncome": 370,
        "provisionforIncomeTaxes": 89,
        "revenue": 2085,
        "sgaExpense": 1527,
        "totalOperatingExpense": 1605
      },
      {
        "costOfGoodsSold": 119,
        "dilutedAverageSharesOutstanding": 143.6,
        "dilutedEPS": 1.8,
        "ebit": 342,
        "grossIncome": 1881,
        "interestIncomeExpense": 0,
        "netIncome": 258,
        "netIncomeAfterTaxes": 259,
        "nonRecurringItems": 0,
        "otherOperatingExpensesTotal": 58,
        "period": "2019-06-30",
        "pretaxIncome": 342,
        "provisionforIncomeTaxes": 83,
        "revenue": 2000,
        "sgaExpense": 1481,
        "totalOperatingExpense": 1539
      },
      {
        "costOfGoodsSold": 114,
        "dilutedAverageSharesOutstanding": 143.9,
        "dilutedEPS": 1.81,
        "ebit": 347,
        "grossIncome": 1820,
        "interestIncomeExpense": 0,
        "netIncome": 261,
        "netIncomeAfterTaxes": 261,
        "nonRecurringItems": 0,
        "otherOperatingExpensesTotal": 60,
        "period": "2019-03-31",
        "pretaxIncome": 347,
        "provisionforIncomeTaxes": 86,
        "revenue": 1934,
        "sgaExpense": 1413,
        "totalOperatingExpense": 1473
      },
      {
        "costOfGoodsSold": 119,
        "dilutedAverageSharesOutstanding": 147.3,
        "dilutedEPS": 1.69,
        "ebit": 340,
        "grossIncome": 1885,
        "interestIncomeExpense": 5,
        "minorityInterest": 2,
        "netIncome": 249,
        "netIncomeAfterTaxes": 247,
        "nonRecurringItems": -15,
        "otherOperatingExpensesTotal": 89,
        "period": "2018-12-31",
        "pretaxIncome": 330,
        "provisionforIncomeTaxes": 83,
        "revenue": 2004,
        "sgaExpense": 1456,
        "totalOperatingExpense": 1545
      },
      {
        "costOfGoodsSold": 161.2,
        "dilutedAverageSharesOutstanding": 148.8,
        "dilutedEPS": 1.76,
        "ebit": 351.7,
        "grossIncome": 1801.1,
        "interestIncomeExpense": -1.4,
        "minorityInterest": 0.1,
        "netIncome": 263.1,
        "netIncomeAfterTaxes": 250.7,
        "nonRecurringItems": -0.1,
        "otherOperatingExpensesTotal": 32.4,
        "period": "2018-09-30",
        "pretaxIncome": 350.2,
        "provisionforIncomeTaxes": 99.4,
        "revenue": 1962.3,
        "sgaExpense": 1417.1,
        "totalOperatingExpense": 1449.4
      },
      {
        "costOfGoodsSold": 77.3,
        "dilutedAverageSharesOutstanding": 149.4,
        "dilutedEPS": 1.55,
        "ebit": 313.3,
        "grossIncome": 1813.6,
        "interestIncomeExpense": 4.7,
        "minorityInterest": 0,
        "netIncome": 231.9,
        "netIncomeAfterTaxes": 232.2,
        "nonRecurringItems": 0,
        "otherOperatingExpensesTotal": 89.9,
        "period": "2018-06-30",
        "pretaxIncome": 318,
        "provisionforIncomeTaxes": 85.8,
        "revenue": 1890.9,
        "sgaExpense": 1410.3,
        "totalOperatingExpense": 1500.3
      },
      {
        "costOfGoodsSold": 67.7,
        "dilutedAverageSharesOutstanding": 149,
        "dilutedEPS": 1.63,
        "ebit": 323.8,
        "grossIncome": 1789.5,
        "interestIncomeExpense": 7.3,
        "minorityInterest": 0.3,
        "netIncome": 242.4,
        "netIncomeAfterTaxes": 242.6,
        "nonRecurringItems": 0,
        "otherOperatingExpensesTotal": 72.6,
        "period": "2018-03-31",
        "pretaxIncome": 331.1,
        "provisionforIncomeTaxes": 88.5,
        "revenue": 1857.2,
        "sgaExpense": 1393.1,
        "totalOperatingExpense": 1465.7
      },
      {
        "costOfGoodsSold": 61.8,
        "dilutedAverageSharesOutstanding": 148.8,
        "dilutedEPS": 0.79,
        "ebit": 318.2,
        "grossIncome": 1703.8,
        "interestIncomeExpense": -2.6,
        "minorityInterest": -0.4,
        "netIncome": 118.7,
        "netIncomeAfterTaxes": 236.5,
        "nonRecurringItems": -3.9,
        "otherOperatingExpensesTotal": 68.1,
        "period": "2017-12-31",
        "pretaxIncome": 311.7,
        "provisionforIncomeTaxes": 75.2,
        "revenue": 1765.6,
        "sgaExpense": 1317.5,
        "totalOperatingExpense": 1385.6
      },
      {
        "costOfGoodsSold": 76.6,
        "dilutedAverageSharesOutstanding": 147.5,
        "dilutedEPS": 1.31,
        "ebit": 328,
        "grossIncome": 1656.1,
        "interestIncomeExpense": 0.8,
        "minorityInterest": -3.8,
        "netIncome": 193.1,
        "netIncomeAfterTaxes": 197.3,
        "nonRecurringItems": -46.6,
        "otherOperatingExpensesTotal": 49.1,
        "period": "2017-09-30",
        "pretaxIncome": 282.2,
        "provisionforIncomeTaxes": 85,
        "revenue": 1732.7,
        "sgaExpense": 1278.9,
        "totalOperatingExpense": 1328.1
      },
      {
        "costOfGoodsSold": 71,
        "dilutedAverageSharesOutstanding": 147.1,
        "dilutedEPS": 1.24,
        "ebit": 281.2,
        "grossIncome": 1592.1,
        "interestIncomeExpense": -0.9,
        "minorityInterest": -1.9,
        "netIncome": 183,
        "netIncomeAfterTaxes": 185.4,
        "nonRecurringItems": -3.4,
        "otherOperatingExpensesTotal": 65.8,
        "period": "2017-06-30",
        "pretaxIncome": 276.9,
        "provisionforIncomeTaxes": 91.6,
        "revenue": 1663.1,
        "sgaExpense": 1245.1,
        "totalOperatingExpense": 1310.9
      },
      {
        "costOfGoodsSold": 65.9,
        "dilutedAverageSharesOutstanding": 146.8,
        "dilutedEPS": 0.77,
        "ebit": 161.2,
        "grossIncome": 1534.5,
        "interestIncomeExpense": -1.5,
        "minorityInterest": 4.2,
        "netIncome": 112.5,
        "netIncomeAfterTaxes": 108.5,
        "nonRecurringItems": 1.6,
        "otherOperatingExpensesTotal": 171.3,
        "period": "2017-03-31",
        "pretaxIncome": 161.3,
        "provisionforIncomeTaxes": 52.8,
        "revenue": 1600.3,
        "sgaExpense": 1202.1,
        "totalOperatingExpense": 1373.2
      },
      {
        "costOfGoodsSold": 67.6,
        "dilutedAverageSharesOutstanding": 146.4,
        "dilutedEPS": 1,
        "ebit": 226.9,
        "grossIncome": 1461.2,
        "interestIncomeExpense": -6.4,
        "minorityInterest": -1.1,
        "netIncome": 146.3,
        "netIncomeAfterTaxes": 147.7,
        "nonRecurringItems": -13,
        "otherOperatingExpensesTotal": 80.9,
        "period": "2016-12-31",
        "pretaxIncome": 207.5,
        "provisionforIncomeTaxes": 59.8,
        "revenue": 1528.8,
        "sgaExpense": 1153.3,
        "totalOperatingExpense": 1234.3
      },
      {
        "costOfGoodsSold": 60.3,
        "dilutedAverageSharesOutstanding": 144.2,
        "dilutedEPS": 1.19,
        "ebit": 259.8,
        "grossIncome": 1431.9,
        "interestIncomeExpense": 2.5,
        "minorityInterest": -6.5,
        "netIncome": 171.3,
        "netIncomeAfterTaxes": 178.2,
        "nonRecurringItems": -19.4,
        "otherOperatingExpensesTotal": 61,
        "period": "2016-09-30",
        "pretaxIncome": 242.9,
        "provisionforIncomeTaxes": 64.8,
        "revenue": 1492.2,
        "sgaExpense": 1111.1,
        "totalOperatingExpense": 1172
      },
      {
        "costOfGoodsSold": 53.3,
        "dilutedAverageSharesOutstanding": 144,
        "dilutedEPS": 0.87,
        "ebit": 218.3,
        "grossIncome": 1333.7,
        "interestIncomeExpense": 0,
        "minorityInterest": -7.1,
        "netIncome": 125.2,
        "netIncomeAfterTaxes": 132.6,
        "nonRecurringItems": -13.4,
        "otherOperatingExpensesTotal": 57.5,
        "period": "2016-06-30",
        "pretaxIncome": 204.9,
        "provisionforIncomeTaxes": 72.3,
        "revenue": 1387,
        "sgaExpense": 1057.9,
        "totalOperatingExpense": 1115.4
      },
      {
        "costOfGoodsSold": 53.9,
        "dilutedAverageSharesOutstanding": 144,
        "dilutedEPS": 0.87,
        "ebit": 200.1,
        "grossIncome": 1287.2,
        "minorityInterest": 4,
        "netIncome": 125.5,
        "netIncomeAfterTaxes": 121.8,
        "nonRecurringItems": -6,
        "otherOperatingExpensesTotal": 54.4,
        "period": "2016-03-31",
        "pretaxIncome": 194.1,
        "provisionforIncomeTaxes": 72.3,
        "revenue": 1341.1,
        "sgaExpense": 1032.7,
        "totalOperatingExpense": 1087.1
      },
      {
        "costOfGoodsSold": 51.2,
        "dilutedAverageSharesOutstanding": 146.1,
        "dilutedEPS": 0.73,
        "ebit": 172,
        "grossIncome": 1249.6,
        "interestIncomeExpense": 0,
        "minorityInterest": -1.7,
        "netIncome": 106.1,
        "netIncomeAfterTaxes": 108.1,
        "nonRecurringItems": -1.9,
        "otherOperatingExpensesTotal": 56.7,
        "period": "2015-12-31",
        "pretaxIncome": 170.1,
        "provisionforIncomeTaxes": 62,
        "revenue": 1300.9,
        "sgaExpense": 1020.9,
        "totalOperatingExpense": 1077.7
      },
      {
        "costOfGoodsSold": 51,
        "dilutedAverageSharesOutstanding": 146.1,
        "dilutedEPS": 0.88,
        "ebit": 201.1,
        "grossIncome": 1315.9,
        "minorityInterest": 5.7,
        "netIncome": 128.8,
        "netIncomeAfterTaxes": 123.5,
        "nonRecurringItems": 0,
        "otherOperatingExpensesTotal": 59.4,
        "period": "2015-09-30",
        "pretaxIncome": 201.1,
        "provisionforIncomeTaxes": 77.6,
        "revenue": 1367,
        "sgaExpense": 1055.4,
        "totalOperatingExpense": 1114.8
      }
    ],
    "symbol": "RJF"
  }
}