{
  "symbol": "PEG",
  "statement": "ic",
  "frequency": "annual",
  "timestamp": "2025-09-19T14:05:50.141908",
  "data": {
    "financials": [
      {
        "depreciationAmortization": 1182,
        "dilutedAverageSharesOutstanding": 500,
        "dilutedEPS": 3.544,
        "ebit": 2359,
        "interestExpense": 882,
        "interestIncomeExpense": -668,
        "netIncome": 1772,
        "netIncomeAfterTaxes": 1772,
        "nonRecurringItems": -6,
        "operationsMaintenance": 3316,
        "period": "2024-12-31",
        "pretaxIncome": 1825,
        "provisionforIncomeTaxes": 53,
        "purchasedFuelPowerGas": 3393,
        "revenue": 10290,
        "sgaExpense": 40,
        "totalOperatingExpense": 7931,
        "totalOtherIncomeExpenseNet": 140,
        "year": 2024
      },
      {
        "depreciationAmortization": 1135,
        "dilutedAverageSharesOutstanding": 500,
        "dilutedEPS": 5.126,
        "ebit": 3692,
        "interestExpense": 748,
        "interestIncomeExpense": -483,
        "netIncome": 2563,
        "netIncomeAfterTaxes": 2563,
        "nonRecurringItems": -7,
        "operationsMaintenance": 3132,
        "period": "2023-12-31",
        "pretaxIncome": 3081,
        "provisionforIncomeTaxes": 518,
        "purchasedFuelPowerGas": 3260,
        "revenue": 11237,
        "sgaExpense": 18,
        "totalOperatingExpense": 7545,
        "totalOtherIncomeExpenseNet": -121,
        "year": 2023
      },
      {
        "depreciationAmortization": 1100,
        "dilutedAverageSharesOutstanding": 501,
        "dilutedEPS": 2.0579,
        "ebit": 1504,
        "interestExpense": 628,
        "interestIncomeExpense": -807,
        "netIncome": 1031,
        "netIncomeAfterTaxes": 1031,
        "nonRecurringItems": -123,
        "operationsMaintenance": 3149,
        "period": "2022-12-31",
        "pretaxIncome": 1002,
        "provisionforIncomeTaxes": -29,
        "purchasedFuelPowerGas": 4018,
        "revenue": 9800,
        "sgaExpense": 29,
        "totalOperatingExpense": 8296,
        "totalOtherIncomeExpenseNet": 428,
        "year": 2022
      },
      {
        "depreciationAmortization": 1216,
        "dilutedAverageSharesOutstanding": 504,
        "dilutedEPS": -1.2857,
        "ebit": 1781,
        "interestExpense": 571,
        "interestIncomeExpense": -289,
        "netIncome": -648,
        "netIncomeAfterTaxes": -648,
        "nonRecurringItems": -2935,
        "operationsMaintenance": 3198,
        "period": "2021-12-31",
        "pretaxIncome": -1089,
        "provisionforIncomeTaxes": -441,
        "purchasedFuelPowerGas": 3499,
        "revenue": 9722,
        "sgaExpense": 28,
        "totalOperatingExpense": 7941,
        "totalOtherIncomeExpenseNet": 354,
        "year": 2021
      },
      {
        "depreciationAmortization": 1285,
        "dilutedAverageSharesOutstanding": 507,
        "dilutedEPS": 3.76,
        "ebit": 2147,
        "interestExpense": 600,
        "interestIncomeExpense": -266,
        "netIncome": 1905,
        "netIncomeAfterTaxes": 1905,
        "nonRecurringItems": 123,
        "operationsMaintenance": 3080,
        "period": "2020-12-31",
        "pretaxIncome": 2301,
        "provisionforIncomeTaxes": 396,
        "purchasedFuelPowerGas": 3056,
        "revenue": 9603,
        "sgaExpense": 35,
        "totalOperatingExpense": 7456,
        "totalOtherIncomeExpenseNet": 297,
        "year": 2020
      },
      {
        "depreciationAmortization": 1248,
        "dilutedAverageSharesOutstanding": 507,
        "dilutedEPS": 3.34,
        "ebit": 2345,
        "interestExpense": 569,
        "interestIncomeExpense": -222,
        "netIncome": 1693,
        "netIncomeAfterTaxes": 1693,
        "nonRecurringItems": -402,
        "operationsMaintenance": 3111,
        "period": "2019-12-31",
        "pretaxIncome": 1950,
        "provisionforIncomeTaxes": 257,
        "purchasedFuelPowerGas": 3372,
        "revenue": 10076,
        "totalOperatingExpense": 7731,
        "totalOtherIncomeExpenseNet": 229,
        "year": 2019
      },
      {
        "depreciationAmortization": 1158,
        "dilutedAverageSharesOutstanding": 507,
        "dilutedEPS": 2.84,
        "ebit": 2298,
        "interestExpense": 476,
        "interestIncomeExpense": -534,
        "netIncome": 1438,
        "netIncomeAfterTaxes": 1438,
        "operationsMaintenance": 3015,
        "period": "2018-12-31",
        "pretaxIncome": 1855,
        "provisionforIncomeTaxes": 417,
        "purchasedFuelPowerGas": 3225,
        "revenue": 9696,
        "totalOperatingExpense": 7398,
        "totalOtherIncomeExpenseNet": 91,
        "year": 2018
      },
      {
        "depreciationAmortization": 1986,
        "dilutedAverageSharesOutstanding": 507,
        "dilutedEPS": 3.1,
        "ebit": 1429,
        "interestExpense": 391,
        "interestIncomeExpense": -177,
        "netIncome": 1574,
        "netIncomeAfterTaxes": 829,
        "operationsMaintenance": 2901,
        "period": "2017-12-31",
        "pretaxIncome": 1268,
        "provisionforIncomeTaxes": 439,
        "purchasedFuelPowerGas": 2778,
        "revenue": 9094,
        "totalOperatingExpense": 7665,
        "totalOtherIncomeExpenseNet": 16,
        "year": 2017
      },
      {
        "depreciationAmortization": 1476,
        "dilutedAverageSharesOutstanding": 508,
        "dilutedEPS": 1.75,
        "ebit": 1598,
        "interestExpense": 385,
        "interestIncomeExpense": -315,
        "netIncome": 887,
        "netIncomeAfterTaxes": 887,
        "operationsMaintenance": 2991,
        "period": "2016-12-31",
        "pretaxIncome": 1298,
        "provisionforIncomeTaxes": 411,
        "purchasedFuelPowerGas": 2901,
        "revenue": 8966,
        "totalOperatingExpense": 7368,
        "totalOtherIncomeExpenseNet": 15,
        "year": 2016
      },
      {
        "depreciationAmortization": 1214,
        "dilutedAverageSharesOutstanding": 508,
        "dilutedEPS": 3.31,
        "ebit": 2962,
        "interestExpense": 393,
        "interestIncomeExpense": -265,
        "netIncome": 1679,
        "netIncomeAfterTaxes": 1679,
        "nonRecurringItems": -53,
        "operationsMaintenance": 2978,
        "otherOperatingExpensesTotal": 0,
        "period": "2015-12-31",
        "pretaxIncome": 2680,
        "provisionforIncomeTaxes": 1001,
        "purchasedFuelPowerGas": 3261,
        "revenue": 10415,
        "totalOperatingExpense": 7453,
        "totalOtherIncomeExpenseNet": 36,
        "year": 2015
      }
    ],
    "symbol": "PEG"
  }
}