{
  "symbol": "COR",
  "statement": "ic",
  "frequency": "quarterly",
  "timestamp": "2025-09-19T13:57:37.060117",
  "data": {
    "financials": [
      {
        "costOfGoodsSold": 77751.136,
        "depreciationAmortization": 253.995,
        "dilutedAverageSharesOutstanding": 195.23,
        "dilutedEPS": 3.521,
        "ebit": 985.52,
        "grossIncome": 2912.396,
        "interestExpense": 116.896,
        "interestIncomeExpense": -81.794,
        "minorityInterest": -2.347,
        "netIncome": 687.402,
        "netIncomeAfterTaxes": 689.749,
        "nonRecurringItems": -117.866,
        "period": "2025-06-30",
        "pretaxIncome": 896.277,
        "provisionforIncomeTaxes": 206.528,
        "revenue": 80663.532,
        "sgaExpense": 1672.881,
        "totalOperatingExpense": 1926.876,
        "totalOtherIncomeExpenseNet": 110.417
      },
      {
        "costOfGoodsSold": 72578.031,
        "depreciationAmortization": 259.818,
        "dilutedAverageSharesOutstanding": 195.094,
        "dilutedEPS": 3.6796,
        "ebit": 1015.784,
        "grossIncome": 2875.642,
        "interestExpense": 132.318,
        "interestIncomeExpense": -103.988,
        "minorityInterest": 0.454,
        "netIncome": 717.871,
        "netIncomeAfterTaxes": 717.417,
        "nonRecurringItems": 20.406,
        "period": "2025-03-31",
        "pretaxIncome": 928.656,
        "provisionforIncomeTaxes": 211.239,
        "revenue": 75453.673,
        "sgaExpense": 1600.04,
        "totalOperatingExpense": 1859.858,
        "totalOtherIncomeExpenseNet": -3.546
      },
      {
        "costOfGoodsSold": 78944.737,
        "depreciationAmortization": 278.492,
        "dilutedAverageSharesOutstanding": 195.188,
        "dilutedEPS": 2.5032,
        "ebit": 791.776,
        "grossIncome": 2542.323,
        "interestExpense": 61.181,
        "interestIncomeExpense": -27.933,
        "minorityInterest": -5.119,
        "netIncome": 488.6,
        "netIncomeAfterTaxes": 493.719,
        "nonRecurringItems": -121.022,
        "period": "2024-12-31",
        "pretaxIncome": 620.447,
        "provisionforIncomeTaxes": 126.728,
        "revenue": 81487.06,
        "sgaExpense": 1472.055,
        "totalOperatingExpense": 1750.547,
        "totalOtherIncomeExpenseNet": -22.374
      },
      {
        "costOfGoodsSold": 76609.854,
        "depreciationAmortization": 277.044,
        "dilutedAverageSharesOutstanding": 198.061,
        "dilutedEPS": 0.0171,
        "ebit": 672.865,
        "grossIncome": 2440.252,
        "interestExpense": 54.32,
        "interestIncomeExpense": -20.969,
        "minorityInterest": -4.084,
        "netIncome": 3.382,
        "netIncomeAfterTaxes": 7.466,
        "nonRecurringItems": -546.226,
        "period": "2024-09-30",
        "pretaxIncome": 125.177,
        "provisionforIncomeTaxes": 117.711,
        "revenue": 79050.106,
        "sgaExpense": 1490.343,
        "totalOperatingExpense": 1767.387,
        "totalOtherIncomeExpenseNet": 19.507
      },
      {
        "costOfGoodsSold": 71878.545,
        "depreciationAmortization": 272.595,
        "dilutedAverageSharesOutstanding": 200.047,
        "dilutedEPS": 2.4168,
        "ebit": 707.007,
        "grossIncome": 2362.808,
        "interestExpense": 58.936,
        "interestIncomeExpense": -31.328,
        "minorityInterest": -4.131,
        "netIncome": 483.463,
        "netIncomeAfterTaxes": 487.594,
        "nonRecurringItems": -34.531,
        "period": "2024-06-30",
        "pretaxIncome": 628.334,
        "provisionforIncomeTaxes": 140.74,
        "revenue": 74241.353,
        "sgaExpense": 1383.206,
        "totalOperatingExpense": 1655.801,
        "totalOtherIncomeExpenseNet": -12.814
      },
      {
        "costOfGoodsSold": 65861.945,
        "depreciationAmortization": 271.732,
        "dilutedAverageSharesOutstanding": 201.177,
        "dilutedEPS": 2.0916,
        "ebit": 891.82,
        "grossIncome": 2552.362,
        "interestExpense": 76.81,
        "interestIncomeExpense": -64.13,
        "minorityInterest": -0.43,
        "netIncome": 420.775,
        "netIncomeAfterTaxes": 421.205,
        "nonRecurringItems": -338.561,
        "period": "2024-03-31",
        "pretaxIncome": 467.066,
        "provisionforIncomeTaxes": 45.861,
        "revenue": 68414.307,
        "sgaExpense": 1388.81,
        "totalOperatingExpense": 1660.542,
        "totalOtherIncomeExpenseNet": -22.063
      },
      {
        "costOfGoodsSold": 69815.043,
        "depreciationAmortization": 270.603,
        "dilutedAverageSharesOutstanding": 201.837,
        "dilutedEPS": 2.9801,
        "ebit": 768.44,
        "grossIncome": 2437.79,
        "interestExpense": 58.616,
        "interestIncomeExpense": -40.564,
        "minorityInterest": -1.508,
        "netIncome": 601.5,
        "netIncomeAfterTaxes": 603.008,
        "nonRecurringItems": 54.435,
        "period": "2023-12-31",
        "pretaxIncome": 783.398,
        "provisionforIncomeTaxes": 180.39,
        "revenue": 72252.833,
        "sgaExpense": 1398.747,
        "totalOperatingExpense": 1669.35,
        "totalOtherIncomeExpenseNet": 1.087
      },
      {
        "costOfGoodsSold": 66712,
        "depreciationAmortization": 276,
        "dilutedAverageSharesOutstanding": 203,
        "dilutedEPS": 1.72,
        "ebit": 541,
        "grossIncome": 2211,
        "interestExpense": 74.106,
        "interestIncomeExpense": -61,
        "minorityInterest": 2,
        "netIncome": 351,
        "netIncomeAfterTaxes": 349,
        "nonRecurringItems": -64,
        "period": "2023-09-30",
        "pretaxIncome": 446,
        "provisionforIncomeTaxes": 97,
        "revenue": 68922,
        "sgaExpense": 1394,
        "totalOperatingExpense": 1669,
        "totalOtherIncomeExpenseNet": 30
      },
      {
        "costOfGoodsSold": 64750,
        "depreciationAmortization": 274,
        "dilutedAverageSharesOutstanding": 204,
        "dilutedEPS": 2.35,
        "ebit": 618,
        "grossIncome": 2197,
        "interestExpense": 68.466,
        "interestIncomeExpense": -58,
        "minorityInterest": 0,
        "netIncome": 480,
        "netIncomeAfterTaxes": 479,
        "nonRecurringItems": 52,
        "period": "2023-06-30",
        "pretaxIncome": 609,
        "provisionforIncomeTaxes": 130,
        "revenue": 66947,
        "sgaExpense": 1304,
        "totalOperatingExpense": 1579,
        "totalOtherIncomeExpenseNet": -3
      },
      {
        "costOfGoodsSold": 61157,
        "depreciationAmortization": 241,
        "dilutedAverageSharesOutstanding": 204,
        "dilutedEPS": 2.13,
        "ebit": 738,
        "grossIncome": 2300,
        "interestExpense": 72.272,
        "interestIncomeExpense": -64,
        "minorityInterest": 7,
        "netIncome": 435,
        "netIncomeAfterTaxes": 428,
        "nonRecurringItems": -177,
        "period": "2023-03-31",
        "pretaxIncome": 512,
        "provisionforIncomeTaxes": 84,
        "revenue": 63457,
        "sgaExpense": 1321,
        "totalOperatingExpense": 1563,
        "totalOtherIncomeExpenseNet": 16
      },
      {
        "costOfGoodsSold": 60747,
        "depreciationAmortization": 172,
        "dilutedAverageSharesOutstanding": 206,
        "dilutedEPS": 2.33,
        "ebit": 637,
        "grossIncome": 2100,
        "interestExpense": 60.806,
        "interestIncomeExpense": -46,
        "minorityInterest": 4,
        "netIncome": 480,
        "netIncomeAfterTaxes": 476,
        "nonRecurringItems": -4,
        "period": "2022-12-31",
        "pretaxIncome": 593,
        "provisionforIncomeTaxes": 117,
        "revenue": 62847,
        "sgaExpense": 1291,
        "totalOperatingExpense": 1463,
        "totalOtherIncomeExpenseNet": 6
      },
      {
        "costOfGoodsSold": 59176,
        "depreciationAmortization": 171,
        "dilutedAverageSharesOutstanding": 210,
        "dilutedEPS": 1.4,
        "ebit": 564,
        "grossIncome": 1998,
        "interestExpense": 62.321,
        "interestIncomeExpense": -60,
        "minorityInterest": -4,
        "netIncome": 295,
        "netIncomeAfterTaxes": 299,
        "nonRecurringItems": -119,
        "period": "2022-09-30",
        "pretaxIncome": 382,
        "provisionforIncomeTaxes": 84,
        "revenue": 61174,
        "sgaExpense": 1263,
        "totalOperatingExpense": 1435,
        "totalOtherIncomeExpenseNet": -3
      },
      {
        "costOfGoodsSold": 58022,
        "depreciationAmortization": 172,
        "dilutedAverageSharesOutstanding": 212,
        "dilutedEPS": 1.92,
        "ebit": 658,
        "grossIncome": 2043,
        "interestExpense": 57.657,
        "interestIncomeExpense": -62,
        "minorityInterest": 44,
        "netIncome": 407,
        "netIncomeAfterTaxes": 363,
        "nonRecurringItems": -117,
        "period": "2022-06-30",
        "pretaxIncome": 476,
        "provisionforIncomeTaxes": 113,
        "revenue": 60065,
        "sgaExpense": 1212,
        "totalOperatingExpense": 1384,
        "totalOtherIncomeExpenseNet": -3
      },
      {
        "costOfGoodsSold": 55486,
        "depreciationAmortization": 175,
        "dilutedAverageSharesOutstanding": 212,
        "dilutedEPS": 2.59,
        "ebit": 855,
        "grossIncome": 2233,
        "interestExpense": 55.372,
        "interestIncomeExpense": -56,
        "minorityInterest": -7,
        "netIncome": 548,
        "netIncomeAfterTaxes": 555,
        "nonRecurringItems": -75,
        "period": "2022-03-31",
        "pretaxIncome": 728,
        "provisionforIncomeTaxes": 173,
        "revenue": 57719,
        "sgaExpense": 1203,
        "totalOperatingExpense": 1378,
        "totalOtherIncomeExpenseNet": 4
      },
      {
        "costOfGoodsSold": 57568,
        "depreciationAmortization": 176,
        "dilutedAverageSharesOutstanding": 211,
        "dilutedEPS": 2.13,
        "ebit": 714,
        "grossIncome": 2060,
        "interestExpense": 56.632,
        "interestIncomeExpense": -48,
        "minorityInterest": 0,
        "netIncome": 449,
        "netIncomeAfterTaxes": 449,
        "nonRecurringItems": -70,
        "period": "2021-12-31",
        "pretaxIncome": 596,
        "provisionforIncomeTaxes": 147,
        "revenue": 59629,
        "sgaExpense": 1170,
        "totalOperatingExpense": 1346,
        "totalOtherIncomeExpenseNet": 0
      },
      {
        "costOfGoodsSold": 57012,
        "depreciationAmortization": 178,
        "dilutedAverageSharesOutstanding": 211,
        "dilutedEPS": 2.08,
        "ebit": 507,
        "grossIncome": 1901,
        "interestExpense": 59.771,
        "interestIncomeExpense": -55,
        "minorityInterest": 1,
        "netIncome": 438,
        "netIncomeAfterTaxes": 436,
        "nonRecurringItems": 55,
        "period": "2021-09-30",
        "pretaxIncome": 554,
        "provisionforIncomeTaxes": 117,
        "revenue": 58912,
        "sgaExpense": 1216,
        "totalOperatingExpense": 1394,
        "totalOtherIncomeExpenseNet": 47
      },
      {
        "costOfGoodsSold": 51517,
        "depreciationAmortization": 127,
        "dilutedAverageSharesOutstanding": 209,
        "dilutedEPS": 1.4,
        "ebit": 848,
        "grossIncome": 1888,
        "interestExpense": 53.011,
        "interestIncomeExpense": -51,
        "minorityInterest": -3,
        "netIncome": 292,
        "netIncomeAfterTaxes": 295,
        "nonRecurringItems": -227,
        "period": "2021-06-30",
        "pretaxIncome": 574,
        "provisionforIncomeTaxes": 278,
        "revenue": 53406,
        "sgaExpense": 913,
        "totalOperatingExpense": 1041,
        "totalOtherIncomeExpenseNet": 4
      },
      {
        "costOfGoodsSold": 47621,
        "depreciationAmortization": 101,
        "dilutedAverageSharesOutstanding": 207,
        "dilutedEPS": 2.1,
        "ebit": 702,
        "grossIncome": 1533,
        "interestExpense": 35.184,
        "interestIncomeExpense": -35,
        "minorityInterest": 1,
        "netIncome": 435,
        "netIncomeAfterTaxes": 434,
        "nonRecurringItems": -78,
        "period": "2021-03-31",
        "pretaxIncome": 567,
        "provisionforIncomeTaxes": 133,
        "revenue": 49154,
        "sgaExpense": 730,
        "totalOperatingExpense": 831,
        "totalOtherIncomeExpenseNet": -23
      },
      {
        "costOfGoodsSold": 51064,
        "depreciationAmortization": 100,
        "dilutedAverageSharesOutstanding": 207,
        "dilutedEPS": 1.81,
        "ebit": 617,
        "grossIncome": 1452,
        "interestExpense": 34.578,
        "interestIncomeExpense": -34,
        "minorityInterest": -4,
        "netIncome": 375,
        "netIncomeAfterTaxes": 379,
        "nonRecurringItems": -70,
        "period": "2020-12-31",
        "pretaxIncome": 528,
        "provisionforIncomeTaxes": 149,
        "revenue": 52517,
        "sgaExpense": 735,
        "totalOperatingExpense": 835,
        "totalOtherIncomeExpenseNet": 14
      },
      {
        "costOfGoodsSold": 47898,
        "depreciationAmortization": 97,
        "dilutedAverageSharesOutstanding": 204,
        "dilutedEPS": -23.75,
        "ebit": 528,
        "grossIncome": 1346,
        "interestExpense": 35.761,
        "interestIncomeExpense": -35,
        "minorityInterest": -2,
        "netIncome": -4846,
        "netIncomeAfterTaxes": -4845,
        "nonRecurringItems": -6641,
        "period": "2020-09-30",
        "pretaxIncome": -6143,
        "provisionforIncomeTaxes": -1299,
        "revenue": 49245,
        "sgaExpense": 721,
        "totalOperatingExpense": 819,
        "totalOtherIncomeExpenseNet": 4
      },
      {
        "costOfGoodsSold": 44141,
        "depreciationAmortization": 95,
        "dilutedAverageSharesOutstanding": 206,
        "dilutedEPS": 1.41,
        "ebit": 464,
        "grossIncome": 1226,
        "interestExpense": 39.177,
        "interestIncomeExpense": -38,
        "minorityInterest": 2,
        "netIncome": 289,
        "netIncomeAfterTaxes": 287,
        "nonRecurringItems": -81,
        "period": "2020-06-30",
        "pretaxIncome": 344,
        "provisionforIncomeTaxes": 57,
        "revenue": 45367,
        "sgaExpense": 667,
        "totalOperatingExpense": 762,
        "totalOtherIncomeExpenseNet": -1
      },
      {
        "costOfGoodsSold": 46030,
        "depreciationAmortization": 94,
        "dilutedAverageSharesOutstanding": 207,
        "dilutedEPS": 4.64,
        "ebit": 601,
        "grossIncome": 1388,
        "interestExpense": 41.982,
        "interestIncomeExpense": -34,
        "minorityInterest": -11,
        "netIncome": 960,
        "netIncomeAfterTaxes": 971,
        "nonRecurringItems": -291,
        "period": "2020-03-31",
        "pretaxIncome": 276,
        "provisionforIncomeTaxes": -695,
        "revenue": 47418,
        "sgaExpense": 693,
        "totalOperatingExpense": 787,
        "totalOtherIncomeExpenseNet": 1
      },
      {
        "costOfGoodsSold": 46642,
        "depreciationAmortization": 105,
        "dilutedAverageSharesOutstanding": 208,
        "dilutedEPS": 0.9,
        "ebit": 432,
        "grossIncome": 1223,
        "interestExpense": 41.602,
        "interestIncomeExpense": -31,
        "minorityInterest": 1,
        "netIncome": 188,
        "netIncomeAfterTaxes": 187,
        "nonRecurringItems": -169,
        "period": "2019-12-31",
        "pretaxIncome": 230,
        "provisionforIncomeTaxes": 43,
        "revenue": 47865,
        "sgaExpense": 686,
        "totalOperatingExpense": 790,
        "totalOtherIncomeExpenseNet": -3
      },
      {
        "costOfGoodsSold": 44456,
        "depreciationAmortization": 109,
        "dilutedAverageSharesOutstanding": 214,
        "dilutedEPS": 0.62,
        "ebit": 351,
        "grossIncome": 1182,
        "interestExpense": 47.646,
        "interestIncomeExpense": -36,
        "minorityInterest": 0,
        "netIncome": 133,
        "netIncomeAfterTaxes": 132,
        "nonRecurringItems": -171,
        "period": "2019-09-30",
        "pretaxIncome": 145,
        "provisionforIncomeTaxes": 12,
        "revenue": 45638,
        "sgaExpense": 722,
        "totalOperatingExpense": 831,
        "totalOtherIncomeExpenseNet": 1
      },
      {
        "costOfGoodsSold": 44012,
        "depreciationAmortization": 108,
        "dilutedAverageSharesOutstanding": 211,
        "dilutedEPS": 1.43,
        "ebit": 464,
        "grossIncome": 1228,
        "interestExpense": 48.71,
        "interestIncomeExpense": -36,
        "minorityInterest": 0,
        "netIncome": 302,
        "netIncomeAfterTaxes": 302,
        "nonRecurringItems": -57,
        "period": "2019-06-30",
        "pretaxIncome": 371,
        "provisionforIncomeTaxes": 69,
        "revenue": 45239,
        "sgaExpense": 657,
        "totalOperatingExpense": 764,
        "totalOtherIncomeExpenseNet": 0
      },
      {
        "costOfGoodsSold": 41947,
        "depreciationAmortization": 124,
        "dilutedAverageSharesOutstanding": 213,
        "dilutedEPS": 0.13,
        "ebit": 621,
        "grossIncome": 1373,
        "interestExpense": 49.882,
        "interestIncomeExpense": -30,
        "minorityInterest": -1,
        "netIncome": 27,
        "netIncomeAfterTaxes": 28,
        "nonRecurringItems": -573,
        "period": "2019-03-31",
        "pretaxIncome": 19,
        "provisionforIncomeTaxes": -9,
        "revenue": 43320,
        "sgaExpense": 628,
        "totalOperatingExpense": 752,
        "totalOtherIncomeExpenseNet": 1
      },
      {
        "costOfGoodsSold": 44182,
        "depreciationAmortization": 123,
        "dilutedAverageSharesOutstanding": 214,
        "dilutedEPS": 1.84,
        "ebit": 431,
        "grossIncome": 1210,
        "interestExpense": 49.236,
        "interestIncomeExpense": -42,
        "minorityInterest": 2,
        "netIncome": 394,
        "netIncomeAfterTaxes": 355,
        "nonRecurringItems": 47,
        "period": "2018-12-31",
        "pretaxIncome": 433,
        "provisionforIncomeTaxes": 78,
        "revenue": 45392,
        "sgaExpense": 657,
        "totalOperatingExpense": 780,
        "totalOtherIncomeExpenseNet": -3
      },
      {
        "costOfGoodsSold": 42264,
        "depreciationAmortization": 121,
        "dilutedAverageSharesOutstanding": 217,
        "dilutedEPS": 1.07,
        "ebit": 254,
        "grossIncome": 1033,
        "interestExpense": 49.428,
        "interestIncomeExpense": -43,
        "minorityInterest": 39,
        "netIncome": 233,
        "netIncomeAfterTaxes": 169,
        "nonRecurringItems": -100,
        "period": "2018-09-30",
        "pretaxIncome": 112,
        "provisionforIncomeTaxes": -57,
        "revenue": 43297,
        "sgaExpense": 658,
        "totalOperatingExpense": 779,
        "totalOtherIncomeExpenseNet": 1
      },
      {
        "costOfGoodsSold": 41895,
        "depreciationAmortization": 120,
        "dilutedAverageSharesOutstanding": 221,
        "dilutedEPS": 1.25,
        "ebit": 500,
        "grossIncome": 1247,
        "interestExpense": 52.845,
        "interestIncomeExpense": -47,
        "minorityInterest": -2,
        "netIncome": 276,
        "netIncomeAfterTaxes": 278,
        "nonRecurringItems": -111,
        "period": "2018-06-30",
        "pretaxIncome": 345,
        "provisionforIncomeTaxes": 67,
        "revenue": 43142,
        "sgaExpense": 627,
        "totalOperatingExpense": 747,
        "totalOtherIncomeExpenseNet": 3
      },
      {
        "costOfGoodsSold": 39778,
        "depreciationAmortization": 119,
        "dilutedAverageSharesOutstanding": 222,
        "dilutedEPS": 1.29,
        "ebit": 519,
        "grossIncome": 1256,
        "interestExpense": 49.984,
        "interestIncomeExpense": -91,
        "minorityInterest": 5,
        "netIncome": 287,
        "netIncomeAfterTaxes": 282,
        "nonRecurringItems": -38,
        "period": "2018-03-31",
        "pretaxIncome": 361,
        "provisionforIncomeTaxes": 79,
        "revenue": 41034,
        "sgaExpense": 617,
        "totalOperatingExpense": 736,
        "totalOtherIncomeExpenseNet": -29
      },
      {
        "costOfGoodsSold": 39354,
        "depreciationAmortization": 105,
        "dilutedAverageSharesOutstanding": 221,
        "dilutedEPS": 3.9,
        "ebit": 449,
        "grossIncome": 1113,
        "interestExpense": 37.383,
        "interestIncomeExpense": -36,
        "netIncome": 862,
        "netIncomeAfterTaxes": 274,
        "nonRecurringItems": -54,
        "period": "2017-12-31",
        "pretaxIncome": 359,
        "provisionforIncomeTaxes": 85,
        "revenue": 40466,
        "sgaExpense": 559,
        "totalOperatingExpense": 663,
        "totalOtherIncomeExpenseNet": 0
      },
      {
        "costOfGoodsSold": 37948,
        "depreciationAmortization": 104,
        "dilutedAverageSharesOutstanding": 218,
        "dilutedEPS": -1.58,
        "ebit": 507,
        "grossIncome": 1172,
        "interestExpense": 36.153,
        "interestIncomeExpense": -35,
        "netIncome": -345,
        "netIncomeAfterTaxes": -345,
        "nonRecurringItems": -642,
        "period": "2017-09-30",
        "pretaxIncome": -172,
        "provisionforIncomeTaxes": 173,
        "revenue": 39120,
        "sgaExpense": 561,
        "totalOperatingExpense": 665,
        "totalOtherIncomeExpenseNet": -1
      },
      {
        "costOfGoodsSold": 37627,
        "depreciationAmortization": 100,
        "dilutedAverageSharesOutstanding": 222,
        "dilutedEPS": 0.23,
        "ebit": 455,
        "grossIncome": 1080,
        "interestExpense": 37.017,
        "interestIncomeExpense": -36,
        "netIncome": 50,
        "netIncomeAfterTaxes": 50,
        "nonRecurringItems": -285,
        "period": "2017-06-30",
        "pretaxIncome": 133,
        "provisionforIncomeTaxes": 83,
        "revenue": 38707,
        "sgaExpense": 525,
        "totalOperatingExpense": 625,
        "totalOtherIncomeExpenseNet": -1
      },
      {
        "costOfGoodsSold": 35891,
        "depreciationAmortization": 98,
        "dilutedAverageSharesOutstanding": 221,
        "dilutedEPS": 1.86,
        "ebit": 637,
        "grossIncome": 1256,
        "interestExpense": 37.885,
        "interestIncomeExpense": -37,
        "netIncome": 411,
        "netIncomeAfterTaxes": 411,
        "nonRecurringItems": -12,
        "period": "2017-03-31",
        "pretaxIncome": 593,
        "provisionforIncomeTaxes": 181,
        "revenue": 37147,
        "sgaExpense": 522,
        "totalOperatingExpense": 619,
        "totalOtherIncomeExpenseNet": 5
      },
      {
        "costOfGoodsSold": 37133,
        "depreciationAmortization": 96,
        "dilutedAverageSharesOutstanding": 222,
        "dilutedEPS": 1.11,
        "ebit": 420,
        "grossIncome": 1036,
        "interestExpense": 37.987,
        "interestIncomeExpense": -37,
        "netIncome": 247,
        "netIncomeAfterTaxes": 247,
        "nonRecurringItems": -20,
        "period": "2016-12-31",
        "pretaxIncome": 363,
        "provisionforIncomeTaxes": 116,
        "revenue": 38169,
        "sgaExpense": 521,
        "totalOperatingExpense": 616,
        "totalOtherIncomeExpenseNet": 0
      },
      {
        "costOfGoodsSold": 36436,
        "depreciationAmortization": 99,
        "dilutedAverageSharesOutstanding": 227,
        "dilutedEPS": 0.63,
        "ebit": 244,
        "grossIncome": 1124,
        "interestExpense": 45.263,
        "interestIncomeExpense": -44,
        "netIncome": 144,
        "netIncomeAfterTaxes": 144,
        "nonRecurringItems": -14,
        "period": "2016-09-30",
        "pretaxIncome": 188,
        "provisionforIncomeTaxes": 45,
        "revenue": 37561,
        "sgaExpense": 781,
        "totalOperatingExpense": 880,
        "totalOtherIncomeExpenseNet": 2
      },
      {
        "costOfGoodsSold": 35895,
        "depreciationAmortization": 94,
        "dilutedAverageSharesOutstanding": 225,
        "dilutedEPS": 1.55,
        "ebit": 460,
        "grossIncome": 987,
        "interestExpense": 36.678,
        "interestIncomeExpense": -35,
        "netIncome": 349,
        "netIncomeAfterTaxes": 349,
        "nonRecurringItems": 69,
        "period": "2016-06-30",
        "pretaxIncome": 496,
        "provisionforIncomeTaxes": 146,
        "revenue": 36882,
        "sgaExpense": 433,
        "totalOperatingExpense": 527,
        "totalOtherIncomeExpenseNet": 2
      },
      {
        "costOfGoodsSold": 34623,
        "depreciationAmortization": 93,
        "dilutedAverageSharesOutstanding": 225,
        "dilutedEPS": 2.68,
        "ebit": 966,
        "grossIncome": 1075,
        "interestExpense": 36.712,
        "interestIncomeExpense": -36,
        "netIncome": 603,
        "netIncomeAfterTaxes": 603,
        "nonRecurringItems": -16,
        "period": "2016-03-31",
        "pretaxIncome": 915,
        "provisionforIncomeTaxes": 312,
        "revenue": 35698,
        "sgaExpense": 16,
        "totalOperatingExpense": 109,
        "totalOtherIncomeExpenseNet": 1
      },
      {
        "costOfGoodsSold": 35757,
        "depreciationAmortization": 83,
        "dilutedAverageSharesOutstanding": 227,
        "dilutedEPS": 1.45,
        "ebit": -123,
        "grossIncome": 952,
        "interestExpense": 34.449,
        "interestIncomeExpense": -34,
        "netIncome": 330,
        "netIncomeAfterTaxes": 330,
        "nonRecurringItems": -55,
        "period": "2015-12-31",
        "pretaxIncome": -212,
        "provisionforIncomeTaxes": -541,
        "revenue": 36709,
        "sgaExpense": 992,
        "totalOperatingExpense": 1075,
        "totalOtherIncomeExpenseNet": 0
      },
      {
        "costOfGoodsSold": 34497,
        "depreciationAmortization": 75,
        "dilutedAverageSharesOutstanding": 212,
        "dilutedEPS": 1.7,
        "ebit": 549,
        "grossIncome": 973,
        "interestExpense": 40.102,
        "interestIncomeExpense": -39,
        "netIncome": 361,
        "netIncomeAfterTaxes": 361,
        "nonRecurringItems": -37,
        "period": "2015-09-30",
        "pretaxIncome": 470,
        "provisionforIncomeTaxes": 109,
        "revenue": 35470,
        "sgaExpense": 350,
        "totalOperatingExpense": 425,
        "totalOtherIncomeExpenseNet": -2
      }
    ],
    "symbol": "COR"
  }
}