{
  "symbol": "T",
  "statement": "ic",
  "frequency": "quarterly",
  "timestamp": "2025-09-19T13:56:22.608704",
  "data": {
    "financials": [
      {
        "costOfGoodsSold": 12150,
        "depreciationAmortization": 5251,
        "dilutedAverageSharesOutstanding": 7219,
        "dilutedEPS": 0.62,
        "ebit": 6501,
        "grossIncome": 18697,
        "interestIncomeExpense": -1122,
        "minorityInterest": -361,
        "netIncome": 4464,
        "netIncomeAfterTaxes": 4861,
        "nonRecurringItems": 0,
        "period": "2025-06-30",
        "pretaxIncome": 6098,
        "provisionforIncomeTaxes": 1237,
        "revenue": 30847,
        "sgaExpense": 6945,
        "totalOperatingExpense": 12196,
        "totalOtherIncomeExpenseNet": 719
      },
      {
        "costOfGoodsSold": 12033,
        "depreciationAmortization": 5190,
        "dilutedAverageSharesOutstanding": 7223,
        "dilutedEPS": 0.61,
        "ebit": 6254,
        "grossIncome": 18593,
        "interestExpense": 1658,
        "interestIncomeExpense": -245,
        "minorityInterest": -341,
        "netIncome": 4395,
        "netIncomeAfterTaxes": 4692,
        "nonRecurringItems": -500,
        "period": "2025-03-31",
        "pretaxIncome": 5991,
        "provisionforIncomeTaxes": 1299,
        "revenue": 30626,
        "sgaExpense": 7149,
        "totalOperatingExpense": 12339,
        "totalOtherIncomeExpenseNet": 482
      },
      {
        "costOfGoodsSold": 14195,
        "depreciationAmortization": 5374,
        "dilutedAverageSharesOutstanding": 7216,
        "dilutedEPS": 0.56,
        "ebit": 5327,
        "grossIncome": 18103,
        "interestExpense": 1661,
        "interestIncomeExpense": -540,
        "minorityInterest": -328,
        "netIncome": 4031,
        "netIncomeAfterTaxes": 4408,
        "nonRecurringItems": -1,
        "period": "2024-12-31",
        "pretaxIncome": 5308,
        "provisionforIncomeTaxes": 900,
        "revenue": 32298,
        "sgaExpense": 7402,
        "totalOperatingExpense": 12776,
        "totalOtherIncomeExpenseNet": 522
      },
      {
        "costOfGoodsSold": 11630,
        "depreciationAmortization": 5087,
        "dilutedAverageSharesOutstanding": 7202,
        "dilutedEPS": -0.03,
        "ebit": 6543,
        "grossIncome": 18583,
        "interestExpense": 1675,
        "interestIncomeExpense": -1323,
        "minorityInterest": -319,
        "netIncome": -226,
        "netIncomeAfterTaxes": 145,
        "nonRecurringItems": -4427,
        "period": "2024-09-30",
        "pretaxIncome": 1430,
        "provisionforIncomeTaxes": 1285,
        "revenue": 30213,
        "sgaExpense": 6953,
        "totalOperatingExpense": 12040,
        "totalOtherIncomeExpenseNet": 637
      },
      {
        "costOfGoodsSold": 11442,
        "depreciationAmortization": 5072,
        "dilutedAverageSharesOutstanding": 7198,
        "dilutedEPS": 0.49,
        "ebit": 6259,
        "grossIncome": 18355,
        "interestExpense": 1699,
        "interestIncomeExpense": -1317,
        "minorityInterest": -352,
        "netIncome": 3546,
        "netIncomeAfterTaxes": 3949,
        "nonRecurringItems": -499,
        "period": "2024-06-30",
        "pretaxIncome": 5091,
        "provisionforIncomeTaxes": 1142,
        "revenue": 29797,
        "sgaExpense": 7024,
        "totalOperatingExpense": 12096,
        "totalOtherIncomeExpenseNet": 648
      },
      {
        "costOfGoodsSold": 11954,
        "depreciationAmortization": 5047,
        "dilutedAverageSharesOutstanding": 7193,
        "dilutedEPS": 0.47,
        "ebit": 6009,
        "grossIncome": 18074,
        "interestExpense": 1724,
        "interestIncomeExpense": -1329,
        "minorityInterest": -306,
        "netIncome": 3395,
        "netIncomeAfterTaxes": 3751,
        "nonRecurringItems": -162,
        "period": "2024-03-31",
        "pretaxIncome": 4869,
        "provisionforIncomeTaxes": 1118,
        "revenue": 30028,
        "sgaExpense": 7018,
        "totalOperatingExpense": 12065,
        "totalOtherIncomeExpenseNet": 351
      },
      {
        "costOfGoodsSold": 13911,
        "depreciationAmortization": 4766,
        "dilutedAverageSharesOutstanding": 7192,
        "dilutedEPS": 0.3,
        "ebit": 5863,
        "grossIncome": 18111,
        "interestExpense": 1726,
        "interestIncomeExpense": -1329,
        "minorityInterest": -394,
        "netIncome": 2135,
        "netIncomeAfterTaxes": 2582,
        "nonRecurringItems": -592,
        "period": "2023-12-31",
        "pretaxIncome": 2936,
        "provisionforIncomeTaxes": 354,
        "revenue": 32022,
        "sgaExpense": 7482,
        "totalOperatingExpense": 12248,
        "totalOtherIncomeExpenseNet": -1006
      },
      {
        "costOfGoodsSold": 12054,
        "depreciationAmortization": 4705,
        "dilutedAverageSharesOutstanding": 7185,
        "dilutedEPS": 0.48,
        "ebit": 6394,
        "grossIncome": 18296,
        "interestExpense": 1662,
        "interestIncomeExpense": -1298,
        "minorityInterest": -331,
        "netIncome": 3444,
        "netIncomeAfterTaxes": 3826,
        "nonRecurringItems": -612,
        "period": "2023-09-30",
        "pretaxIncome": 4980,
        "provisionforIncomeTaxes": 1154,
        "revenue": 30350,
        "sgaExpense": 7197,
        "totalOperatingExpense": 11902,
        "totalOtherIncomeExpenseNet": 496
      },
      {
        "costOfGoodsSold": 11827,
        "depreciationAmortization": 4675,
        "dilutedAverageSharesOutstanding": 7180,
        "dilutedEPS": 0.62,
        "ebit": 6410,
        "grossIncome": 18090,
        "interestExpense": 1608,
        "interestIncomeExpense": -1313,
        "minorityInterest": -273,
        "netIncome": 4437,
        "netIncomeAfterTaxes": 4762,
        "nonRecurringItems": -4,
        "period": "2023-06-30",
        "pretaxIncome": 6165,
        "provisionforIncomeTaxes": 1403,
        "revenue": 29917,
        "sgaExpense": 7005,
        "totalOperatingExpense": 11680,
        "totalOtherIncomeExpenseNet": 1072
      },
      {
        "costOfGoodsSold": 12331,
        "depreciationAmortization": 4631,
        "dilutedAverageSharesOutstanding": 7474,
        "dilutedEPS": 0.57,
        "ebit": 6003,
        "grossIncome": 17808,
        "interestExpense": 1708,
        "interestIncomeExpense": -1249,
        "minorityInterest": -225,
        "netIncome": 4176,
        "netIncomeAfterTaxes": 4453,
        "nonRecurringItems": -1,
        "period": "2023-03-31",
        "pretaxIncome": 5767,
        "provisionforIncomeTaxes": 1314,
        "revenue": 30139,
        "sgaExpense": 7174,
        "totalOperatingExpense": 11805,
        "totalOtherIncomeExpenseNet": 1014
      },
      {
        "costOfGoodsSold": 13571,
        "depreciationAmortization": 4595,
        "dilutedAverageSharesOutstanding": 7170.5,
        "dilutedEPS": -3.28,
        "ebit": 5661,
        "grossIncome": 17772,
        "interestExpense": 1560,
        "interestIncomeExpense": -1060,
        "minorityInterest": -362,
        "netIncome": -23571,
        "netIncomeAfterTaxes": -23120,
        "nonRecurringItems": -26753,
        "period": "2022-12-31",
        "pretaxIncome": -23197,
        "provisionforIncomeTaxes": -77,
        "revenue": 31343,
        "sgaExpense": 7516,
        "totalOperatingExpense": 12111,
        "totalOtherIncomeExpenseNet": -1045
      },
      {
        "costOfGoodsSold": 12201,
        "depreciationAmortization": 4514,
        "dilutedAverageSharesOutstanding": 7647,
        "dilutedEPS": 0.79,
        "ebit": 6135,
        "grossIncome": 17842,
        "interestExpense": 1420,
        "interestIncomeExpense": -1099,
        "minorityInterest": -373,
        "netIncome": 5977,
        "netIncomeAfterTaxes": 6346,
        "nonRecurringItems": -123,
        "period": "2022-09-30",
        "pretaxIncome": 7254,
        "provisionforIncomeTaxes": 908,
        "revenue": 30043,
        "sgaExpense": 7193,
        "totalOperatingExpense": 11707,
        "totalOtherIncomeExpenseNet": 2341
      },
      {
        "costOfGoodsSold": 12341,
        "depreciationAmortization": 4450,
        "dilutedAverageSharesOutstanding": 7611,
        "dilutedEPS": 0.53,
        "ebit": 5602,
        "grossIncome": 17302,
        "interestExpense": 1502,
        "interestIncomeExpense": -1194,
        "minorityInterest": -380,
        "netIncome": 4105,
        "netIncomeAfterTaxes": 4751,
        "nonRecurringItems": -646,
        "period": "2022-06-30",
        "pretaxIncome": 6260,
        "provisionforIncomeTaxes": 1509,
        "revenue": 29643,
        "sgaExpense": 7250,
        "totalOperatingExpense": 11700,
        "totalOtherIncomeExpenseNet": 2498
      },
      {
        "costOfGoodsSold": 12735,
        "depreciationAmortization": 4462,
        "dilutedAverageSharesOutstanding": 7556,
        "dilutedEPS": 0.65,
        "ebit": 5534,
        "grossIncome": 16977,
        "interestExpense": 1626,
        "interestIncomeExpense": -1017,
        "minorityInterest": -354,
        "netIncome": 4762,
        "netIncomeAfterTaxes": 5149,
        "nonRecurringItems": 3,
        "period": "2022-03-31",
        "pretaxIncome": 6589,
        "provisionforIncomeTaxes": 1440,
        "revenue": 29712,
        "sgaExpense": 6981,
        "totalOperatingExpense": 11443,
        "totalOtherIncomeExpenseNet": 2069
      },
      {
        "costOfGoodsSold": 14225,
        "depreciationAmortization": 4500,
        "dilutedAverageSharesOutstanding": 7539,
        "dilutedEPS": 0.66,
        "ebit": 4987,
        "grossIncome": 16870,
        "interestExpense": 1626,
        "interestIncomeExpense": -1037,
        "minorityInterest": -347,
        "netIncome": 4992,
        "netIncomeAfterTaxes": 5202,
        "nonRecurringItems": -93,
        "period": "2021-12-31",
        "pretaxIncome": 6141,
        "provisionforIncomeTaxes": 939,
        "revenue": 31095,
        "sgaExpense": 7383,
        "totalOperatingExpense": 11883,
        "totalOtherIncomeExpenseNet": 2284
      },
      {
        "costOfGoodsSold": 13433,
        "depreciationAmortization": 4457,
        "dilutedAverageSharesOutstanding": 7506,
        "dilutedEPS": 0.78,
        "ebit": 6206,
        "grossIncome": 17893,
        "interestExpense": 1627,
        "interestIncomeExpense": -1433,
        "minorityInterest": -355,
        "netIncome": 5868,
        "netIncomeAfterTaxes": 5019,
        "nonRecurringItems": 31,
        "period": "2021-09-30",
        "pretaxIncome": 6315,
        "provisionforIncomeTaxes": 1296,
        "revenue": 31326,
        "sgaExpense": 7230,
        "totalOperatingExpense": 11687,
        "totalOtherIncomeExpenseNet": 1511
      },
      {
        "costOfGoodsSold": 16158,
        "depreciationAmortization": 4429,
        "dilutedAverageSharesOutstanding": 7484,
        "dilutedEPS": 0.2,
        "ebit": 7548,
        "grossIncome": 19582,
        "interestExpense": 1640,
        "interestIncomeExpense": -1571,
        "minorityInterest": -304,
        "netIncome": 1514,
        "netIncomeAfterTaxes": 5969,
        "nonRecurringItems": 24,
        "period": "2021-06-30",
        "pretaxIncome": 7120,
        "provisionforIncomeTaxes": 1151,
        "revenue": 35740,
        "sgaExpense": 7605,
        "totalOperatingExpense": 12034,
        "totalOtherIncomeExpenseNet": 1119
      },
      {
        "costOfGoodsSold": 16591,
        "depreciationAmortization": 4466,
        "dilutedAverageSharesOutstanding": 7483.5,
        "dilutedEPS": 1,
        "ebit": 7174,
        "grossIncome": 19286,
        "interestExpense": 1823,
        "interestIncomeExpense": -1774,
        "minorityInterest": -392,
        "netIncome": 7500,
        "netIncomeAfterTaxes": 7586,
        "nonRecurringItems": 20,
        "period": "2021-03-31",
        "pretaxIncome": 9595,
        "provisionforIncomeTaxes": 2009,
        "revenue": 35877,
        "sgaExpense": 7646,
        "totalOperatingExpense": 12112,
        "totalOtherIncomeExpenseNet": 4175
      },
      {
        "costOfGoodsSold": 8641,
        "depreciationAmortization": 986,
        "dilutedAverageSharesOutstanding": 7148,
        "dilutedEPS": -1.94,
        "ebit": 4373,
        "grossIncome": 8340,
        "interestExpense": 1696,
        "interestIncomeExpense": -1446,
        "minorityInterest": -368,
        "netIncome": -13938,
        "netIncomeAfterTaxes": -11216,
        "nonRecurringItems": -13151,
        "period": "2020-12-31",
        "pretaxIncome": -13051,
        "provisionforIncomeTaxes": -1835,
        "revenue": 16981,
        "sgaExpense": 2981,
        "totalOperatingExpense": 3967,
        "totalOtherIncomeExpenseNet": -2827
      },
      {
        "costOfGoodsSold": 19839,
        "depreciationAmortization": 7030,
        "dilutedAverageSharesOutstanding": 7173,
        "dilutedEPS": 0.39,
        "ebit": 6205,
        "grossIncome": 22501,
        "interestExpense": 1972,
        "interestIncomeExpense": -1903,
        "minorityInterest": -352,
        "netIncome": 2762,
        "netIncomeAfterTaxes": 3168,
        "nonRecurringItems": -73,
        "period": "2020-09-30",
        "pretaxIncome": 3934,
        "provisionforIncomeTaxes": 766,
        "revenue": 42340,
        "sgaExpense": 9266,
        "totalOperatingExpense": 16296,
        "totalOtherIncomeExpenseNet": -295
      },
      {
        "costOfGoodsSold": 17983,
        "depreciationAmortization": 7285,
        "dilutedAverageSharesOutstanding": 7170,
        "dilutedEPS": 0.17,
        "ebit": 5847,
        "grossIncome": 22967,
        "interestExpense": 2041,
        "interestIncomeExpense": -1899,
        "minorityInterest": -282,
        "netIncome": 1229,
        "netIncomeAfterTaxes": 1563,
        "nonRecurringItems": -2315,
        "period": "2020-06-30",
        "pretaxIncome": 2498,
        "provisionforIncomeTaxes": 935,
        "revenue": 40950,
        "sgaExpense": 9835,
        "totalOperatingExpense": 17120,
        "totalOtherIncomeExpenseNet": 865
      },
      {
        "costOfGoodsSold": 19281,
        "depreciationAmortization": 7222,
        "dilutedAverageSharesOutstanding": 7214,
        "dilutedEPS": 0.64,
        "ebit": 6575,
        "grossIncome": 23498,
        "interestExpense": 2018,
        "interestIncomeExpense": -2194,
        "minorityInterest": -353,
        "netIncome": 4578,
        "netIncomeAfterTaxes": 4963,
        "nonRecurringItems": 911,
        "period": "2020-03-31",
        "pretaxIncome": 6265,
        "provisionforIncomeTaxes": 1302,
        "revenue": 42779,
        "sgaExpense": 9701,
        "totalOperatingExpense": 16923,
        "totalOtherIncomeExpenseNet": 973
      },
      {
        "costOfGoodsSold": 22736,
        "depreciationAmortization": 6961,
        "dilutedAverageSharesOutstanding": 7342,
        "dilutedEPS": 0.33,
        "ebit": 6746,
        "grossIncome": 24085,
        "interestExpense": 2049,
        "interestIncomeExpense": -2008,
        "minorityInterest": -310,
        "netIncome": 2391,
        "netIncomeAfterTaxes": 2704,
        "nonRecurringItems": -1425,
        "period": "2019-12-31",
        "pretaxIncome": 3138,
        "provisionforIncomeTaxes": 434,
        "revenue": 46821,
        "sgaExpense": 10378,
        "totalOperatingExpense": 17339,
        "totalOtherIncomeExpenseNet": -175
      },
      {
        "costOfGoodsSold": 20154,
        "depreciationAmortization": 6949,
        "dilutedAverageSharesOutstanding": 7356,
        "dilutedEPS": 0.5,
        "ebit": 7892,
        "grossIncome": 24434,
        "interestExpense": 2083,
        "interestIncomeExpense": -2067,
        "minorityInterest": -249,
        "netIncome": 3700,
        "netIncomeAfterTaxes": 3949,
        "nonRecurringItems": 9,
        "period": "2019-09-30",
        "pretaxIncome": 4886,
        "provisionforIncomeTaxes": 937,
        "revenue": 44588,
        "sgaExpense": 9593,
        "totalOperatingExpense": 16542,
        "totalOtherIncomeExpenseNet": -948
      },
      {
        "costOfGoodsSold": 20512,
        "depreciationAmortization": 7101,
        "dilutedAverageSharesOutstanding": 7353,
        "dilutedEPS": 0.51,
        "ebit": 7490,
        "grossIncome": 24445,
        "interestExpense": 2149,
        "interestIncomeExpense": -2128,
        "minorityInterest": -261,
        "netIncome": 3713,
        "netIncomeAfterTaxes": 3974,
        "nonRecurringItems": 10,
        "period": "2019-06-30",
        "pretaxIncome": 5073,
        "provisionforIncomeTaxes": 1099,
        "revenue": 44957,
        "sgaExpense": 9854,
        "totalOperatingExpense": 16955,
        "totalOtherIncomeExpenseNet": -299
      },
      {
        "costOfGoodsSold": 20739,
        "depreciationAmortization": 7206,
        "dilutedAverageSharesOutstanding": 7342,
        "dilutedEPS": 0.56,
        "ebit": 7217,
        "grossIncome": 24088,
        "interestExpense": 2141,
        "interestIncomeExpense": -2074,
        "minorityInterest": -252,
        "netIncome": 4096,
        "netIncomeAfterTaxes": 4348,
        "nonRecurringItems": 16,
        "period": "2019-03-31",
        "pretaxIncome": 5371,
        "provisionforIncomeTaxes": 1023,
        "revenue": 44827,
        "sgaExpense": 9665,
        "totalOperatingExpense": 16871,
        "totalOtherIncomeExpenseNet": 212
      },
      {
        "costOfGoodsSold": 23309,
        "depreciationAmortization": 7892,
        "dilutedAverageSharesOutstanding": 7334,
        "dilutedEPS": 0.66,
        "ebit": 6205,
        "grossIncome": 24684,
        "interestExpense": 2112,
        "interestIncomeExpense": -2307,
        "minorityInterest": -272,
        "netIncome": 4858,
        "netIncomeAfterTaxes": 4412,
        "nonRecurringItems": -45,
        "period": "2018-12-31",
        "pretaxIncome": 5745,
        "provisionforIncomeTaxes": 1333,
        "revenue": 47993,
        "sgaExpense": 10587,
        "totalOperatingExpense": 18479,
        "totalOtherIncomeExpenseNet": 1892
      },
      {
        "costOfGoodsSold": 20706,
        "depreciationAmortization": 8166,
        "dilutedAverageSharesOutstanding": 7320,
        "dilutedEPS": 0.65,
        "ebit": 7269,
        "grossIncome": 25033,
        "interestExpense": 2051,
        "interestIncomeExpense": -2036,
        "minorityInterest": -98,
        "netIncome": 4718,
        "netIncomeAfterTaxes": 4816,
        "period": "2018-09-30",
        "pretaxIncome": 6207,
        "provisionforIncomeTaxes": 1391,
        "revenue": 45739,
        "sgaExpense": 9598,
        "totalOperatingExpense": 17764,
        "totalOtherIncomeExpenseNet": 974
      },
      {
        "costOfGoodsSold": 17458,
        "depreciationAmortization": 6378,
        "dilutedAverageSharesOutstanding": 6374,
        "dilutedEPS": 0.81,
        "ebit": 6554,
        "grossIncome": 21528,
        "interestExpense": 2023,
        "interestIncomeExpense": -1921,
        "minorityInterest": -116,
        "netIncome": 5132,
        "netIncomeAfterTaxes": 5248,
        "nonRecurringItems": -88,
        "period": "2018-06-30",
        "pretaxIncome": 6780,
        "provisionforIncomeTaxes": 1532,
        "revenue": 38986,
        "sgaExpense": 8596,
        "totalOperatingExpense": 14974,
        "totalOtherIncomeExpenseNet": 2235
      },
      {
        "costOfGoodsSold": 17946,
        "depreciationAmortization": 5994,
        "dilutedAverageSharesOutstanding": 6180,
        "dilutedEPS": 0.76,
        "ebit": 6201,
        "grossIncome": 20092,
        "interestExpense": 1771,
        "interestIncomeExpense": -1663,
        "minorityInterest": -97,
        "netIncome": 4662,
        "netIncomeAfterTaxes": 4759,
        "period": "2018-03-31",
        "pretaxIncome": 6141,
        "provisionforIncomeTaxes": 1382,
        "revenue": 38038,
        "sgaExpense": 7897,
        "totalOperatingExpense": 13891,
        "totalOtherIncomeExpenseNet": 1603
      },
      {
        "costOfGoodsSold": 21926,
        "depreciationAmortization": 6071,
        "dilutedAverageSharesOutstanding": 6180,
        "dilutedEPS": 3.08,
        "ebit": 4236,
        "grossIncome": 19750,
        "interestExpense": 1926,
        "interestIncomeExpense": -1962,
        "minorityInterest": -99,
        "netIncome": 19037,
        "netIncomeAfterTaxes": -1135,
        "nonRecurringItems": -2955,
        "period": "2017-12-31",
        "pretaxIncome": -1283,
        "provisionforIncomeTaxes": -148,
        "revenue": 41676,
        "sgaExpense": 9443,
        "totalOperatingExpense": 15514,
        "totalOtherIncomeExpenseNet": -602
      },
      {
        "costOfGoodsSold": 19169,
        "depreciationAmortization": 6042,
        "dilutedAverageSharesOutstanding": 6182,
        "dilutedEPS": 0.49,
        "ebit": 5867,
        "grossIncome": 20499,
        "interestExpense": 1686,
        "interestIncomeExpense": -1688,
        "minorityInterest": -94,
        "netIncome": 3029,
        "netIncomeAfterTaxes": 3123,
        "nonRecurringItems": -60,
        "period": "2017-09-30",
        "pretaxIncome": 4974,
        "provisionforIncomeTaxes": 1851,
        "revenue": 39668,
        "sgaExpense": 8590,
        "totalOperatingExpense": 14632,
        "totalOtherIncomeExpenseNet": 855
      },
      {
        "costOfGoodsSold": 18605,
        "depreciationAmortization": 6147,
        "dilutedAverageSharesOutstanding": 6184,
        "dilutedEPS": 0.63,
        "ebit": 6562,
        "grossIncome": 21232,
        "interestExpense": 1395,
        "interestIncomeExpense": -1367,
        "minorityInterest": -99,
        "netIncome": 3915,
        "netIncomeAfterTaxes": 4014,
        "nonRecurringItems": -36,
        "period": "2017-06-30",
        "pretaxIncome": 6070,
        "provisionforIncomeTaxes": 2056,
        "revenue": 39837,
        "sgaExpense": 8523,
        "totalOperatingExpense": 14670,
        "totalOtherIncomeExpenseNet": 911
      },
      {
        "costOfGoodsSold": 18110,
        "depreciationAmortization": 6127,
        "dilutedAverageSharesOutstanding": 6186,
        "dilutedEPS": 0.56,
        "ebit": 6394,
        "grossIncome": 21255,
        "interestExpense": 1293,
        "interestIncomeExpense": -1388,
        "minorityInterest": -105,
        "netIncome": 3469,
        "netIncomeAfterTaxes": 3574,
        "nonRecurringItems": -38,
        "period": "2017-03-31",
        "pretaxIncome": 5378,
        "provisionforIncomeTaxes": 1804,
        "revenue": 39365,
        "sgaExpense": 8734,
        "totalOperatingExpense": 14861,
        "totalOtherIncomeExpenseNet": 410
      },
      {
        "costOfGoodsSold": 21119,
        "depreciationAmortization": 6129,
        "dilutedAverageSharesOutstanding": 6183,
        "dilutedEPS": 0.39,
        "ebit": 4646,
        "gainLossOnDispositionOfAssets": 96,
        "grossIncome": 20722,
        "interestExpense": 1221,
        "interestIncomeExpense": -1153,
        "minorityInterest": -78,
        "netIncome": 2437,
        "netIncomeAfterTaxes": 2515,
        "nonRecurringItems": -398,
        "period": "2016-12-31",
        "pretaxIncome": 3191,
        "provisionforIncomeTaxes": 676,
        "revenue": 41841,
        "sgaExpense": 9947,
        "totalOperatingExpense": 16076
      },
      {
        "costOfGoodsSold": 18890,
        "depreciationAmortization": 6579,
        "dilutedAverageSharesOutstanding": 6189,
        "dilutedEPS": 0.54,
        "ebit": 6408,
        "gainLossOnDispositionOfAssets": 3,
        "grossIncome": 22000,
        "interestExpense": 1224,
        "interestIncomeExpense": -1184,
        "minorityInterest": -90,
        "netIncome": 3328,
        "netIncomeAfterTaxes": 3418,
        "period": "2016-09-30",
        "pretaxIncome": 5193,
        "provisionforIncomeTaxes": 1775,
        "revenue": 40890,
        "sgaExpense": 9013,
        "totalOperatingExpense": 15592,
        "totalOtherIncomeExpenseNet": -34
      },
      {
        "costOfGoodsSold": 18475,
        "depreciationAmortization": 6576,
        "dilutedAverageSharesOutstanding": 6195,
        "dilutedEPS": 0.55,
        "ebit": 6560,
        "gainLossOnDispositionOfAssets": 41,
        "grossIncome": 22045,
        "interestExpense": 1258,
        "interestIncomeExpense": -1192,
        "minorityInterest": -107,
        "netIncome": 3408,
        "netIncomeAfterTaxes": 3515,
        "period": "2016-06-30",
        "pretaxIncome": 5421,
        "provisionforIncomeTaxes": 1906,
        "revenue": 40520,
        "sgaExpense": 8909,
        "totalOperatingExpense": 15485,
        "totalOtherIncomeExpenseNet": 12
      },
      {
        "costOfGoodsSold": 18400,
        "depreciationAmortization": 6563,
        "dilutedAverageSharesOutstanding": 6190,
        "dilutedEPS": 0.62,
        "ebit": 7131,
        "gainLossOnDispositionOfAssets": 44,
        "grossIncome": 22135,
        "interestExpense": 1207,
        "interestIncomeExpense": -1165,
        "minorityInterest": -82,
        "netIncome": 3803,
        "netIncomeAfterTaxes": 3885,
        "period": "2016-03-31",
        "pretaxIncome": 6007,
        "provisionforIncomeTaxes": 2122,
        "revenue": 40535,
        "sgaExpense": 8441,
        "totalOperatingExpense": 15004,
        "totalOtherIncomeExpenseNet": -3
      },
      {
        "costOfGoodsSold": 19691,
        "depreciationAmortization": 6477,
        "dilutedAverageSharesOutstanding": 6195,
        "dilutedEPS": 0.65,
        "ebit": 7532,
        "grossIncome": 22428,
        "interestExpense": 1143,
        "interestIncomeExpense": -1112,
        "minorityInterest": -80,
        "netIncome": 4006,
        "netIncomeAfterTaxes": 4086,
        "nonRecurringItems": 0,
        "period": "2015-12-31",
        "pretaxIncome": 6307,
        "provisionforIncomeTaxes": 2221,
        "revenue": 42119,
        "sgaExpense": 8419,
        "totalOperatingExpense": 14896,
        "totalOtherIncomeExpenseNet": -113
      },
      {
        "costOfGoodsSold": 17796,
        "depreciationAmortization": 6265,
        "dilutedAverageSharesOutstanding": 5943,
        "dilutedEPS": 0.5,
        "ebit": 5923,
        "grossIncome": 21295,
        "interestExpense": 1146,
        "interestIncomeExpense": -1148,
        "minorityInterest": -84,
        "netIncome": 2994,
        "netIncomeAfterTaxes": 3078,
        "period": "2015-09-30",
        "pretaxIncome": 4735,
        "provisionforIncomeTaxes": 1657,
        "revenue": 39091,
        "sgaExpense": 9107,
        "totalOperatingExpense": 15372,
        "totalOtherIncomeExpenseNet": -40
      }
    ],
    "symbol": "T"
  }
}