{
  "symbol": "URI",
  "statement": "ic",
  "frequency": "quarterly",
  "timestamp": "2025-09-19T14:08:01.870973",
  "data": {
    "financials": [
      {
        "costOfGoodsSold": 2410,
        "depreciationAmortization": 108,
        "dilutedAverageSharesOutstanding": 64.947,
        "dilutedEPS": 9.577,
        "ebit": 1003,
        "grossIncome": 1533,
        "interestIncomeExpense": -171,
        "netIncome": 622,
        "netIncomeAfterTaxes": 622,
        "nonRecurringItems": 0,
        "period": "2025-06-30",
        "pretaxIncome": 839,
        "provisionforIncomeTaxes": 217,
        "revenue": 3943,
        "sgaExpense": 422,
        "totalOperatingExpense": 530,
        "totalOtherIncomeExpenseNet": 7
      },
      {
        "costOfGoodsSold": 2363,
        "depreciationAmortization": 114,
        "dilutedAverageSharesOutstanding": 65.435,
        "dilutedEPS": 7.9163,
        "ebit": 805,
        "gainLossOnDispositionOfAssets": 4,
        "grossIncome": 1356,
        "interestExpense": 184,
        "interestIncomeExpense": -184,
        "netIncome": 518,
        "netIncomeAfterTaxes": 518,
        "nonRecurringItems": -1,
        "period": "2025-03-31",
        "pretaxIncome": 688,
        "provisionforIncomeTaxes": 170,
        "revenue": 3719,
        "sgaExpense": 437,
        "totalOperatingExpense": 551,
        "totalOtherIncomeExpenseNet": 64
      },
      {
        "costOfGoodsSold": 2457,
        "depreciationAmortization": 115,
        "dilutedAverageSharesOutstanding": 65.967,
        "dilutedEPS": 10.4446,
        "ebit": 1087,
        "gainLossOnDispositionOfAssets": 4,
        "grossIncome": 1638,
        "interestExpense": 180,
        "interestIncomeExpense": -180,
        "netIncome": 689,
        "netIncomeAfterTaxes": 689,
        "nonRecurringItems": 0,
        "period": "2024-12-31",
        "pretaxIncome": 909,
        "provisionforIncomeTaxes": 220,
        "revenue": 4095,
        "sgaExpense": 436,
        "totalOperatingExpense": 551,
        "totalOtherIncomeExpenseNet": -2
      },
      {
        "costOfGoodsSold": 2344,
        "depreciationAmortization": 109,
        "dilutedAverageSharesOutstanding": 66.185,
        "dilutedEPS": 10.6973,
        "ebit": 1123,
        "gainLossOnDispositionOfAssets": 5,
        "grossIncome": 1648,
        "interestExpense": 178,
        "interestIncomeExpense": -178,
        "netIncome": 708,
        "netIncomeAfterTaxes": 708,
        "nonRecurringItems": -1,
        "period": "2024-09-30",
        "pretaxIncome": 949,
        "provisionforIncomeTaxes": 241,
        "revenue": 3992,
        "sgaExpense": 416,
        "totalOperatingExpense": 525
      },
      {
        "costOfGoodsSold": 2255,
        "depreciationAmortization": 109,
        "dilutedAverageSharesOutstanding": 66.712,
        "dilutedEPS": 9.5335,
        "ebit": 1005,
        "gainLossOnDispositionOfAssets": 5,
        "grossIncome": 1518,
        "interestExpense": 173,
        "interestIncomeExpense": -173,
        "netIncome": 636,
        "netIncomeAfterTaxes": 636,
        "nonRecurringItems": -1,
        "period": "2024-06-30",
        "pretaxIncome": 835,
        "provisionforIncomeTaxes": 199,
        "revenue": 3773,
        "sgaExpense": 404,
        "totalOperatingExpense": 513,
        "totalOtherIncomeExpenseNet": -1
      },
      {
        "costOfGoodsSold": 2139,
        "depreciationAmortization": 104,
        "dilutedAverageSharesOutstanding": 67.417,
        "dilutedEPS": 8.0395,
        "ebit": 853,
        "gainLossOnDispositionOfAssets": 3,
        "grossIncome": 1346,
        "interestExpense": 160,
        "interestIncomeExpense": -160,
        "netIncome": 542,
        "netIncomeAfterTaxes": 542,
        "nonRecurringItems": -1,
        "period": "2024-03-31",
        "pretaxIncome": 695,
        "provisionforIncomeTaxes": 153,
        "revenue": 3485,
        "sgaExpense": 389,
        "totalOperatingExpense": 493,
        "totalOtherIncomeExpenseNet": 0
      },
      {
        "costOfGoodsSold": 2166,
        "depreciationAmortization": 102,
        "dilutedAverageSharesOutstanding": 68.014,
        "dilutedEPS": 9.9832,
        "ebit": 1067,
        "grossIncome": 1562,
        "interestExpense": 161,
        "interestIncomeExpense": -161,
        "netIncome": 679,
        "netIncomeAfterTaxes": 679,
        "nonRecurringItems": -4,
        "period": "2023-12-31",
        "pretaxIncome": 902,
        "provisionforIncomeTaxes": 223,
        "revenue": 3728,
        "sgaExpense": 393,
        "totalOperatingExpense": 495,
        "totalOtherIncomeExpenseNet": 0
      },
      {
        "costOfGoodsSold": 2180,
        "depreciationAmortization": 107,
        "dilutedAverageSharesOutstanding": 68.263,
        "dilutedEPS": 10.2984,
        "ebit": 1104,
        "grossIncome": 1585,
        "interestExpense": 163,
        "interestIncomeExpense": -163,
        "netIncome": 703,
        "netIncomeAfterTaxes": 703,
        "nonRecurringItems": -5,
        "period": "2023-09-30",
        "pretaxIncome": 943,
        "provisionforIncomeTaxes": 240,
        "revenue": 3765,
        "sgaExpense": 374,
        "totalOperatingExpense": 481,
        "totalOtherIncomeExpenseNet": 7
      },
      {
        "costOfGoodsSold": 2129,
        "depreciationAmortization": 104,
        "dilutedAverageSharesOutstanding": 68.841,
        "dilutedEPS": 8.585,
        "ebit": 943,
        "grossIncome": 1425,
        "interestExpense": 161,
        "interestIncomeExpense": -161,
        "netIncome": 591,
        "netIncomeAfterTaxes": 591,
        "nonRecurringItems": -18,
        "period": "2023-06-30",
        "pretaxIncome": 772,
        "provisionforIncomeTaxes": 181,
        "revenue": 3554,
        "sgaExpense": 378,
        "totalOperatingExpense": 482,
        "totalOtherIncomeExpenseNet": 8
      },
      {
        "costOfGoodsSold": 2044,
        "depreciationAmortization": 118,
        "dilutedAverageSharesOutstanding": 69.745,
        "dilutedEPS": 6.4664,
        "ebit": 741,
        "grossIncome": 1241,
        "interestExpense": 150,
        "interestIncomeExpense": -150,
        "netIncome": 451,
        "netIncomeAfterTaxes": 451,
        "nonRecurringItems": -1,
        "period": "2023-03-31",
        "pretaxIncome": 594,
        "provisionforIncomeTaxes": 143,
        "revenue": 3285,
        "sgaExpense": 382,
        "totalOperatingExpense": 500,
        "totalOtherIncomeExpenseNet": 4
      },
      {
        "costOfGoodsSold": 1808,
        "depreciationAmortization": 86,
        "dilutedAverageSharesOutstanding": 69.881,
        "dilutedEPS": 9.1441,
        "ebit": 1024,
        "grossIncome": 1488,
        "interestExpense": 132,
        "interestIncomeExpense": -132,
        "netIncome": 639,
        "netIncomeAfterTaxes": 639,
        "nonRecurringItems": 0,
        "period": "2022-12-31",
        "pretaxIncome": 895,
        "provisionforIncomeTaxes": 256,
        "revenue": 3296,
        "sgaExpense": 378,
        "totalOperatingExpense": 464,
        "totalOtherIncomeExpenseNet": 3
      },
      {
        "costOfGoodsSold": 1685,
        "depreciationAmortization": 90,
        "dilutedAverageSharesOutstanding": 70.053,
        "dilutedEPS": 8.6506,
        "ebit": 920,
        "grossIncome": 1366,
        "interestExpense": 106,
        "interestIncomeExpense": -106,
        "netIncome": 606,
        "netIncomeAfterTaxes": 606,
        "nonRecurringItems": 1,
        "period": "2022-09-30",
        "pretaxIncome": 816,
        "provisionforIncomeTaxes": 210,
        "revenue": 3051,
        "sgaExpense": 356,
        "totalOperatingExpense": 446,
        "totalOtherIncomeExpenseNet": 1
      },
      {
        "costOfGoodsSold": 1621,
        "depreciationAmortization": 91,
        "dilutedAverageSharesOutstanding": 71.354,
        "dilutedEPS": 6.9092,
        "ebit": 716,
        "grossIncome": 1150,
        "interestExpense": 113,
        "interestIncomeExpense": -113,
        "netIncome": 493,
        "netIncomeAfterTaxes": 493,
        "nonRecurringItems": -1,
        "period": "2022-06-30",
        "pretaxIncome": 608,
        "provisionforIncomeTaxes": 115,
        "revenue": 2771,
        "sgaExpense": 343,
        "totalOperatingExpense": 434,
        "totalOtherIncomeExpenseNet": 6
      },
      {
        "costOfGoodsSold": 1532,
        "depreciationAmortization": 97,
        "dilutedAverageSharesOutstanding": 72.684,
        "dilutedEPS": 5.0493,
        "ebit": 572,
        "grossIncome": 992,
        "interestExpense": 94,
        "interestIncomeExpense": -94,
        "netIncome": 367,
        "netIncomeAfterTaxes": 367,
        "nonRecurringItems": 0,
        "period": "2022-03-31",
        "pretaxIncome": 483,
        "provisionforIncomeTaxes": 116,
        "revenue": 2524,
        "sgaExpense": 323,
        "totalOperatingExpense": 420,
        "totalOtherIncomeExpenseNet": 5
      },
      {
        "costOfGoodsSold": 1615,
        "depreciationAmortization": 93,
        "dilutedAverageSharesOutstanding": 73.234,
        "dilutedEPS": 6.568,
        "ebit": 746,
        "grossIncome": 1161,
        "interestExpense": 93,
        "interestIncomeExpense": -93,
        "netIncome": 481,
        "netIncomeAfterTaxes": 481,
        "nonRecurringItems": -1,
        "period": "2021-12-31",
        "pretaxIncome": 644,
        "provisionforIncomeTaxes": 163,
        "revenue": 2776,
        "sgaExpense": 322,
        "totalOperatingExpense": 415,
        "totalOtherIncomeExpenseNet": -8
      },
      {
        "costOfGoodsSold": 1493,
        "depreciationAmortization": 98,
        "dilutedAverageSharesOutstanding": 72.71,
        "dilutedEPS": 5.6251,
        "ebit": 679,
        "grossIncome": 1103,
        "interestExpense": 132,
        "interestIncomeExpense": -132,
        "netIncome": 409,
        "netIncomeAfterTaxes": 409,
        "nonRecurringItems": 0,
        "period": "2021-09-30",
        "pretaxIncome": 550,
        "provisionforIncomeTaxes": 141,
        "revenue": 2596,
        "sgaExpense": 326,
        "totalOperatingExpense": 424,
        "totalOtherIncomeExpenseNet": 3
      },
      {
        "costOfGoodsSold": 1412,
        "depreciationAmortization": 90,
        "dilutedAverageSharesOutstanding": 72.717,
        "dilutedEPS": 4.0293,
        "ebit": 484,
        "grossIncome": 875,
        "interestExpense": 100,
        "interestIncomeExpense": -100,
        "netIncome": 293,
        "netIncomeAfterTaxes": 293,
        "nonRecurringItems": -3,
        "period": "2021-06-30",
        "pretaxIncome": 377,
        "provisionforIncomeTaxes": 84,
        "revenue": 2287,
        "sgaExpense": 301,
        "totalOperatingExpense": 391,
        "totalOtherIncomeExpenseNet": -4
      },
      {
        "costOfGoodsSold": 1343,
        "depreciationAmortization": 91,
        "dilutedAverageSharesOutstanding": 72.7,
        "dilutedEPS": 2.79,
        "ebit": 372,
        "grossIncome": 714,
        "interestExpense": 99,
        "interestIncomeExpense": -99,
        "netIncome": 203,
        "netIncomeAfterTaxes": 203,
        "period": "2021-03-31",
        "pretaxIncome": 275,
        "provisionforIncomeTaxes": 72,
        "revenue": 2057,
        "sgaExpense": 251,
        "totalOperatingExpense": 342,
        "totalOtherIncomeExpenseNet": 2
      },
      {
        "costOfGoodsSold": 1410,
        "depreciationAmortization": 95,
        "dilutedAverageSharesOutstanding": 72.7,
        "dilutedEPS": 4.08,
        "ebit": 510,
        "grossIncome": 869,
        "interestExpense": 129,
        "interestIncomeExpense": -125,
        "netIncome": 297,
        "netIncomeAfterTaxes": 297,
        "nonRecurringItems": 0,
        "period": "2020-12-31",
        "pretaxIncome": 387,
        "provisionforIncomeTaxes": 90,
        "revenue": 2279,
        "sgaExpense": 264,
        "totalOperatingExpense": 359,
        "totalOtherIncomeExpenseNet": 2
      },
      {
        "costOfGoodsSold": 1301,
        "depreciationAmortization": 97,
        "dilutedAverageSharesOutstanding": 72.4,
        "dilutedEPS": 2.87,
        "ebit": 556,
        "grossIncome": 886,
        "interestExpense": 278,
        "interestIncomeExpense": -278,
        "netIncome": 208,
        "netIncomeAfterTaxes": 208,
        "nonRecurringItems": -5,
        "period": "2020-09-30",
        "pretaxIncome": 275,
        "provisionforIncomeTaxes": 67,
        "revenue": 2187,
        "sgaExpense": 233,
        "totalOperatingExpense": 330,
        "totalOtherIncomeExpenseNet": 2
      },
      {
        "costOfGoodsSold": 1238,
        "depreciationAmortization": 95,
        "dilutedAverageSharesOutstanding": 72.3,
        "dilutedEPS": 2.93,
        "ebit": 383,
        "grossIncome": 701,
        "interestExpense": 130,
        "interestIncomeExpense": -130,
        "netIncome": 212,
        "netIncomeAfterTaxes": 212,
        "nonRecurringItems": -2,
        "period": "2020-06-30",
        "pretaxIncome": 251,
        "provisionforIncomeTaxes": 39,
        "revenue": 1939,
        "sgaExpense": 223,
        "totalOperatingExpense": 318,
        "totalOtherIncomeExpenseNet": 0
      },
      {
        "costOfGoodsSold": 1398,
        "depreciationAmortization": 100,
        "dilutedAverageSharesOutstanding": 74.3,
        "dilutedEPS": 2.33,
        "ebit": 359,
        "grossIncome": 727,
        "interestExpense": 136,
        "interestIncomeExpense": -136,
        "netIncome": 173,
        "netIncomeAfterTaxes": 173,
        "nonRecurringItems": -1,
        "period": "2020-03-31",
        "pretaxIncome": 226,
        "provisionforIncomeTaxes": 53,
        "revenue": 2125,
        "sgaExpense": 268,
        "totalOperatingExpense": 368,
        "totalOtherIncomeExpenseNet": 4
      },
      {
        "costOfGoodsSold": 1491,
        "depreciationAmortization": 96,
        "dilutedAverageSharesOutstanding": 75.5,
        "dilutedEPS": 4.48,
        "ebit": 599,
        "grossIncome": 965,
        "interestExpense": 170,
        "interestIncomeExpense": -170,
        "netIncome": 338,
        "netIncomeAfterTaxes": 338,
        "nonRecurringItems": 0,
        "period": "2019-12-31",
        "pretaxIncome": 433,
        "provisionforIncomeTaxes": 95,
        "revenue": 2456,
        "sgaExpense": 270,
        "totalOperatingExpense": 366,
        "totalOtherIncomeExpenseNet": 4
      },
      {
        "costOfGoodsSold": 1455,
        "depreciationAmortization": 102,
        "dilutedAverageSharesOutstanding": 76.9,
        "dilutedEPS": 5.09,
        "ebit": 657,
        "grossIncome": 1033,
        "interestExpense": 147,
        "interestIncomeExpense": -147,
        "netIncome": 391,
        "netIncomeAfterTaxes": 391,
        "nonRecurringItems": -1,
        "period": "2019-09-30",
        "pretaxIncome": 510,
        "provisionforIncomeTaxes": 119,
        "revenue": 2488,
        "sgaExpense": 274,
        "totalOperatingExpense": 376,
        "totalOtherIncomeExpenseNet": 1
      },
      {
        "costOfGoodsSold": 1379,
        "depreciationAmortization": 105,
        "dilutedAverageSharesOutstanding": 78.5,
        "dilutedEPS": 3.44,
        "ebit": 528,
        "grossIncome": 911,
        "interestExpense": 180,
        "interestIncomeExpense": -180,
        "netIncome": 270,
        "netIncomeAfterTaxes": 270,
        "nonRecurringItems": 1,
        "period": "2019-06-30",
        "pretaxIncome": 351,
        "provisionforIncomeTaxes": 81,
        "revenue": 2290,
        "sgaExpense": 278,
        "totalOperatingExpense": 383,
        "totalOtherIncomeExpenseNet": 2
      },
      {
        "costOfGoodsSold": 1356,
        "depreciationAmortization": 104,
        "dilutedAverageSharesOutstanding": 80,
        "dilutedEPS": 2.19,
        "ebit": 371,
        "grossIncome": 761,
        "interestExpense": 151,
        "interestIncomeExpense": -151,
        "netIncome": 175,
        "netIncomeAfterTaxes": 175,
        "nonRecurringItems": -3,
        "period": "2019-03-31",
        "pretaxIncome": 220,
        "provisionforIncomeTaxes": 45,
        "revenue": 2117,
        "sgaExpense": 286,
        "totalOperatingExpense": 390,
        "totalOtherIncomeExpenseNet": 3
      },
      {
        "costOfGoodsSold": 1308,
        "depreciationAmortization": 95,
        "dilutedAverageSharesOutstanding": 81.5,
        "dilutedEPS": 3.8,
        "ebit": 601,
        "grossIncome": 998,
        "interestExpense": 142,
        "interestIncomeExpense": -142,
        "netIncome": 310,
        "netIncomeAfterTaxes": 316,
        "nonRecurringItems": -38,
        "period": "2018-12-31",
        "pretaxIncome": 425,
        "provisionforIncomeTaxes": 109,
        "revenue": 2306,
        "sgaExpense": 302,
        "totalOperatingExpense": 397,
        "totalOtherIncomeExpenseNet": 4
      },
      {
        "costOfGoodsSold": 1178,
        "depreciationAmortization": 75,
        "dilutedAverageSharesOutstanding": 83.2,
        "dilutedEPS": 4,
        "ebit": 598,
        "grossIncome": 938,
        "interestExpense": 118,
        "interestIncomeExpense": -118,
        "netIncome": 333,
        "netIncomeAfterTaxes": 333,
        "nonRecurringItems": -20,
        "period": "2018-09-30",
        "pretaxIncome": 460,
        "provisionforIncomeTaxes": 127,
        "revenue": 2116,
        "sgaExpense": 265,
        "totalOperatingExpense": 340,
        "totalOtherIncomeExpenseNet": 0
      },
      {
        "costOfGoodsSold": 1109,
        "depreciationAmortization": 67,
        "dilutedAverageSharesOutstanding": 84.2,
        "dilutedEPS": 3.21,
        "ebit": 476,
        "grossIncome": 782,
        "interestExpense": 112,
        "interestIncomeExpense": -112,
        "netIncome": 270,
        "netIncomeAfterTaxes": 270,
        "nonRecurringItems": -6,
        "period": "2018-06-30",
        "pretaxIncome": 359,
        "provisionforIncomeTaxes": 89,
        "revenue": 1891,
        "sgaExpense": 239,
        "totalOperatingExpense": 306,
        "totalOtherIncomeExpenseNet": 1
      },
      {
        "costOfGoodsSold": 1088,
        "depreciationAmortization": 71,
        "dilutedAverageSharesOutstanding": 85.2,
        "dilutedEPS": 2.15,
        "ebit": 343,
        "grossIncome": 646,
        "interestExpense": 109,
        "interestIncomeExpense": -109,
        "netIncome": 183,
        "netIncomeAfterTaxes": 183,
        "nonRecurringItems": -3,
        "period": "2018-03-31",
        "pretaxIncome": 232,
        "provisionforIncomeTaxes": 49,
        "revenue": 1734,
        "sgaExpense": 232,
        "totalOperatingExpense": 303,
        "totalOtherIncomeExpenseNet": 1
      },
      {
        "costOfGoodsSold": 1095,
        "depreciationAmortization": 70,
        "dilutedAverageSharesOutstanding": 85.8,
        "dilutedEPS": 10.45,
        "ebit": 502,
        "grossIncome": 827,
        "interestExpense": 126,
        "interestIncomeExpense": -126,
        "netIncome": 897,
        "netIncomeAfterTaxes": 208,
        "nonRecurringItems": -40,
        "period": "2017-12-31",
        "pretaxIncome": 336,
        "provisionforIncomeTaxes": 128,
        "revenue": 1922,
        "sgaExpense": 255,
        "totalOperatingExpense": 325,
        "totalOtherIncomeExpenseNet": 0
      },
      {
        "costOfGoodsSold": 993,
        "depreciationAmortization": 63,
        "dilutedAverageSharesOutstanding": 85.6,
        "dilutedEPS": 2.32,
        "ebit": 473,
        "grossIncome": 773,
        "interestExpense": 131,
        "interestIncomeExpense": -131,
        "netIncome": 199,
        "netIncomeAfterTaxes": 199,
        "nonRecurringItems": -25,
        "period": "2017-09-30",
        "pretaxIncome": 322,
        "provisionforIncomeTaxes": 123,
        "revenue": 1766,
        "sgaExpense": 237,
        "totalOperatingExpense": 300,
        "totalOtherIncomeExpenseNet": 5
      },
      {
        "costOfGoodsSold": 942,
        "depreciationAmortization": 64,
        "dilutedAverageSharesOutstanding": 85.4,
        "dilutedEPS": 1.65,
        "ebit": 373,
        "grossIncome": 655,
        "interestExpense": 113,
        "interestIncomeExpense": -113,
        "netIncome": 141,
        "netIncomeAfterTaxes": 141,
        "nonRecurringItems": -33,
        "period": "2017-06-30",
        "pretaxIncome": 229,
        "provisionforIncomeTaxes": 88,
        "revenue": 1597,
        "sgaExpense": 218,
        "totalOperatingExpense": 282,
        "totalOtherIncomeExpenseNet": 2
      },
      {
        "costOfGoodsSold": 842,
        "depreciationAmortization": 62,
        "dilutedAverageSharesOutstanding": 85.4,
        "dilutedEPS": 1.28,
        "ebit": 259,
        "grossIncome": 514,
        "interestExpense": 94,
        "interestIncomeExpense": -94,
        "netIncome": 109,
        "netIncomeAfterTaxes": 109,
        "nonRecurringItems": -2,
        "period": "2017-03-31",
        "pretaxIncome": 161,
        "provisionforIncomeTaxes": 52,
        "revenue": 1356,
        "sgaExpense": 193,
        "totalOperatingExpense": 255,
        "totalOtherIncomeExpenseNet": -2
      },
      {
        "costOfGoodsSold": 866,
        "depreciationAmortization": 63,
        "dilutedAverageSharesOutstanding": 85.2,
        "dilutedEPS": 1.8,
        "ebit": 408,
        "grossIncome": 657,
        "interestExpense": 162,
        "interestIncomeExpense": -162,
        "netIncome": 153,
        "netIncomeAfterTaxes": 153,
        "nonRecurringItems": -6,
        "period": "2016-12-31",
        "pretaxIncome": 242,
        "provisionforIncomeTaxes": 89,
        "revenue": 1523,
        "sgaExpense": 186,
        "totalOperatingExpense": 249,
        "totalOtherIncomeExpenseNet": 2
      },
      {
        "costOfGoodsSold": 852,
        "depreciationAmortization": 61,
        "dilutedAverageSharesOutstanding": 86.4,
        "dilutedEPS": 2.16,
        "ebit": 416,
        "grossIncome": 656,
        "interestExpense": 110,
        "interestIncomeExpense": -110,
        "netIncome": 187,
        "netIncomeAfterTaxes": 187,
        "nonRecurringItems": -4,
        "period": "2016-09-30",
        "pretaxIncome": 303,
        "provisionforIncomeTaxes": 116,
        "revenue": 1508,
        "sgaExpense": 179,
        "totalOperatingExpense": 240,
        "totalOtherIncomeExpenseNet": 1
      },
      {
        "costOfGoodsSold": 831,
        "depreciationAmortization": 64,
        "dilutedAverageSharesOutstanding": 88.5,
        "dilutedEPS": 1.51,
        "ebit": 349,
        "grossIncome": 590,
        "interestExpense": 132,
        "interestIncomeExpense": -132,
        "netIncome": 134,
        "netIncomeAfterTaxes": 134,
        "nonRecurringItems": -2,
        "period": "2016-06-30",
        "pretaxIncome": 217,
        "provisionforIncomeTaxes": 83,
        "revenue": 1421,
        "sgaExpense": 177,
        "totalOperatingExpense": 241,
        "totalOtherIncomeExpenseNet": 2
      },
      {
        "costOfGoodsSold": 810,
        "depreciationAmortization": 67,
        "dilutedAverageSharesOutstanding": 90.9,
        "dilutedEPS": 1.01,
        "ebit": 256,
        "grossIncome": 500,
        "interestExpense": 107,
        "interestIncomeExpense": -107,
        "netIncome": 92,
        "netIncomeAfterTaxes": 92,
        "nonRecurringItems": -2,
        "period": "2016-03-31",
        "pretaxIncome": 147,
        "provisionforIncomeTaxes": 55,
        "revenue": 1310,
        "sgaExpense": 177,
        "totalOperatingExpense": 244,
        "totalOtherIncomeExpenseNet": 0
      },
      {
        "costOfGoodsSold": 875,
        "depreciationAmortization": 66,
        "dilutedAverageSharesOutstanding": 93.7,
        "dilutedEPS": 1.8,
        "ebit": 402,
        "grossIncome": 648,
        "interestExpense": 107,
        "interestIncomeExpense": -107,
        "netIncome": 169,
        "netIncomeAfterTaxes": 169,
        "nonRecurringItems": -5,
        "period": "2015-12-31",
        "pretaxIncome": 292,
        "provisionforIncomeTaxes": 123,
        "revenue": 1523,
        "sgaExpense": 180,
        "totalOperatingExpense": 246,
        "totalOtherIncomeExpenseNet": 2
      },
      {
        "costOfGoodsSold": 860,
        "depreciationAmortization": 66,
        "dilutedAverageSharesOutstanding": 95.2,
        "dilutedEPS": 2.26,
        "ebit": 446,
        "grossIncome": 690,
        "interestExpense": 107,
        "interestIncomeExpense": -107,
        "netIncome": 215,
        "netIncomeAfterTaxes": 215,
        "nonRecurringItems": 0,
        "period": "2015-09-30",
        "pretaxIncome": 340,
        "provisionforIncomeTaxes": 125,
        "revenue": 1550,
        "sgaExpense": 178,
        "totalOperatingExpense": 244,
        "totalOtherIncomeExpenseNet": 1
      }
    ],
    "symbol": "URI"
  }
}