{
  "symbol": "MHK",
  "statement": "ic",
  "frequency": "annual",
  "timestamp": "2025-09-19T14:04:08.900584",
  "data": {
    "financials": [
      {
        "costOfGoodsSold": 8069.5,
        "dilutedAverageSharesOutstanding": 63.6,
        "dilutedEPS": 8.1399,
        "ebit": 806.9,
        "grossIncome": 2767.4,
        "interestExpense": 48.5,
        "interestIncomeExpense": -59.7,
        "minorityInterest": -0.1,
        "netIncome": 517.7,
        "netIncomeAfterTaxes": 517.8,
        "nonRecurringItems": -112.2,
        "period": "2024-12-31",
        "pretaxIncome": 646,
        "provisionforIncomeTaxes": 128.2,
        "revenue": 10836.9,
        "sgaExpense": 1960.5,
        "totalOperatingExpense": 1960.5,
        "totalOtherIncomeExpenseNet": 11,
        "year": 2024
      },
      {
        "costOfGoodsSold": 8316.567,
        "dilutedAverageSharesOutstanding": 63.657,
        "dilutedEPS": -6.9,
        "ebit": 813.846,
        "grossIncome": 2818.548,
        "interestExpense": 77.514,
        "interestIncomeExpense": -93.185,
        "minorityInterest": -0.145,
        "netIncome": -439.516,
        "netIncomeAfterTaxes": -429.371,
        "nonRecurringItems": -1101.654,
        "period": "2023-12-31",
        "pretaxIncome": -354.509,
        "provisionforIncomeTaxes": 74.862,
        "revenue": 11135.115,
        "sgaExpense": 2004.702,
        "totalOperatingExpense": 2004.702,
        "totalOtherIncomeExpenseNet": 26.484,
        "year": 2023
      },
      {
        "costOfGoodsSold": 8726,
        "dilutedAverageSharesOutstanding": 64,
        "dilutedEPS": 0.39,
        "ebit": 1076,
        "grossIncome": 3011,
        "interestExpense": 51.938,
        "interestIncomeExpense": -67,
        "minorityInterest": -1,
        "netIncome": 25,
        "netIncomeAfterTaxes": 26,
        "nonRecurringItems": -832,
        "period": "2022-12-31",
        "pretaxIncome": 184,
        "provisionforIncomeTaxes": 158,
        "revenue": 11737,
        "sgaExpense": 1935,
        "totalOperatingExpense": 1935,
        "totalOtherIncomeExpenseNet": 7,
        "year": 2022
      },
      {
        "costOfGoodsSold": 7913,
        "dilutedAverageSharesOutstanding": 69,
        "dilutedEPS": 14.97,
        "ebit": 1359,
        "grossIncome": 3287,
        "interestExpense": 57.252,
        "interestIncomeExpense": -64,
        "minorityInterest": 0,
        "netIncome": 1033,
        "netIncomeAfterTaxes": 1034,
        "nonRecurringItems": -24,
        "period": "2021-12-31",
        "pretaxIncome": 1290,
        "provisionforIncomeTaxes": 256,
        "revenue": 11201,
        "sgaExpense": 1928,
        "totalOperatingExpense": 1929,
        "totalOtherIncomeExpenseNet": 19,
        "year": 2021
      },
      {
        "costOfGoodsSold": 7019,
        "dilutedAverageSharesOutstanding": 71,
        "dilutedEPS": 7.26,
        "ebit": 764,
        "grossIncome": 2533,
        "interestExpense": 52.379,
        "interestIncomeExpense": -57,
        "minorityInterest": 0,
        "netIncome": 516,
        "netIncomeAfterTaxes": 516,
        "nonRecurringItems": -132,
        "period": "2020-12-31",
        "pretaxIncome": 584,
        "provisionforIncomeTaxes": 69,
        "revenue": 9552,
        "sgaExpense": 1768,
        "totalOperatingExpense": 1769,
        "totalOtherIncomeExpenseNet": 9,
        "year": 2020
      },
      {
        "costOfGoodsSold": 7206,
        "dilutedAverageSharesOutstanding": 72,
        "dilutedEPS": 10.33,
        "ebit": 928,
        "grossIncome": 2764,
        "interestExpense": 41.272,
        "interestIncomeExpense": -34,
        "minorityInterest": 0,
        "netIncome": 744,
        "netIncomeAfterTaxes": 745,
        "nonRecurringItems": -161,
        "period": "2019-12-31",
        "pretaxIncome": 750,
        "provisionforIncomeTaxes": 5,
        "revenue": 9971,
        "sgaExpense": 1836,
        "totalOperatingExpense": 1836,
        "totalOtherIncomeExpenseNet": 16,
        "year": 2019
      },
      {
        "costOfGoodsSold": 7099,
        "dilutedAverageSharesOutstanding": 75,
        "dilutedEPS": 11.44,
        "ebit": 1174,
        "grossIncome": 2885,
        "interestExpense": 38.827,
        "interestIncomeExpense": -48,
        "minorityInterest": -3,
        "netIncome": 858,
        "netIncomeAfterTaxes": 893,
        "nonRecurringItems": -79,
        "period": "2018-12-31",
        "pretaxIncome": 1049,
        "provisionforIncomeTaxes": 156,
        "revenue": 9984,
        "sgaExpense": 1711,
        "totalOperatingExpense": 1710,
        "totalOtherIncomeExpenseNet": 2,
        "year": 2018
      },
      {
        "costOfGoodsSold": 6459,
        "dilutedAverageSharesOutstanding": 75,
        "dilutedEPS": 12.96,
        "ebit": 1403,
        "grossIncome": 3032,
        "interestExpense": 31.111,
        "interestIncomeExpense": -40,
        "minorityInterest": -3,
        "netIncome": 972,
        "netIncomeAfterTaxes": 1020,
        "nonRecurringItems": -49,
        "period": "2017-12-31",
        "pretaxIncome": 1318,
        "provisionforIncomeTaxes": 298,
        "revenue": 9491,
        "sgaExpense": 1629,
        "totalOperatingExpense": 1629,
        "totalOtherIncomeExpenseNet": 3,
        "year": 2017
      },
      {
        "costOfGoodsSold": 6108,
        "dilutedAverageSharesOutstanding": 75,
        "dilutedEPS": 12.4,
        "ebit": 1331,
        "grossIncome": 2851,
        "interestExpense": 40.547,
        "interestIncomeExpense": -42,
        "minorityInterest": -3,
        "netIncome": 930,
        "netIncomeAfterTaxes": 934,
        "nonRecurringItems": -51,
        "period": "2016-12-31",
        "pretaxIncome": 1241,
        "provisionforIncomeTaxes": 308,
        "revenue": 8959,
        "sgaExpense": 1521,
        "totalOperatingExpense": 1520,
        "totalOtherIncomeExpenseNet": 3,
        "year": 2016
      },
      {
        "costOfGoodsSold": 5615,
        "dilutedAverageSharesOutstanding": 74,
        "dilutedEPS": 8.31,
        "ebit": 913,
        "grossIncome": 2456,
        "interestExpense": 71.086,
        "interestIncomeExpense": -80,
        "minorityInterest": -2,
        "netIncome": 615,
        "netIncomeAfterTaxes": 617,
        "nonRecurringItems": -75,
        "period": "2015-12-31",
        "pretaxIncome": 749,
        "provisionforIncomeTaxes": 132,
        "revenue": 8072,
        "sgaExpense": 1544,
        "totalOperatingExpense": 1544,
        "totalOtherIncomeExpenseNet": -8,
        "year": 2015
      }
    ],
    "symbol": "MHK"
  }
}