{
  "symbol": "SYY",
  "statement": "ic",
  "frequency": "quarterly",
  "timestamp": "2025-09-19T14:07:07.791711",
  "data": {
    "financials": [
      {
        "costOfGoodsSold": 17152,
        "dilutedAverageSharesOutstanding": 483.3813,
        "dilutedEPS": 1.0985,
        "ebit": 889,
        "grossIncome": 3986,
        "interestExpense": 166,
        "interestIncomeExpense": -166,
        "netIncome": 531,
        "netIncomeAfterTaxes": 531,
        "otherOperatingExpensesTotal": 3097,
        "period": "2025-06-28",
        "pretaxIncome": 717,
        "provisionforIncomeTaxes": 186,
        "revenue": 21138,
        "totalOperatingExpense": 3097,
        "totalOtherIncomeExpenseNet": -6
      },
      {
        "costOfGoodsSold": 16017,
        "dilutedAverageSharesOutstanding": 489.3315,
        "dilutedEPS": 0.8195,
        "ebit": 681,
        "grossIncome": 3581,
        "interestExpense": 149,
        "interestIncomeExpense": -149,
        "netIncome": 401,
        "netIncomeAfterTaxes": 401,
        "otherOperatingExpensesTotal": 2900,
        "period": "2025-03-29",
        "pretaxIncome": 523,
        "provisionforIncomeTaxes": 122,
        "revenue": 19598,
        "totalOperatingExpense": 2900,
        "totalOtherIncomeExpenseNet": -9
      },
      {
        "costOfGoodsSold": 16501,
        "dilutedAverageSharesOutstanding": 492.8039,
        "dilutedEPS": 0.8239,
        "ebit": 712,
        "grossIncome": 3650,
        "interestExpense": 160,
        "interestIncomeExpense": -160,
        "netIncome": 406,
        "netIncomeAfterTaxes": 406,
        "otherOperatingExpensesTotal": 2938,
        "period": "2024-12-28",
        "pretaxIncome": 533,
        "provisionforIncomeTaxes": 127,
        "revenue": 20151,
        "totalOperatingExpense": 2938,
        "totalOtherIncomeExpenseNet": -19
      },
      {
        "costOfGoodsSold": 16731,
        "dilutedAverageSharesOutstanding": 493.786,
        "dilutedEPS": 0.9923,
        "ebit": 808,
        "grossIncome": 3753,
        "interestExpense": 160,
        "interestIncomeExpense": -160,
        "netIncome": 490,
        "netIncomeAfterTaxes": 490,
        "otherOperatingExpensesTotal": 2945,
        "period": "2024-09-28",
        "pretaxIncome": 642,
        "provisionforIncomeTaxes": 152,
        "revenue": 20484,
        "totalOperatingExpense": 2945,
        "totalOtherIncomeExpenseNet": -6
      },
      {
        "costOfGoodsSold": 16718.565,
        "dilutedAverageSharesOutstanding": 497.4641,
        "dilutedEPS": 1.2296,
        "ebit": 976.329,
        "grossIncome": 3837.539,
        "interestExpense": 165.133,
        "interestIncomeExpense": -165.133,
        "netIncome": 611.678,
        "netIncomeAfterTaxes": 611.678,
        "otherOperatingExpensesTotal": 2861.21,
        "period": "2024-06-29",
        "pretaxIncome": 803.461,
        "provisionforIncomeTaxes": 191.783,
        "revenue": 20556.104,
        "totalOperatingExpense": 2861.21,
        "totalOtherIncomeExpenseNet": -7.735
      },
      {
        "costOfGoodsSold": 15770.444,
        "dilutedAverageSharesOutstanding": 501.9215,
        "dilutedEPS": 0.8461,
        "ebit": 722.046,
        "grossIncome": 3609.056,
        "interestExpense": 157.853,
        "interestIncomeExpense": -157.853,
        "netIncome": 424.688,
        "netIncomeAfterTaxes": 424.688,
        "otherOperatingExpensesTotal": 2887.01,
        "period": "2024-03-30",
        "pretaxIncome": 553.813,
        "provisionforIncomeTaxes": 129.125,
        "revenue": 19379.5,
        "totalOperatingExpense": 2887.01,
        "totalOtherIncomeExpenseNet": -10.38
      },
      {
        "costOfGoodsSold": 15774.309,
        "dilutedAverageSharesOutstanding": 505.9293,
        "dilutedEPS": 0.8208,
        "ebit": 700.043,
        "grossIncome": 3513.633,
        "interestExpense": 149.68,
        "interestIncomeExpense": -149.68,
        "netIncome": 415.242,
        "netIncomeAfterTaxes": 415.242,
        "otherOperatingExpensesTotal": 2813.59,
        "period": "2023-12-30",
        "pretaxIncome": 545.118,
        "provisionforIncomeTaxes": 129.876,
        "revenue": 19287.942,
        "totalOperatingExpense": 2813.59,
        "totalOtherIncomeExpenseNet": -5.245
      },
      {
        "costOfGoodsSold": 15972.682,
        "dilutedAverageSharesOutstanding": 507.0694,
        "dilutedEPS": 0.9928,
        "ebit": 803.582,
        "grossIncome": 3647.772,
        "interestExpense": 134.334,
        "interestIncomeExpense": -134.334,
        "netIncome": 503.392,
        "netIncomeAfterTaxes": 503.392,
        "otherOperatingExpensesTotal": 2844.19,
        "period": "2023-09-30",
        "pretaxIncome": 662.608,
        "provisionforIncomeTaxes": 159.216,
        "revenue": 19620.454,
        "totalOperatingExpense": 2844.19,
        "totalOtherIncomeExpenseNet": -6.64
      },
      {
        "costOfGoodsSold": 16043.05,
        "dilutedAverageSharesOutstanding": 508.5077,
        "dilutedEPS": 1.4429,
        "ebit": 969.397,
        "grossIncome": 3685.166,
        "interestExpense": 135.629,
        "interestIncomeExpense": -135.629,
        "netIncome": 733.736,
        "netIncomeAfterTaxes": 733.736,
        "nonRecurringItems": 122,
        "otherOperatingExpensesTotal": 2715.769,
        "period": "2023-07-01",
        "pretaxIncome": 957.94,
        "provisionforIncomeTaxes": 224.204,
        "revenue": 19728.216,
        "totalOperatingExpense": 2715.769,
        "totalOtherIncomeExpenseNet": 2.172
      },
      {
        "costOfGoodsSold": 15444.316,
        "dilutedAverageSharesOutstanding": 509.8424,
        "dilutedEPS": 0.8426,
        "ebit": 694.177,
        "grossIncome": 3431.36,
        "interestExpense": 134.931,
        "interestIncomeExpense": -134.931,
        "netIncome": 429.604,
        "netIncomeAfterTaxes": 429.604,
        "nonRecurringItems": 0,
        "otherOperatingExpensesTotal": 2737.183,
        "period": "2023-04-01",
        "pretaxIncome": 554.037,
        "provisionforIncomeTaxes": 124.433,
        "revenue": 18875.676,
        "totalOperatingExpense": 2737.183,
        "totalOtherIncomeExpenseNet": -5.209
      },
      {
        "costOfGoodsSold": 15244.337,
        "dilutedAverageSharesOutstanding": 510.1458,
        "dilutedEPS": 0.2768,
        "ebit": 640.642,
        "grossIncome": 3349.616,
        "interestExpense": 132.042,
        "interestIncomeExpense": -132.042,
        "netIncome": 141.216,
        "netIncomeAfterTaxes": 141.216,
        "nonRecurringItems": -315.4,
        "otherOperatingExpensesTotal": 2708.974,
        "period": "2022-12-31",
        "pretaxIncome": 178.476,
        "provisionforIncomeTaxes": 37.26,
        "revenue": 18593.953,
        "totalOperatingExpense": 2708.974,
        "totalOtherIncomeExpenseNet": -14.724
      },
      {
        "costOfGoodsSold": 15637.975,
        "dilutedAverageSharesOutstanding": 510.3832,
        "dilutedEPS": 0.9122,
        "ebit": 734.333,
        "grossIncome": 3488.855,
        "interestExpense": 124.15,
        "interestIncomeExpense": -124.15,
        "netIncome": 465.568,
        "netIncomeAfterTaxes": 465.568,
        "otherOperatingExpensesTotal": 2754.522,
        "period": "2022-10-01",
        "pretaxIncome": 594.902,
        "provisionforIncomeTaxes": 129.334,
        "revenue": 19126.83,
        "totalOperatingExpense": 2754.522,
        "totalOtherIncomeExpenseNet": -15.281
      },
      {
        "costOfGoodsSold": 15512.986,
        "dilutedAverageSharesOutstanding": 513.427,
        "dilutedEPS": 0.9933,
        "ebit": 766.715,
        "grossIncome": 3444.272,
        "interestExpense": 128.512,
        "interestIncomeExpense": -128.512,
        "netIncome": 509.989,
        "netIncomeAfterTaxes": 509.989,
        "otherOperatingExpensesTotal": 2677.557,
        "period": "2022-07-02",
        "pretaxIncome": 641.879,
        "provisionforIncomeTaxes": 131.89,
        "revenue": 18957.258,
        "totalOperatingExpense": 2677.557,
        "totalOtherIncomeExpenseNet": 3.676
      },
      {
        "costOfGoodsSold": 13888.745,
        "dilutedAverageSharesOutstanding": 512.2385,
        "dilutedEPS": 0.5922,
        "ebit": 495.729,
        "grossIncome": 3013.394,
        "interestExpense": 124.018,
        "interestIncomeExpense": -124.018,
        "netIncome": 303.325,
        "netIncomeAfterTaxes": 303.325,
        "otherOperatingExpensesTotal": 2517.665,
        "period": "2022-04-02",
        "pretaxIncome": 385.488,
        "provisionforIncomeTaxes": 82.163,
        "revenue": 16902.139,
        "totalOperatingExpense": 2517.665,
        "totalOtherIncomeExpenseNet": 13.777
      },
      {
        "costOfGoodsSold": 13429.053,
        "dilutedAverageSharesOutstanding": 514.5749,
        "dilutedEPS": 0.3254,
        "ebit": 444.909,
        "grossIncome": 2891.15,
        "interestExpense": 242.899,
        "interestIncomeExpense": -242.899,
        "netIncome": 167.441,
        "netIncomeAfterTaxes": 167.441,
        "otherOperatingExpensesTotal": 2446.241,
        "period": "2022-01-01",
        "pretaxIncome": 212.686,
        "provisionforIncomeTaxes": 45.245,
        "revenue": 16320.203,
        "totalOperatingExpense": 2446.241,
        "totalOtherIncomeExpenseNet": 10.676
      },
      {
        "costOfGoodsSold": 13484.838,
        "dilutedAverageSharesOutstanding": 515.7829,
        "dilutedEPS": 0.7329,
        "ebit": 631.682,
        "grossIncome": 2971.708,
        "interestExpense": 128.214,
        "interestIncomeExpense": -128.214,
        "netIncome": 378.013,
        "netIncomeAfterTaxes": 378.013,
        "otherOperatingExpensesTotal": 2340.026,
        "period": "2021-10-02",
        "pretaxIncome": 506.72,
        "provisionforIncomeTaxes": 128.707,
        "revenue": 16456.546,
        "totalOperatingExpense": 2340.026,
        "totalOtherIncomeExpenseNet": 3.252
      },
      {
        "costOfGoodsSold": 13221.115,
        "dilutedAverageSharesOutstanding": 516.1537,
        "dilutedEPS": 0.2927,
        "ebit": 569.684,
        "grossIncome": 2915.778,
        "interestExpense": 441.149,
        "interestIncomeExpense": -441.149,
        "netIncome": 151.093,
        "netIncomeAfterTaxes": 151.093,
        "otherOperatingExpensesTotal": 2346.094,
        "period": "2021-07-03",
        "pretaxIncome": 142.018,
        "provisionforIncomeTaxes": -9.075,
        "revenue": 16136.893,
        "totalOperatingExpense": 2346.094,
        "totalOtherIncomeExpenseNet": 13.483
      },
      {
        "costOfGoodsSold": 9702,
        "dilutedAverageSharesOutstanding": 515,
        "dilutedEPS": 0.17,
        "ebit": 236,
        "grossIncome": 2123,
        "interestExpense": 145.773,
        "interestIncomeExpense": -146,
        "netIncome": 89,
        "netIncomeAfterTaxes": 89,
        "otherOperatingExpensesTotal": 1887,
        "period": "2021-03-27",
        "pretaxIncome": 103,
        "provisionforIncomeTaxes": 14,
        "revenue": 11825,
        "totalOperatingExpense": 1887,
        "totalOtherIncomeExpenseNet": 13
      },
      {
        "costOfGoodsSold": 9461,
        "dilutedAverageSharesOutstanding": 513,
        "dilutedEPS": 0.13,
        "ebit": 212,
        "grossIncome": 2098,
        "interestExpense": 146.498,
        "interestIncomeExpense": -146,
        "netIncome": 67,
        "netIncomeAfterTaxes": 67,
        "otherOperatingExpensesTotal": 1886,
        "period": "2020-12-26",
        "pretaxIncome": 81,
        "provisionforIncomeTaxes": 14,
        "revenue": 11559,
        "totalOperatingExpense": 1886,
        "totalOtherIncomeExpenseNet": 16
      },
      {
        "costOfGoodsSold": 9558,
        "dilutedAverageSharesOutstanding": 511,
        "dilutedEPS": 0.42,
        "ebit": 420,
        "grossIncome": 2220,
        "interestExpense": 140.176,
        "interestIncomeExpense": -147,
        "netIncome": 217,
        "netIncomeAfterTaxes": 217,
        "otherOperatingExpensesTotal": 1800,
        "period": "2020-09-26",
        "pretaxIncome": 259,
        "provisionforIncomeTaxes": 42,
        "revenue": 11777,
        "totalOperatingExpense": 1800,
        "totalOtherIncomeExpenseNet": -14
      },
      {
        "costOfGoodsSold": 7301,
        "depreciationAmortization": 11,
        "dilutedAverageSharesOutstanding": 508,
        "dilutedEPS": -1.22,
        "ebit": -328,
        "grossIncome": 1566,
        "interestExpense": 164.269,
        "interestIncomeExpense": -164,
        "netIncome": -618,
        "netIncomeAfterTaxes": -618,
        "nonRecurringItems": -259,
        "otherOperatingExpensesTotal": 1851,
        "period": "2020-06-27",
        "pretaxIncome": -736,
        "provisionforIncomeTaxes": -118,
        "revenue": 8867,
        "sgaExpense": 32,
        "totalOperatingExpense": 1894,
        "totalOtherIncomeExpenseNet": 16
      },
      {
        "costOfGoodsSold": 11134,
        "depreciationAmortization": 9,
        "dilutedAverageSharesOutstanding": 509,
        "dilutedEPS": -0.01,
        "ebit": 60,
        "grossIncome": 2564,
        "interestExpense": 69.835,
        "interestIncomeExpense": -84,
        "netIncome": -3,
        "netIncomeAfterTaxes": -3,
        "otherOperatingExpensesTotal": 2458,
        "period": "2020-03-28",
        "pretaxIncome": -29,
        "provisionforIncomeTaxes": -25,
        "revenue": 13699,
        "sgaExpense": 37,
        "totalOperatingExpense": 2504,
        "totalOtherIncomeExpenseNet": -5
      },
      {
        "costOfGoodsSold": 12197,
        "depreciationAmortization": 10,
        "dilutedAverageSharesOutstanding": 516,
        "dilutedEPS": 0.74,
        "ebit": 552,
        "grossIncome": 2828,
        "interestExpense": 62.164,
        "interestIncomeExpense": -77,
        "netIncome": 383,
        "netIncomeAfterTaxes": 383,
        "otherOperatingExpensesTotal": 2224,
        "period": "2019-12-28",
        "pretaxIncome": 477,
        "provisionforIncomeTaxes": 93,
        "revenue": 15025,
        "sgaExpense": 41,
        "totalOperatingExpense": 2276,
        "totalOtherIncomeExpenseNet": 1
      },
      {
        "costOfGoodsSold": 12360,
        "depreciationAmortization": 9,
        "dilutedAverageSharesOutstanding": 519,
        "dilutedEPS": 0.87,
        "ebit": 668,
        "grossIncome": 2943,
        "interestExpense": 67.456,
        "interestIncomeExpense": -83,
        "netIncome": 454,
        "netIncomeAfterTaxes": 454,
        "otherOperatingExpensesTotal": 2233,
        "period": "2019-09-28",
        "pretaxIncome": 582,
        "provisionforIncomeTaxes": 128,
        "revenue": 15303,
        "sgaExpense": 34,
        "totalOperatingExpense": 2275,
        "totalOtherIncomeExpenseNet": -3
      },
      {
        "costOfGoodsSold": 12496,
        "dilutedAverageSharesOutstanding": 520,
        "dilutedEPS": 1.04,
        "ebit": 721,
        "grossIncome": 2979,
        "interestExpense": 72.366,
        "interestIncomeExpense": -90,
        "netIncome": 536,
        "netIncomeAfterTaxes": 538,
        "otherOperatingExpensesTotal": 2259,
        "period": "2019-06-29",
        "pretaxIncome": 682,
        "provisionforIncomeTaxes": 144,
        "revenue": 15475,
        "totalOperatingExpense": 2258,
        "totalOtherIncomeExpenseNet": 52
      },
      {
        "costOfGoodsSold": 11904,
        "dilutedAverageSharesOutstanding": 520,
        "dilutedEPS": 0.85,
        "ebit": 530,
        "grossIncome": 2754,
        "interestExpense": 71.722,
        "interestIncomeExpense": -95,
        "netIncome": 440,
        "netIncomeAfterTaxes": 440,
        "otherOperatingExpensesTotal": 2225,
        "period": "2019-03-30",
        "pretaxIncome": 431,
        "provisionforIncomeTaxes": -9,
        "revenue": 14658,
        "totalOperatingExpense": 2224,
        "totalOtherIncomeExpenseNet": -4
      },
      {
        "costOfGoodsSold": 11994,
        "dilutedAverageSharesOutstanding": 525,
        "dilutedEPS": 0.5,
        "ebit": 452,
        "grossIncome": 2772,
        "interestExpense": 69.656,
        "interestIncomeExpense": -87,
        "netIncome": 267,
        "netIncomeAfterTaxes": 279,
        "otherOperatingExpensesTotal": 2320,
        "period": "2018-12-29",
        "pretaxIncome": 355,
        "provisionforIncomeTaxes": 75,
        "revenue": 14766,
        "totalOperatingExpense": 2320,
        "totalOtherIncomeExpenseNet": -10
      },
      {
        "costOfGoodsSold": 12311,
        "dilutedAverageSharesOutstanding": 529,
        "dilutedEPS": 0.81,
        "ebit": 628,
        "grossIncome": 2904,
        "interestExpense": 69.569,
        "interestIncomeExpense": -89,
        "netIncome": 431,
        "netIncomeAfterTaxes": 431,
        "otherOperatingExpensesTotal": 2276,
        "period": "2018-09-29",
        "pretaxIncome": 538,
        "provisionforIncomeTaxes": 107,
        "revenue": 15215,
        "totalOperatingExpense": 2276,
        "totalOtherIncomeExpenseNet": -1
      },
      {
        "costOfGoodsSold": 12399,
        "dilutedAverageSharesOutstanding": 528,
        "dilutedEPS": 0.85,
        "ebit": 688,
        "grossIncome": 2917,
        "interestExpense": 71.564,
        "interestIncomeExpense": -92,
        "netIncome": 449,
        "netIncomeAfterTaxes": 450,
        "otherOperatingExpensesTotal": 2229,
        "period": "2018-06-30",
        "pretaxIncome": 593,
        "provisionforIncomeTaxes": 143,
        "revenue": 15316,
        "totalOperatingExpense": 2229,
        "totalOtherIncomeExpenseNet": -2
      },
      {
        "costOfGoodsSold": 11674,
        "dilutedAverageSharesOutstanding": 528,
        "dilutedEPS": 0.63,
        "ebit": 486,
        "grossIncome": 2676,
        "interestExpense": 122.514,
        "interestIncomeExpense": -143,
        "netIncome": 330,
        "netIncomeAfterTaxes": 330,
        "otherOperatingExpensesTotal": 2190,
        "period": "2018-03-31",
        "pretaxIncome": 365,
        "provisionforIncomeTaxes": 35,
        "revenue": 14350,
        "totalOperatingExpense": 2190,
        "totalOtherIncomeExpenseNet": 22
      },
      {
        "costOfGoodsSold": 11712,
        "dilutedAverageSharesOutstanding": 527,
        "dilutedEPS": 0.53,
        "ebit": 532,
        "grossIncome": 2699,
        "interestExpense": 68.908,
        "interestIncomeExpense": -89,
        "netIncome": 284,
        "netIncomeAfterTaxes": 215,
        "otherOperatingExpensesTotal": 2167,
        "period": "2017-12-30",
        "pretaxIncome": 452,
        "provisionforIncomeTaxes": 237,
        "revenue": 14411,
        "totalOperatingExpense": 2167,
        "totalOtherIncomeExpenseNet": 8
      },
      {
        "costOfGoodsSold": 11857,
        "dilutedAverageSharesOutstanding": 533,
        "dilutedEPS": 0.69,
        "ebit": 619,
        "grossIncome": 2794,
        "interestExpense": 64.607,
        "interestIncomeExpense": -81,
        "netIncome": 368,
        "netIncomeAfterTaxes": 368,
        "otherOperatingExpensesTotal": 2174,
        "period": "2017-09-30",
        "pretaxIncome": 546,
        "provisionforIncomeTaxes": 179,
        "revenue": 14650,
        "totalOperatingExpense": 2174,
        "totalOtherIncomeExpenseNet": 8
      },
      {
        "costOfGoodsSold": 11661,
        "dilutedAverageSharesOutstanding": 539,
        "dilutedEPS": 0.57,
        "ebit": 558,
        "grossIncome": 2760,
        "interestExpense": 74.508,
        "interestIncomeExpense": -76,
        "netIncome": 305,
        "netIncomeAfterTaxes": 305,
        "otherOperatingExpensesTotal": 2202,
        "period": "2017-07-01",
        "pretaxIncome": 484,
        "provisionforIncomeTaxes": 178,
        "revenue": 14421,
        "totalOperatingExpense": 2202,
        "totalOtherIncomeExpenseNet": 2
      },
      {
        "costOfGoodsSold": 10990,
        "dilutedAverageSharesOutstanding": 544,
        "dilutedEPS": 0.44,
        "ebit": 436,
        "grossIncome": 2534,
        "interestExpense": 79.343,
        "interestIncomeExpense": -81,
        "netIncome": 238,
        "netIncomeAfterTaxes": 238,
        "otherOperatingExpensesTotal": 2098,
        "period": "2017-04-01",
        "pretaxIncome": 360,
        "provisionforIncomeTaxes": 121,
        "revenue": 13524,
        "totalOperatingExpense": 2098,
        "totalOtherIncomeExpenseNet": 5
      },
      {
        "costOfGoodsSold": 10885,
        "dilutedAverageSharesOutstanding": 550,
        "dilutedEPS": 0.5,
        "ebit": 492,
        "grossIncome": 2572,
        "interestExpense": 69.782,
        "interestIncomeExpense": -72,
        "netIncome": 275,
        "netIncomeAfterTaxes": 275,
        "otherOperatingExpensesTotal": 2079,
        "period": "2016-12-31",
        "pretaxIncome": 423,
        "provisionforIncomeTaxes": 147,
        "revenue": 13457,
        "totalOperatingExpense": 2080,
        "totalOtherIncomeExpenseNet": 2
      },
      {
        "costOfGoodsSold": 11277,
        "dilutedAverageSharesOutstanding": 561,
        "dilutedEPS": 0.58,
        "ebit": 567,
        "grossIncome": 2692,
        "interestExpense": 70.223,
        "interestIncomeExpense": -74,
        "netIncome": 324,
        "netIncomeAfterTaxes": 324,
        "otherOperatingExpensesTotal": 2125,
        "period": "2016-10-01",
        "pretaxIncome": 500,
        "provisionforIncomeTaxes": 177,
        "revenue": 13969,
        "totalOperatingExpense": 2125,
        "totalOtherIncomeExpenseNet": 7
      },
      {
        "costOfGoodsSold": 11145,
        "dilutedAverageSharesOutstanding": 567,
        "dilutedEPS": 0.38,
        "ebit": 547,
        "grossIncome": 2503,
        "interestExpense": 62.272,
        "interestIncomeExpense": -74,
        "netIncome": 216,
        "netIncomeAfterTaxes": 216,
        "otherOperatingExpensesTotal": 1956,
        "period": "2016-07-02",
        "pretaxIncome": 331,
        "provisionforIncomeTaxes": 116,
        "revenue": 13648,
        "totalOperatingExpense": 1956,
        "totalOtherIncomeExpenseNet": -141
      },
      {
        "costOfGoodsSold": 9860,
        "dilutedAverageSharesOutstanding": 571,
        "dilutedEPS": 0.38,
        "ebit": 378,
        "grossIncome": 2143,
        "interestExpense": 57.699,
        "interestIncomeExpense": -58,
        "netIncome": 217,
        "netIncomeAfterTaxes": 217,
        "otherOperatingExpensesTotal": 1765,
        "period": "2016-03-26",
        "pretaxIncome": 327,
        "provisionforIncomeTaxes": 110,
        "revenue": 12003,
        "totalOperatingExpense": 1765,
        "totalOtherIncomeExpenseNet": 7
      },
      {
        "costOfGoodsSold": 9997,
        "dilutedAverageSharesOutstanding": 571,
        "dilutedEPS": 0.48,
        "ebit": 433,
        "grossIncome": 2157,
        "interestExpense": 47.235,
        "interestIncomeExpense": -47,
        "netIncome": 272,
        "netIncomeAfterTaxes": 272,
        "otherOperatingExpensesTotal": 1724,
        "period": "2015-12-26",
        "pretaxIncome": 393,
        "provisionforIncomeTaxes": 121,
        "revenue": 12154,
        "totalOperatingExpense": 1724,
        "totalOtherIncomeExpenseNet": 8
      },
      {
        "costOfGoodsSold": 10325,
        "dilutedAverageSharesOutstanding": 601,
        "dilutedEPS": 0.41,
        "ebit": 493,
        "grossIncome": 2238,
        "interestExpense": 124.91,
        "interestIncomeExpense": -127,
        "netIncome": 244,
        "netIncomeAfterTaxes": 244,
        "otherOperatingExpensesTotal": 1745,
        "period": "2015-09-26",
        "pretaxIncome": 382,
        "provisionforIncomeTaxes": 137,
        "revenue": 12563,
        "totalOperatingExpense": 1744,
        "totalOtherIncomeExpenseNet": 15
      }
    ],
    "symbol": "SYY"
  }
}