{
  "symbol": "FOX",
  "statement": "ic",
  "frequency": "annual",
  "timestamp": "2025-09-19T14:00:43.380066",
  "data": {
    "financials": [
      {
        "costOfGoodsSold": 10518,
        "depreciationAmortization": 385,
        "dilutedAverageSharesOutstanding": 461,
        "dilutedEPS": 4.9089,
        "ebit": 3229,
        "gainLossOnDispositionOfAssets": 0,
        "grossIncome": 5782,
        "interestExpense": 403,
        "interestIncomeExpense": 193,
        "minorityInterest": -30,
        "netIncome": 2263,
        "netIncomeAfterTaxes": 2293,
        "nonRecurringItems": -350,
        "period": "2025-06-30",
        "pretaxIncome": 3061,
        "provisionforIncomeTaxes": 768,
        "revenue": 16300,
        "sgaExpense": 2168,
        "totalOperatingExpense": 2553,
        "totalOtherIncomeExpenseNet": -11,
        "year": 2025
      },
      {
        "costOfGoodsSold": 9089,
        "depreciationAmortization": 389,
        "dilutedAverageSharesOutstanding": 480,
        "dilutedEPS": 3.1271,
        "ebit": 2478,
        "gainLossOnDispositionOfAssets": 166,
        "grossIncome": 4891,
        "interestExpense": 405,
        "interestIncomeExpense": -449,
        "minorityInterest": -53,
        "netIncome": 1501,
        "netIncomeAfterTaxes": 1554,
        "nonRecurringItems": -67,
        "period": "2024-06-30",
        "pretaxIncome": 2104,
        "provisionforIncomeTaxes": 550,
        "revenue": 13980,
        "sgaExpense": 2024,
        "totalOperatingExpense": 2413,
        "totalOtherIncomeExpenseNet": -24,
        "year": 2024
      },
      {
        "costOfGoodsSold": 9689,
        "depreciationAmortization": 411,
        "dilutedAverageSharesOutstanding": 531,
        "dilutedEPS": 2.33,
        "ebit": 2764,
        "grossIncome": 5224,
        "interestExpense": 349,
        "interestIncomeExpense": 185,
        "minorityInterest": -14,
        "netIncome": 1239,
        "netIncomeAfterTaxes": 1253,
        "nonRecurringItems": -1177,
        "period": "2023-06-30",
        "pretaxIncome": 1736,
        "provisionforIncomeTaxes": 483,
        "revenue": 14913,
        "sgaExpense": 2049,
        "totalOperatingExpense": 2460,
        "totalOtherIncomeExpenseNet": -36,
        "year": 2023
      },
      {
        "costOfGoodsSold": 9117,
        "depreciationAmortization": 363,
        "dilutedAverageSharesOutstanding": 570,
        "dilutedEPS": 2.11,
        "ebit": 2574,
        "grossIncome": 4857,
        "interestExpense": 377,
        "interestIncomeExpense": -757,
        "minorityInterest": -28,
        "netIncome": 1205,
        "netIncomeAfterTaxes": 1233,
        "nonRecurringItems": -150,
        "period": "2022-06-30",
        "pretaxIncome": 1694,
        "provisionforIncomeTaxes": 461,
        "revenue": 13974,
        "sgaExpense": 1920,
        "totalOperatingExpense": 2283,
        "totalOtherIncomeExpenseNet": 27,
        "year": 2022
      },
      {
        "costOfGoodsSold": 8037,
        "depreciationAmortization": 300,
        "dilutedAverageSharesOutstanding": 595,
        "dilutedEPS": 3.61,
        "ebit": 2765,
        "grossIncome": 4872,
        "interestExpense": 395,
        "interestIncomeExpense": -133,
        "minorityInterest": -51,
        "netIncome": 2150,
        "netIncomeAfterTaxes": 2201,
        "nonRecurringItems": 322,
        "period": "2021-06-30",
        "pretaxIncome": 2918,
        "provisionforIncomeTaxes": 717,
        "revenue": 12909,
        "sgaExpense": 1807,
        "totalOperatingExpense": 2107,
        "totalOtherIncomeExpenseNet": -36,
        "year": 2021
      },
      {
        "costOfGoodsSold": 7807,
        "depreciationAmortization": 258,
        "dilutedAverageSharesOutstanding": 616,
        "dilutedEPS": 1.62,
        "ebit": 2497,
        "grossIncome": 4496,
        "interestExpense": 369,
        "interestIncomeExpense": -320,
        "minorityInterest": -63,
        "netIncome": 999,
        "netIncomeAfterTaxes": 1062,
        "nonRecurringItems": -666,
        "period": "2020-06-30",
        "pretaxIncome": 1464,
        "provisionforIncomeTaxes": 402,
        "revenue": 12303,
        "sgaExpense": 1741,
        "totalOperatingExpense": 1999,
        "totalOtherIncomeExpenseNet": -47,
        "year": 2020
      },
      {
        "costOfGoodsSold": 7327,
        "depreciationAmortization": 212,
        "dilutedAverageSharesOutstanding": 621,
        "dilutedEPS": 2.57,
        "ebit": 2431,
        "grossIncome": 4062,
        "interestExpense": 203,
        "interestIncomeExpense": 106,
        "minorityInterest": -48,
        "netIncome": 1595,
        "netIncomeAfterTaxes": 1643,
        "nonRecurringItems": -271,
        "period": "2019-06-30",
        "pretaxIncome": 2224,
        "provisionforIncomeTaxes": 581,
        "revenue": 11389,
        "sgaExpense": 1419,
        "totalOperatingExpense": 1631,
        "totalOtherIncomeExpenseNet": -42,
        "year": 2019
      },
      {
        "costOfGoodsSold": 6505,
        "depreciationAmortization": 171,
        "dilutedAverageSharesOutstanding": 621,
        "dilutedEPS": 3.52,
        "ebit": 2268,
        "grossIncome": 3648,
        "minorityInterest": -41,
        "netIncome": 2187,
        "netIncomeAfterTaxes": 1621,
        "nonRecurringItems": -31,
        "period": "2018-06-30",
        "pretaxIncome": 2170,
        "provisionforIncomeTaxes": 549,
        "revenue": 10153,
        "sgaExpense": 1209,
        "totalOperatingExpense": 1380,
        "totalOtherIncomeExpenseNet": -67,
        "year": 2018
      },
      {
        "costOfGoodsSold": 6100,
        "depreciationAmortization": 169,
        "dilutedAverageSharesOutstanding": 621,
        "dilutedEPS": 2.21,
        "ebit": 2560,
        "grossIncome": 3821,
        "minorityInterest": -37,
        "netIncome": 1372,
        "netIncomeAfterTaxes": 1409,
        "nonRecurringItems": -294,
        "period": "2017-06-30",
        "pretaxIncome": 2241,
        "provisionforIncomeTaxes": 832,
        "revenue": 9921,
        "sgaExpense": 1092,
        "totalOperatingExpense": 1261,
        "totalOtherIncomeExpenseNet": -25,
        "year": 2017
      },
      {
        "costOfGoodsSold": 5559,
        "depreciationAmortization": 170,
        "dilutedAverageSharesOutstanding": 621,
        "dilutedEPS": 1.73,
        "ebit": 2016,
        "grossIncome": 3335,
        "minorityInterest": -35,
        "netIncome": 1072,
        "netIncomeAfterTaxes": 1107,
        "nonRecurringItems": -161,
        "period": "2016-06-30",
        "pretaxIncome": 1843,
        "provisionforIncomeTaxes": 736,
        "revenue": 8894,
        "sgaExpense": 1149,
        "totalOperatingExpense": 1319,
        "totalOtherIncomeExpenseNet": -12,
        "year": 2016
      }
    ],
    "symbol": "FOXA"
  }
}