{
  "symbol": "WBD",
  "statement": "ic",
  "frequency": "annual",
  "timestamp": "2025-09-19T14:08:38.021518",
  "data": {
    "financials": [
      {
        "costOfGoodsSold": 22412,
        "depreciationAmortization": 7037,
        "dilutedAverageSharesOutstanding": 2450,
        "dilutedEPS": -4.6167,
        "ebit": 576,
        "grossIncome": 16909,
        "interestExpense": 2017,
        "interestIncomeExpense": -2078,
        "minorityInterest": 171,
        "netIncome": -11311,
        "netIncomeAfterTaxes": -11482,
        "nonRecurringItems": -9976,
        "period": "2024-12-31",
        "pretaxIncome": -11388,
        "provisionforIncomeTaxes": 94,
        "revenue": 39321,
        "sgaExpense": 9296,
        "totalOperatingExpense": 16333,
        "totalOtherIncomeExpenseNet": 90,
        "year": 2024
      },
      {
        "costOfGoodsSold": 24200,
        "depreciationAmortization": 7985,
        "dilutedAverageSharesOutstanding": 2436,
        "dilutedEPS": -1.2833,
        "ebit": -560,
        "grossIncome": 17121,
        "interestExpense": 2221,
        "interestIncomeExpense": -2305,
        "minorityInterest": -47,
        "netIncome": -3126,
        "netIncomeAfterTaxes": -3079,
        "nonRecurringItems": -971,
        "period": "2023-12-31",
        "pretaxIncome": -3863,
        "provisionforIncomeTaxes": -784,
        "revenue": 41321,
        "sgaExpense": 9696,
        "totalOperatingExpense": 17681,
        "totalOtherIncomeExpenseNet": -27,
        "year": 2023
      },
      {
        "costOfGoodsSold": 20391,
        "depreciationAmortization": 7193,
        "dilutedAverageSharesOutstanding": 1940,
        "dilutedEPS": -3.82,
        "ebit": -3445,
        "grossIncome": 13426,
        "interestExpense": 1777,
        "interestIncomeExpense": -1664,
        "minorityInterest": -74,
        "netIncome": -7420,
        "netIncomeAfterTaxes": -7297,
        "nonRecurringItems": -3925,
        "period": "2022-12-31",
        "pretaxIncome": -8960,
        "provisionforIncomeTaxes": -1663,
        "revenue": 33817,
        "sgaExpense": 9678,
        "totalOperatingExpense": 16871,
        "totalOtherIncomeExpenseNet": 74,
        "year": 2022
      },
      {
        "costOfGoodsSold": 4615,
        "depreciationAmortization": 1582,
        "dilutedAverageSharesOutstanding": 664,
        "dilutedEPS": 1.17,
        "ebit": 1978,
        "grossIncome": 7576,
        "interestExpense": 633,
        "interestIncomeExpense": -577,
        "minorityInterest": -191,
        "netIncome": 780,
        "netIncomeAfterTaxes": 1197,
        "nonRecurringItems": 24,
        "period": "2021-12-31",
        "pretaxIncome": 1433,
        "provisionforIncomeTaxes": 236,
        "revenue": 12191,
        "sgaExpense": 4016,
        "totalOperatingExpense": 5598,
        "totalOtherIncomeExpenseNet": 8,
        "year": 2021
      },
      {
        "costOfGoodsSold": 3812,
        "depreciationAmortization": 1359,
        "dilutedAverageSharesOutstanding": 672,
        "dilutedEPS": 1.36,
        "ebit": 2778,
        "grossIncome": 6859,
        "interestExpense": 691,
        "interestIncomeExpense": -690,
        "minorityInterest": -136,
        "netIncome": 919,
        "netIncomeAfterTaxes": 1355,
        "nonRecurringItems": -358,
        "period": "2020-12-31",
        "pretaxIncome": 1728,
        "provisionforIncomeTaxes": 373,
        "revenue": 10671,
        "sgaExpense": 2722,
        "totalOperatingExpense": 4081,
        "totalOtherIncomeExpenseNet": -2,
        "year": 2020
      },
      {
        "costOfGoodsSold": 3752,
        "depreciationAmortization": 1347,
        "dilutedAverageSharesOutstanding": 711,
        "dilutedEPS": 2.15,
        "ebit": 3257,
        "grossIncome": 7392,
        "interestExpense": 721,
        "interestIncomeExpense": -691,
        "minorityInterest": -144,
        "netIncome": 1531,
        "netIncomeAfterTaxes": 2213,
        "nonRecurringItems": -276,
        "period": "2019-12-31",
        "pretaxIncome": 2294,
        "provisionforIncomeTaxes": 81,
        "revenue": 11144,
        "sgaExpense": 2788,
        "totalOperatingExpense": 4135,
        "totalOtherIncomeExpenseNet": 4,
        "year": 2019
      },
      {
        "costOfGoodsSold": 3505,
        "depreciationAmortization": 1398,
        "dilutedAverageSharesOutstanding": 688,
        "dilutedEPS": 0.62,
        "ebit": 3030,
        "grossIncome": 7048,
        "interestExpense": 729,
        "interestIncomeExpense": -908,
        "minorityInterest": -87,
        "netIncome": 429,
        "netIncomeAfterTaxes": 681,
        "nonRecurringItems": -1096,
        "period": "2018-12-31",
        "pretaxIncome": 1022,
        "provisionforIncomeTaxes": 341,
        "revenue": 10553,
        "sgaExpense": 2620,
        "totalOperatingExpense": 4018,
        "totalOtherIncomeExpenseNet": -4,
        "year": 2018
      },
      {
        "costOfGoodsSold": 2624,
        "depreciationAmortization": 330,
        "dilutedAverageSharesOutstanding": 384,
        "dilutedEPS": -0.58,
        "ebit": 2151,
        "grossIncome": 4249,
        "interestExpense": 475,
        "interestIncomeExpense": -797,
        "minorityInterest": -24,
        "netIncome": -225,
        "netIncomeAfterTaxes": -357,
        "nonRecurringItems": -1492,
        "period": "2017-12-31",
        "pretaxIncome": -137,
        "provisionforIncomeTaxes": 220,
        "revenue": 6873,
        "sgaExpense": 1768,
        "totalOperatingExpense": 2098,
        "totalOtherIncomeExpenseNet": 1,
        "year": 2017
      },
      {
        "costOfGoodsSold": 2432,
        "depreciationAmortization": 322,
        "dilutedAverageSharesOutstanding": 610,
        "dilutedEPS": 1.29,
        "ebit": 2053,
        "grossIncome": 4065,
        "interestExpense": 353,
        "interestIncomeExpense": -328,
        "minorityInterest": -24,
        "netIncome": 789,
        "netIncomeAfterTaxes": 1218,
        "nonRecurringItems": -57,
        "period": "2016-12-31",
        "pretaxIncome": 1671,
        "provisionforIncomeTaxes": 453,
        "revenue": 6497,
        "sgaExpense": 1690,
        "totalOperatingExpense": 2012,
        "totalOtherIncomeExpenseNet": 3,
        "year": 2016
      },
      {
        "costOfGoodsSold": 2343,
        "depreciationAmortization": 330,
        "dilutedAverageSharesOutstanding": 656,
        "dilutedEPS": 1.05,
        "ebit": 2052,
        "grossIncome": 4051,
        "interestExpense": 330,
        "interestIncomeExpense": -425,
        "minorityInterest": -14,
        "netIncome": 686,
        "netIncomeAfterTaxes": 1048,
        "nonRecurringItems": -67,
        "period": "2015-12-31",
        "pretaxIncome": 1559,
        "provisionforIncomeTaxes": 511,
        "revenue": 6394,
        "sgaExpense": 1669,
        "totalOperatingExpense": 1999,
        "totalOtherIncomeExpenseNet": -1,
        "year": 2015
      }
    ],
    "symbol": "WBD"
  }
}