{
  "symbol": "URI",
  "statement": "ic",
  "frequency": "annual",
  "timestamp": "2025-09-19T14:08:01.603195",
  "data": {
    "financials": [
      {
        "costOfGoodsSold": 9195,
        "depreciationAmortization": 437,
        "dilutedAverageSharesOutstanding": 66.567,
        "dilutedEPS": 38.6828,
        "ebit": 4065,
        "gainLossOnDispositionOfAssets": 17,
        "grossIncome": 6150,
        "interestExpense": 691,
        "interestIncomeExpense": -691,
        "netIncome": 2575,
        "netIncomeAfterTaxes": 2575,
        "period": "2024-12-31",
        "pretaxIncome": 3388,
        "provisionforIncomeTaxes": 813,
        "revenue": 15345,
        "sgaExpense": 1648,
        "totalOperatingExpense": 2085,
        "totalOtherIncomeExpenseNet": -3,
        "year": 2024
      },
      {
        "costOfGoodsSold": 8519,
        "depreciationAmortization": 431,
        "dilutedAverageSharesOutstanding": 68.71,
        "dilutedEPS": 35.2787,
        "ebit": 3828,
        "grossIncome": 5813,
        "interestExpense": 635,
        "interestIncomeExpense": -635,
        "netIncome": 2424,
        "netIncomeAfterTaxes": 2424,
        "nonRecurringItems": -1,
        "period": "2023-12-31",
        "pretaxIncome": 3211,
        "provisionforIncomeTaxes": 787,
        "revenue": 14332,
        "sgaExpense": 1554,
        "totalOperatingExpense": 1985,
        "totalOtherIncomeExpenseNet": 19,
        "year": 2023
      },
      {
        "costOfGoodsSold": 6646,
        "depreciationAmortization": 364,
        "dilutedAverageSharesOutstanding": 70.973,
        "dilutedEPS": 29.6592,
        "ebit": 3232,
        "gainLossOnDispositionOfAssets": 9,
        "grossIncome": 4996,
        "interestExpense": 445,
        "interestIncomeExpense": -445,
        "netIncome": 2105,
        "netIncomeAfterTaxes": 2105,
        "nonRecurringItems": 0,
        "period": "2022-12-31",
        "pretaxIncome": 2802,
        "provisionforIncomeTaxes": 697,
        "revenue": 11642,
        "sgaExpense": 1400,
        "totalOperatingExpense": 1764,
        "totalOtherIncomeExpenseNet": 6,
        "year": 2022
      },
      {
        "costOfGoodsSold": 5863,
        "depreciationAmortization": 372,
        "dilutedAverageSharesOutstanding": 72.817,
        "dilutedEPS": 19.034,
        "ebit": 2281,
        "grossIncome": 3853,
        "interestExpense": 424,
        "interestIncomeExpense": -424,
        "netIncome": 1386,
        "netIncomeAfterTaxes": 1386,
        "nonRecurringItems": -4,
        "period": "2021-12-31",
        "pretaxIncome": 1846,
        "provisionforIncomeTaxes": 460,
        "revenue": 9716,
        "sgaExpense": 1200,
        "totalOperatingExpense": 1572,
        "totalOtherIncomeExpenseNet": -7,
        "year": 2021
      },
      {
        "costOfGoodsSold": 5347,
        "depreciationAmortization": 387,
        "dilutedAverageSharesOutstanding": 72.9,
        "dilutedEPS": 12.2,
        "ebit": 1808,
        "grossIncome": 3183,
        "interestExpense": 669,
        "interestIncomeExpense": -669,
        "netIncome": 890,
        "netIncomeAfterTaxes": 890,
        "nonRecurringItems": -8,
        "period": "2020-12-31",
        "pretaxIncome": 1139,
        "provisionforIncomeTaxes": 249,
        "revenue": 8530,
        "sgaExpense": 988,
        "totalOperatingExpense": 1375,
        "totalOtherIncomeExpenseNet": 8,
        "year": 2020
      },
      {
        "costOfGoodsSold": 5681,
        "depreciationAmortization": 407,
        "dilutedAverageSharesOutstanding": 77.7,
        "dilutedEPS": 15.11,
        "ebit": 2155,
        "grossIncome": 3670,
        "interestExpense": 648,
        "interestIncomeExpense": -648,
        "netIncome": 1174,
        "netIncomeAfterTaxes": 1174,
        "nonRecurringItems": -3,
        "period": "2019-12-31",
        "pretaxIncome": 1514,
        "provisionforIncomeTaxes": 340,
        "revenue": 9351,
        "sgaExpense": 1108,
        "totalOperatingExpense": 1515,
        "totalOtherIncomeExpenseNet": 10,
        "year": 2019
      },
      {
        "costOfGoodsSold": 4683,
        "depreciationAmortization": 308,
        "dilutedAverageSharesOutstanding": 83.5,
        "dilutedEPS": 13.12,
        "ebit": 2018,
        "grossIncome": 3364,
        "interestExpense": 481,
        "interestIncomeExpense": -481,
        "netIncome": 1096,
        "netIncomeAfterTaxes": 1102,
        "nonRecurringItems": -67,
        "period": "2018-12-31",
        "pretaxIncome": 1476,
        "provisionforIncomeTaxes": 374,
        "revenue": 8047,
        "sgaExpense": 1038,
        "totalOperatingExpense": 1346,
        "totalOtherIncomeExpenseNet": 6,
        "year": 2018
      },
      {
        "costOfGoodsSold": 3872,
        "depreciationAmortization": 259,
        "dilutedAverageSharesOutstanding": 85.6,
        "dilutedEPS": 15.72,
        "ebit": 1607,
        "grossIncome": 2769,
        "interestExpense": 464,
        "interestIncomeExpense": -464,
        "netIncome": 1346,
        "netIncomeAfterTaxes": 657,
        "nonRecurringItems": -100,
        "period": "2017-12-31",
        "pretaxIncome": 1048,
        "provisionforIncomeTaxes": 391,
        "revenue": 6641,
        "sgaExpense": 903,
        "totalOperatingExpense": 1162,
        "totalOtherIncomeExpenseNet": 5,
        "year": 2017
      },
      {
        "costOfGoodsSold": 3359,
        "depreciationAmortization": 255,
        "dilutedAverageSharesOutstanding": 87.8,
        "dilutedEPS": 6.45,
        "ebit": 1429,
        "grossIncome": 2403,
        "interestExpense": 511,
        "interestIncomeExpense": -511,
        "netIncome": 566,
        "netIncomeAfterTaxes": 566,
        "nonRecurringItems": -14,
        "period": "2016-12-31",
        "pretaxIncome": 909,
        "provisionforIncomeTaxes": 343,
        "revenue": 5762,
        "sgaExpense": 719,
        "totalOperatingExpense": 974,
        "totalOtherIncomeExpenseNet": 5,
        "year": 2016
      },
      {
        "costOfGoodsSold": 3337,
        "depreciationAmortization": 268,
        "dilutedAverageSharesOutstanding": 96.4,
        "dilutedEPS": 6.07,
        "ebit": 1498,
        "grossIncome": 2480,
        "interestExpense": 567,
        "interestIncomeExpense": -567,
        "netIncome": 585,
        "netIncomeAfterTaxes": 585,
        "nonRecurringItems": 20,
        "period": "2015-12-31",
        "pretaxIncome": 963,
        "provisionforIncomeTaxes": 378,
        "revenue": 5817,
        "sgaExpense": 714,
        "totalOperatingExpense": 982,
        "totalOtherIncomeExpenseNet": 12,
        "year": 2015
      }
    ],
    "symbol": "URI"
  }
}