{
  "symbol": "DDOG",
  "statement": "ic",
  "frequency": "annual",
  "timestamp": "2025-09-19T13:58:53.209050",
  "data": {
    "financials": [
      {
        "costOfGoodsSold": 515.531,
        "depreciationAmortization": 0.825,
        "dilutedAverageSharesOutstanding": 358.636,
        "dilutedEPS": 0.51,
        "ebit": 54.284,
        "grossIncome": 2168.744,
        "interestExpense": 7.068,
        "interestIncomeExpense": 148.253,
        "netIncome": 183.746,
        "netIncomeAfterTaxes": 183.746,
        "period": "2024-12-31",
        "pretaxIncome": 203.94,
        "provisionforIncomeTaxes": 20.194,
        "researchDevelopment": 1152.703,
        "revenue": 2684.275,
        "sgaExpense": 960.932,
        "totalOperatingExpense": 2114.46,
        "totalOtherIncomeExpenseNet": 1.403,
        "year": 2024
      },
      {
        "costOfGoodsSold": 409.908,
        "depreciationAmortization": 0.825,
        "dilutedAverageSharesOutstanding": 350.292,
        "dilutedEPS": 0.1387,
        "ebit": -33.464,
        "grossIncome": 1718.451,
        "interestExpense": 6.302,
        "interestIncomeExpense": 97.157,
        "netIncome": 48.568,
        "netIncomeAfterTaxes": 48.568,
        "period": "2023-12-31",
        "pretaxIncome": 60.235,
        "provisionforIncomeTaxes": 11.667,
        "researchDevelopment": 962.447,
        "revenue": 2128.359,
        "sgaExpense": 788.643,
        "totalOperatingExpense": 1751.915,
        "totalOtherIncomeExpenseNet": -3.458,
        "year": 2023
      },
      {
        "costOfGoodsSold": 346.7,
        "depreciationAmortization": 0.8,
        "dilutedAverageSharesOutstanding": 315.4,
        "dilutedEPS": -0.16,
        "ebit": -58.7,
        "grossIncome": 1328.4,
        "interestExpense": 16.535,
        "interestIncomeExpense": 18.4,
        "netIncome": -50.2,
        "netIncomeAfterTaxes": -50.2,
        "period": "2022-12-31",
        "pretaxIncome": -38.1,
        "provisionforIncomeTaxes": 12.1,
        "researchDevelopment": 752.4,
        "revenue": 1675.1,
        "sgaExpense": 633.9,
        "totalOperatingExpense": 1387.1,
        "totalOtherIncomeExpenseNet": 2.2,
        "year": 2022
      },
      {
        "costOfGoodsSold": 234.2,
        "depreciationAmortization": 0.6,
        "dilutedAverageSharesOutstanding": 309,
        "dilutedEPS": -0.07,
        "ebit": -19.2,
        "grossIncome": 794.5,
        "interestExpense": 21.052,
        "interestIncomeExpense": 0.4,
        "netIncome": -20.7,
        "netIncomeAfterTaxes": -20.7,
        "period": "2021-12-31",
        "pretaxIncome": -18.4,
        "provisionforIncomeTaxes": 2.3,
        "researchDevelopment": 419.8,
        "revenue": 1028.8,
        "sgaExpense": 393.3,
        "totalOperatingExpense": 813.7,
        "totalOtherIncomeExpenseNet": 0.4,
        "year": 2021
      },
      {
        "costOfGoodsSold": 130.2,
        "dilutedAverageSharesOutstanding": 300.4,
        "dilutedEPS": -0.08,
        "ebit": -13.8,
        "grossIncome": 473.3,
        "interestExpense": 30.434,
        "interestIncomeExpense": -8.4,
        "netIncome": -24.5,
        "netIncomeAfterTaxes": -24.5,
        "period": "2020-12-31",
        "pretaxIncome": -22.2,
        "provisionforIncomeTaxes": 2.3,
        "researchDevelopment": 210.6,
        "revenue": 603.5,
        "sgaExpense": 276.4,
        "totalOperatingExpense": 487,
        "year": 2020
      },
      {
        "costOfGoodsSold": 88.9,
        "dilutedAverageSharesOutstanding": 296.4,
        "dilutedEPS": -0.06,
        "ebit": -20.1,
        "grossIncome": 273.8,
        "netIncome": -16.7,
        "netIncomeAfterTaxes": -16.7,
        "period": "2019-12-31",
        "pretaxIncome": -16,
        "provisionforIncomeTaxes": 0.7,
        "researchDevelopment": 111.4,
        "revenue": 362.8,
        "sgaExpense": 182.5,
        "totalOperatingExpense": 294,
        "totalOtherIncomeExpenseNet": 4.2,
        "year": 2019
      },
      {
        "costOfGoodsSold": 46.5,
        "dilutedAverageSharesOutstanding": 289.8,
        "dilutedEPS": -0.04,
        "ebit": -11,
        "grossIncome": 151.5,
        "netIncome": -10.8,
        "netIncomeAfterTaxes": -10.8,
        "period": "2018-12-31",
        "pretaxIncome": -10.2,
        "provisionforIncomeTaxes": 0.5,
        "researchDevelopment": 55.2,
        "revenue": 198.1,
        "sgaExpense": 107.4,
        "totalOperatingExpense": 162.6,
        "totalOtherIncomeExpenseNet": 0.8,
        "year": 2018
      },
      {
        "costOfGoodsSold": 23.4,
        "dilutedAverageSharesOutstanding": 289.8,
        "dilutedEPS": -0.01,
        "ebit": -3,
        "grossIncome": 77.3,
        "netIncome": -2.6,
        "netIncomeAfterTaxes": -2.6,
        "period": "2017-12-31",
        "pretaxIncome": -2.1,
        "provisionforIncomeTaxes": 0.5,
        "researchDevelopment": 24.7,
        "revenue": 100.8,
        "sgaExpense": 55.6,
        "totalOperatingExpense": 80.3,
        "totalOtherIncomeExpenseNet": 0.8,
        "year": 2017
      }
    ],
    "symbol": "DDOG"
  }
}