{
  "symbol": "EQR",
  "statement": "ic",
  "frequency": "quarterly",
  "timestamp": "2025-09-19T13:59:57.343101",
  "data": {
    "financials": [
      {
        "costOfGoodsSold": 283.392,
        "depreciationAmortization": 240.889,
        "dilutedAverageSharesOutstanding": 391.498,
        "dilutedEPS": 0.5038,
        "ebit": 226.015,
        "equityEarningsAffiliates": -4.996,
        "gainLossOnDispositionOfAssets": -0.011,
        "grossIncome": 485.435,
        "interestExpense": 77.42,
        "interestIncomeExpense": -75.291,
        "minorityInterest": -6.429,
        "netIncome": 192.001,
        "netIncomeAfterTaxes": 203.781,
        "nonRecurringItems": 58.28,
        "period": "2025-06-30",
        "pretaxIncome": 204.188,
        "provisionforIncomeTaxes": 0.407,
        "revenue": 768.827,
        "sgaExpense": 18.531,
        "totalOperatingExpense": 259.42,
        "totalOtherIncomeExpenseNet": -4.805
      },
      {
        "costOfGoodsSold": 291.541,
        "depreciationAmortization": 256.746,
        "dilutedAverageSharesOutstanding": 391.179,
        "dilutedEPS": 0.6732,
        "ebit": 194.268,
        "equityEarningsAffiliates": -6.411,
        "gainLossOnDispositionOfAssets": -0.067,
        "grossIncome": 469.269,
        "interestExpense": 74.258,
        "interestIncomeExpense": -72.566,
        "minorityInterest": -8.206,
        "netIncome": 256.236,
        "netIncomeAfterTaxes": 271.209,
        "nonRecurringItems": 154.152,
        "period": "2025-03-31",
        "pretaxIncome": 271.631,
        "provisionforIncomeTaxes": 0.422,
        "revenue": 760.81,
        "sgaExpense": 18.255,
        "totalOperatingExpense": 275.001,
        "totalOtherIncomeExpenseNet": -4.156
      },
      {
        "costOfGoodsSold": 277.383,
        "depreciationAmortization": 264.15,
        "dilutedAverageSharesOutstanding": 390.896,
        "dilutedEPS": 1.07,
        "ebit": 212.495,
        "equityEarningsAffiliates": -4.109,
        "grossIncome": 489.396,
        "interestExpense": 82.023,
        "interestIncomeExpense": -78.195,
        "minorityInterest": -14.756,
        "netIncome": 418.76,
        "netIncomeAfterTaxes": 437.98,
        "nonRecurringItems": 318.968,
        "period": "2024-12-31",
        "pretaxIncome": 438.311,
        "provisionforIncomeTaxes": 0.331,
        "revenue": 766.779,
        "sgaExpense": 12.751,
        "totalOperatingExpense": 276.901,
        "totalOtherIncomeExpenseNet": -14.957
      },
      {
        "costOfGoodsSold": 272.587,
        "depreciationAmortization": 237.948,
        "dilutedAverageSharesOutstanding": 391.026,
        "dilutedEPS": 0.3762,
        "ebit": 223.262,
        "equityEarningsAffiliates": -1.493,
        "grossIncome": 475.761,
        "interestExpense": 74.67,
        "interestIncomeExpense": -58.826,
        "minorityInterest": -5.071,
        "netIncome": 143.09,
        "netIncomeAfterTaxes": 150.01,
        "nonRecurringItems": -0.165,
        "period": "2024-09-30",
        "pretaxIncome": 150.3,
        "provisionforIncomeTaxes": 0.29,
        "revenue": 748.348,
        "sgaExpense": 14.551,
        "totalOperatingExpense": 252.499,
        "totalOtherIncomeExpenseNet": -13.971
      },
      {
        "costOfGoodsSold": 265.58,
        "depreciationAmortization": 224.398,
        "dilutedAverageSharesOutstanding": 390.542,
        "dilutedEPS": 0.4664,
        "ebit": 225.554,
        "equityEarningsAffiliates": -1.674,
        "grossIncome": 468.583,
        "interestExpense": 67.746,
        "interestIncomeExpense": -66.418,
        "minorityInterest": -6.072,
        "netIncome": 177.128,
        "netIncomeAfterTaxes": 185.229,
        "nonRecurringItems": 39.809,
        "period": "2024-06-30",
        "pretaxIncome": 185.56,
        "provisionforIncomeTaxes": 0.331,
        "revenue": 734.163,
        "sgaExpense": 18.631,
        "totalOperatingExpense": 243.029,
        "totalOtherIncomeExpenseNet": -13.385
      },
      {
        "costOfGoodsSold": 279.015,
        "depreciationAmortization": 225.695,
        "dilutedAverageSharesOutstanding": 390.561,
        "dilutedEPS": 0.75,
        "ebit": 210.388,
        "equityEarningsAffiliates": -1.698,
        "grossIncome": 451.803,
        "interestExpense": 69.13,
        "interestIncomeExpense": -59.801,
        "minorityInterest": -9.245,
        "netIncome": 293.796,
        "netIncomeAfterTaxes": 306.73,
        "nonRecurringItems": 188.185,
        "period": "2024-03-31",
        "pretaxIncome": 307.034,
        "provisionforIncomeTaxes": 0.304,
        "revenue": 730.818,
        "sgaExpense": 15.72,
        "totalOperatingExpense": 241.415,
        "totalOtherIncomeExpenseNet": -31.738
      },
      {
        "costOfGoodsSold": 252.135,
        "depreciationAmortization": 226.788,
        "dilutedAverageSharesOutstanding": 390.183,
        "dilutedEPS": 0.79,
        "ebit": 236.996,
        "equityEarningsAffiliates": -1.531,
        "grossIncome": 475.365,
        "interestExpense": 70.592,
        "interestIncomeExpense": -59.543,
        "minorityInterest": -10.577,
        "netIncome": 310.92,
        "netIncomeAfterTaxes": 323.8,
        "nonRecurringItems": 155.505,
        "period": "2023-12-31",
        "pretaxIncome": 324.056,
        "provisionforIncomeTaxes": 0.256,
        "revenue": 727.5,
        "sgaExpense": 11.581,
        "totalOperatingExpense": 238.369,
        "totalOtherIncomeExpenseNet": -8.902
      },
      {
        "costOfGoodsSold": 260.114,
        "depreciationAmortization": 224.736,
        "dilutedAverageSharesOutstanding": 391.351,
        "dilutedEPS": 0.453,
        "ebit": 225.123,
        "equityEarningsAffiliates": -1.242,
        "grossIncome": 463.953,
        "interestExpense": 71.918,
        "interestIncomeExpense": -64.291,
        "minorityInterest": -8.778,
        "netIncome": 171.735,
        "netIncomeAfterTaxes": 182.528,
        "nonRecurringItems": 26.912,
        "period": "2023-09-30",
        "pretaxIncome": 182.786,
        "provisionforIncomeTaxes": 0.258,
        "revenue": 724.067,
        "sgaExpense": 14.094,
        "totalOperatingExpense": 238.83,
        "totalOtherIncomeExpenseNet": -4.958
      },
      {
        "costOfGoodsSold": 258.53,
        "depreciationAmortization": 221.355,
        "dilutedAverageSharesOutstanding": 391.187,
        "dilutedEPS": 0.3655,
        "ebit": 218.548,
        "equityEarningsAffiliates": -1.223,
        "grossIncome": 458.779,
        "interestExpense": 67.607,
        "interestIncomeExpense": -65.476,
        "minorityInterest": -5.659,
        "netIncome": 138.43,
        "netIncomeAfterTaxes": 146.085,
        "nonRecurringItems": -0.087,
        "period": "2023-06-30",
        "pretaxIncome": 146.421,
        "provisionforIncomeTaxes": 0.336,
        "revenue": 717.309,
        "sgaExpense": 18.876,
        "totalOperatingExpense": 240.231,
        "totalOtherIncomeExpenseNet": -6.564
      },
      {
        "costOfGoodsSold": 275.714,
        "depreciationAmortization": 215.83,
        "dilutedAverageSharesOutstanding": 390.664,
        "dilutedEPS": 0.5589,
        "ebit": 197.379,
        "equityEarningsAffiliates": -1.382,
        "grossIncome": 429.374,
        "interestExpense": 68.38,
        "interestIncomeExpense": -66.842,
        "minorityInterest": -8.036,
        "netIncome": 211.263,
        "netIncomeAfterTaxes": 221.453,
        "nonRecurringItems": 100.209,
        "period": "2023-03-31",
        "pretaxIncome": 221.751,
        "provisionforIncomeTaxes": 0.298,
        "revenue": 705.088,
        "sgaExpense": 16.165,
        "totalOperatingExpense": 231.995,
        "totalOtherIncomeExpenseNet": -8.995
      },
      {
        "costOfGoodsSold": 231.37,
        "depreciationAmortization": 214.272,
        "dilutedAverageSharesOutstanding": 377.706,
        "dilutedEPS": 0.433,
        "ebit": 242.384,
        "equityEarningsAffiliates": -1.575,
        "gainLossOnDispositionOfAssets": 0,
        "grossIncome": 468.333,
        "interestExpense": 68.135,
        "interestIncomeExpense": -70.786,
        "minorityInterest": -6.334,
        "netIncome": 158.248,
        "netIncomeAfterTaxes": 166.929,
        "nonRecurringItems": -0.021,
        "period": "2022-12-31",
        "pretaxIncome": 167.104,
        "provisionforIncomeTaxes": 0.175,
        "revenue": 699.703,
        "sgaExpense": 11.677,
        "totalOperatingExpense": 225.949,
        "totalOtherIncomeExpenseNet": -4.473
      },
      {
        "costOfGoodsSold": 250.138,
        "depreciationAmortization": 214.129,
        "dilutedAverageSharesOutstanding": 389.3,
        "dilutedEPS": 0.82,
        "ebit": 217.46,
        "equityEarningsAffiliates": -1.027,
        "gainLossOnDispositionOfAssets": 0,
        "grossIncome": 444.961,
        "interestExpense": 74.632,
        "interestIncomeExpense": -73.912,
        "minorityInterest": -12.14,
        "netIncome": 322.252,
        "netIncomeAfterTaxes": 336.192,
        "nonRecurringItems": 196.551,
        "period": "2022-09-30",
        "pretaxIncome": 336.344,
        "provisionforIncomeTaxes": 0.152,
        "revenue": 695.099,
        "sgaExpense": 13.372,
        "totalOperatingExpense": 227.501,
        "totalOtherIncomeExpenseNet": -3.755
      },
      {
        "costOfGoodsSold": 244.764,
        "depreciationAmortization": 223.806,
        "dilutedAverageSharesOutstanding": 389.363,
        "dilutedEPS": 0.5932,
        "ebit": 202.037,
        "equityEarningsAffiliates": -1.168,
        "gainLossOnDispositionOfAssets": 0,
        "grossIncome": 442.266,
        "interestExpense": 74.013,
        "interestIncomeExpense": -73.417,
        "minorityInterest": -8.577,
        "netIncome": 223.328,
        "netIncomeAfterTaxes": 233.846,
        "nonRecurringItems": 107.897,
        "period": "2022-06-30",
        "pretaxIncome": 234.137,
        "provisionforIncomeTaxes": 0.291,
        "revenue": 687.03,
        "sgaExpense": 16.423,
        "totalOperatingExpense": 240.229,
        "totalOtherIncomeExpenseNet": -2.38
      },
      {
        "costOfGoodsSold": 256.309,
        "depreciationAmortization": 229.961,
        "dilutedAverageSharesOutstanding": 389.628,
        "dilutedEPS": 0.1858,
        "ebit": 149.84,
        "equityEarningsAffiliates": -1.261,
        "gainLossOnDispositionOfAssets": 0,
        "grossIncome": 397.039,
        "interestExpense": 74.869,
        "interestIncomeExpense": -71.341,
        "minorityInterest": -3.033,
        "netIncome": 69.993,
        "netIncomeAfterTaxes": 75.059,
        "nonRecurringItems": -0.102,
        "period": "2022-03-31",
        "pretaxIncome": 75.341,
        "provisionforIncomeTaxes": 0.282,
        "revenue": 653.348,
        "sgaExpense": 17.238,
        "totalOperatingExpense": 247.199,
        "totalOtherIncomeExpenseNet": -3.056
      },
      {
        "costOfGoodsSold": 235.394,
        "depreciationAmortization": 222.24,
        "dilutedAverageSharesOutstanding": 389.43,
        "dilutedEPS": 1.35,
        "ebit": 174.092,
        "equityEarningsAffiliates": -0.37,
        "gainLossOnDispositionOfAssets": 0,
        "grossIncome": 409.736,
        "interestExpense": 72.305,
        "interestIncomeExpense": -71.932,
        "minorityInterest": -34.004,
        "netIncome": 526.202,
        "netIncomeAfterTaxes": 561.348,
        "nonRecurringItems": 467.791,
        "period": "2021-12-31",
        "pretaxIncome": 561.584,
        "provisionforIncomeTaxes": 0.236,
        "revenue": 645.13,
        "sgaExpense": 13.404,
        "totalOperatingExpense": 235.644,
        "totalOtherIncomeExpenseNet": -8.367
      },
      {
        "costOfGoodsSold": 237.142,
        "depreciationAmortization": 215.397,
        "dilutedAverageSharesOutstanding": 388.374,
        "dilutedEPS": 1.1102,
        "ebit": 157.626,
        "equityEarningsAffiliates": -1.156,
        "gainLossOnDispositionOfAssets": 0,
        "grossIncome": 386.064,
        "interestExpense": 70.299,
        "interestIncomeExpense": -69.326,
        "minorityInterest": -15.381,
        "netIncome": 431.178,
        "netIncomeAfterTaxes": 448.488,
        "nonRecurringItems": 363.928,
        "period": "2021-09-30",
        "pretaxIncome": 448.772,
        "provisionforIncomeTaxes": 0.284,
        "revenue": 623.206,
        "sgaExpense": 13.041,
        "totalOperatingExpense": 228.438,
        "totalOtherIncomeExpenseNet": -3.456
      },
      {
        "costOfGoodsSold": 229.602,
        "depreciationAmortization": 200.673,
        "dilutedAverageSharesOutstanding": 387.82,
        "dilutedEPS": 0.8138,
        "ebit": 153.106,
        "equityEarningsAffiliates": -0.261,
        "gainLossOnDispositionOfAssets": 0,
        "grossIncome": 368.457,
        "interestExpense": 69.063,
        "interestIncomeExpense": -44.959,
        "minorityInterest": -11.654,
        "netIncome": 315.614,
        "netIncomeAfterTaxes": 328.301,
        "nonRecurringItems": 223.738,
        "period": "2021-06-30",
        "pretaxIncome": 328.543,
        "provisionforIncomeTaxes": 0.242,
        "revenue": 598.059,
        "sgaExpense": 14.678,
        "totalOperatingExpense": 215.351,
        "totalOtherIncomeExpenseNet": -3.342
      },
      {
        "costOfGoodsSold": 246.7,
        "depreciationAmortization": 200,
        "dilutedAverageSharesOutstanding": 386.9,
        "dilutedEPS": 0.15,
        "ebit": 135.6,
        "equityEarningsAffiliates": -1.6,
        "gainLossOnDispositionOfAssets": 0,
        "grossIncome": 350.9,
        "interestExpense": 69.543,
        "interestIncomeExpense": -69.3,
        "minorityInterest": -2.8,
        "netIncome": 56.8,
        "netIncomeAfterTaxes": 62,
        "nonRecurringItems": 0,
        "period": "2021-03-31",
        "pretaxIncome": 62.1,
        "provisionforIncomeTaxes": 0.2,
        "revenue": 597.6,
        "sgaExpense": 15.4,
        "totalOperatingExpense": 215.3,
        "totalOtherIncomeExpenseNet": -4.1
      },
      {
        "costOfGoodsSold": 223.5,
        "depreciationAmortization": 201.8,
        "dilutedAverageSharesOutstanding": 371.9,
        "dilutedEPS": 0.67,
        "ebit": 177,
        "equityEarningsAffiliates": -0.8,
        "gainLossOnDispositionOfAssets": 34.2,
        "grossIncome": 389.9,
        "interestExpense": 119.41,
        "interestIncomeExpense": -117.5,
        "minorityInterest": -10.1,
        "netIncome": 252.1,
        "netIncomeAfterTaxes": 263.8,
        "nonRecurringItems": 179.6,
        "otherOperatingExpensesTotal": 0,
        "period": "2020-12-31",
        "pretaxIncome": 264.2,
        "provisionforIncomeTaxes": 0.4,
        "revenue": 613.4,
        "sgaExpense": 11.1,
        "totalOperatingExpense": 212.9,
        "totalOtherIncomeExpenseNet": -9.2
      },
      {
        "costOfGoodsSold": 228.5,
        "depreciationAmortization": 200.6,
        "dilutedAverageSharesOutstanding": 385.7,
        "dilutedEPS": 0.24,
        "ebit": 182.4,
        "equityEarningsAffiliates": -0.2,
        "gainLossOnDispositionOfAssets": 0,
        "grossIncome": 393.9,
        "interestExpense": 82.975,
        "interestIncomeExpense": -82.4,
        "minorityInterest": -4.1,
        "netIncome": 90.5,
        "netIncomeAfterTaxes": 95.6,
        "nonRecurringItems": 0,
        "period": "2020-09-30",
        "pretaxIncome": 95.9,
        "provisionforIncomeTaxes": 0.3,
        "revenue": 622.4,
        "sgaExpense": 10.9,
        "totalOperatingExpense": 211.5,
        "totalOtherIncomeExpenseNet": -4.1
      },
      {
        "costOfGoodsSold": 223.1,
        "depreciationAmortization": 206,
        "dilutedAverageSharesOutstanding": 385.9,
        "dilutedEPS": 0.67,
        "ebit": 212.6,
        "equityEarningsAffiliates": -1,
        "gainLossOnDispositionOfAssets": 0,
        "grossIncome": 430.4,
        "interestExpense": 83.996,
        "interestIncomeExpense": -82.5,
        "minorityInterest": -10.6,
        "netIncome": 260.1,
        "netIncomeAfterTaxes": 272.5,
        "nonRecurringItems": 144.3,
        "period": "2020-06-30",
        "pretaxIncome": 272.7,
        "provisionforIncomeTaxes": 0.2,
        "revenue": 653.5,
        "sgaExpense": 11.8,
        "totalOperatingExpense": 217.8,
        "totalOtherIncomeExpenseNet": -1.7
      },
      {
        "costOfGoodsSold": 241.3,
        "depreciationAmortization": 212.4,
        "dilutedAverageSharesOutstanding": 386.9,
        "dilutedEPS": 0.79,
        "ebit": 214.1,
        "equityEarningsAffiliates": -1.2,
        "gainLossOnDispositionOfAssets": 0,
        "grossIncome": 441,
        "interestExpense": 87.631,
        "interestIncomeExpense": -85.7,
        "minorityInterest": -24.1,
        "netIncome": 307.8,
        "netIncomeAfterTaxes": 333.8,
        "nonRecurringItems": 208,
        "period": "2020-03-31",
        "pretaxIncome": 333.9,
        "provisionforIncomeTaxes": 0.1,
        "revenue": 682.3,
        "sgaExpense": 14.5,
        "totalOperatingExpense": 226.9,
        "totalOtherIncomeExpenseNet": -2.5
      },
      {
        "costOfGoodsSold": 226.7,
        "depreciationAmortization": 214.9,
        "dilutedAverageSharesOutstanding": 386.8,
        "dilutedEPS": 0.74,
        "ebit": 230.4,
        "equityEarningsAffiliates": -1,
        "gainLossOnDispositionOfAssets": 0,
        "grossIncome": 456.8,
        "interestExpense": 103.306,
        "interestIncomeExpense": -102.3,
        "minorityInterest": -11.5,
        "netIncome": 289,
        "netIncomeAfterTaxes": 302.3,
        "nonRecurringItems": 178.2,
        "period": "2019-12-31",
        "pretaxIncome": 299.2,
        "provisionforIncomeTaxes": -3,
        "revenue": 683.5,
        "sgaExpense": 11.6,
        "totalOperatingExpense": 226.5,
        "totalOtherIncomeExpenseNet": -7
      },
      {
        "costOfGoodsSold": 224.5,
        "depreciationAmortization": 211.5,
        "dilutedAverageSharesOutstanding": 386.9,
        "dilutedEPS": 0.68,
        "ebit": 237.8,
        "equityEarningsAffiliates": -1.2,
        "gainLossOnDispositionOfAssets": 1.9,
        "grossIncome": 460.7,
        "interestExpense": 88.817,
        "interestIncomeExpense": -88.2,
        "minorityInterest": -10.7,
        "netIncome": 266.3,
        "netIncomeAfterTaxes": 279,
        "nonRecurringItems": 130.6,
        "period": "2019-09-30",
        "pretaxIncome": 279.3,
        "provisionforIncomeTaxes": 0.3,
        "revenue": 685.1,
        "sgaExpense": 11.4,
        "totalOperatingExpense": 222.9,
        "totalOtherIncomeExpenseNet": -2.8
      },
      {
        "costOfGoodsSold": 224.3,
        "depreciationAmortization": 200.5,
        "dilutedAverageSharesOutstanding": 386.1,
        "dilutedEPS": 0.79,
        "ebit": 230.4,
        "equityEarningsAffiliates": 68.8,
        "gainLossOnDispositionOfAssets": 0.2,
        "grossIncome": 445.2,
        "interestExpense": 112.549,
        "interestIncomeExpense": -111.5,
        "minorityInterest": -12.3,
        "netIncome": 308.2,
        "netIncomeAfterTaxes": 252.5,
        "nonRecurringItems": 138.9,
        "period": "2019-06-30",
        "pretaxIncome": 252.8,
        "provisionforIncomeTaxes": 0.2,
        "revenue": 669.5,
        "sgaExpense": 14.3,
        "totalOperatingExpense": 214.9,
        "totalOtherIncomeExpenseNet": -5.1
      },
      {
        "costOfGoodsSold": 232.9,
        "depreciationAmortization": 204.2,
        "dilutedAverageSharesOutstanding": 385.2,
        "dilutedEPS": 0.28,
        "ebit": 210,
        "equityEarningsAffiliates": -0.7,
        "gainLossOnDispositionOfAssets": 0,
        "grossIncome": 429.6,
        "interestExpense": 97.074,
        "interestIncomeExpense": -96.5,
        "minorityInterest": -4.7,
        "netIncome": 103.8,
        "netIncomeAfterTaxes": 110,
        "nonRecurringItems": 0,
        "period": "2019-03-31",
        "pretaxIncome": 110.2,
        "provisionforIncomeTaxes": 0.2,
        "revenue": 662.5,
        "sgaExpense": 15.4,
        "totalOperatingExpense": 219.6,
        "totalOtherIncomeExpenseNet": -3.3
      },
      {
        "costOfGoodsSold": 219.2,
        "depreciationAmortization": 201.9,
        "dilutedAverageSharesOutstanding": 384.5,
        "dilutedEPS": 0.31,
        "ebit": 218.5,
        "equityEarningsAffiliates": -0.7,
        "gainLossOnDispositionOfAssets": 0,
        "grossIncome": 432.8,
        "interestExpense": 94.162,
        "interestIncomeExpense": -93,
        "minorityInterest": -5.2,
        "netIncome": 116.4,
        "netIncomeAfterTaxes": 123.1,
        "nonRecurringItems": 0,
        "period": "2018-12-31",
        "pretaxIncome": 123.2,
        "provisionforIncomeTaxes": 0.1,
        "revenue": 652,
        "sgaExpense": 12.4,
        "totalOperatingExpense": 214.3,
        "totalOtherIncomeExpenseNet": -2.4
      },
      {
        "costOfGoodsSold": 220.2,
        "depreciationAmortization": 194.6,
        "dilutedAverageSharesOutstanding": 383.9,
        "dilutedEPS": 0.55,
        "ebit": 225.4,
        "equityEarningsAffiliates": -1,
        "gainLossOnDispositionOfAssets": 0,
        "grossIncome": 432.7,
        "interestExpense": 114.495,
        "interestIncomeExpense": -106.6,
        "minorityInterest": -8.9,
        "netIncome": 214.2,
        "netIncomeAfterTaxes": 224.8,
        "nonRecurringItems": 114,
        "period": "2018-09-30",
        "pretaxIncome": 225.1,
        "provisionforIncomeTaxes": 0.3,
        "revenue": 652.9,
        "sgaExpense": 12.6,
        "totalOperatingExpense": 207.3,
        "totalOtherIncomeExpenseNet": -7.7
      },
      {
        "costOfGoodsSold": 216.7,
        "depreciationAmortization": 192.9,
        "dilutedAverageSharesOutstanding": 383.4,
        "dilutedEPS": 0.31,
        "ebit": 217.7,
        "equityEarningsAffiliates": -1,
        "gainLossOnDispositionOfAssets": 1,
        "grossIncome": 423.1,
        "interestExpense": 96.23,
        "interestIncomeExpense": -95.1,
        "minorityInterest": -4.8,
        "netIncome": 112.8,
        "netIncomeAfterTaxes": 119.4,
        "nonRecurringItems": -0.1,
        "period": "2018-06-30",
        "pretaxIncome": 119.7,
        "provisionforIncomeTaxes": 0.3,
        "revenue": 639.8,
        "sgaExpense": 12.5,
        "totalOperatingExpense": 205.4,
        "totalOtherIncomeExpenseNet": -3.8
      },
      {
        "costOfGoodsSold": 223.6,
        "depreciationAmortization": 196.3,
        "dilutedAverageSharesOutstanding": 383,
        "dilutedEPS": 0.57,
        "ebit": 196.9,
        "equityEarningsAffiliates": -1,
        "gainLossOnDispositionOfAssets": 0,
        "grossIncome": 409.5,
        "interestExpense": 119.783,
        "interestIncomeExpense": -113.9,
        "minorityInterest": -8.7,
        "netIncome": 211,
        "netIncomeAfterTaxes": 221.5,
        "nonRecurringItems": 142.2,
        "period": "2018-03-31",
        "pretaxIncome": 221.7,
        "provisionforIncomeTaxes": 0.2,
        "revenue": 633,
        "sgaExpense": 16.3,
        "totalOperatingExpense": 212.5,
        "totalOtherIncomeExpenseNet": -3.4
      },
      {
        "costOfGoodsSold": 201.6,
        "depreciationAmortization": 200.8,
        "dilutedAverageSharesOutstanding": 382.8,
        "dilutedEPS": 0.34,
        "ebit": 216.5,
        "equityEarningsAffiliates": -1.2,
        "gainLossOnDispositionOfAssets": 15.3,
        "grossIncome": 429.1,
        "interestExpense": 97.39,
        "interestIncomeExpense": -97,
        "minorityInterest": -4.6,
        "netIncome": 124.7,
        "netIncomeAfterTaxes": 131.3,
        "nonRecurringItems": -1.7,
        "period": "2017-12-31",
        "pretaxIncome": 131.1,
        "provisionforIncomeTaxes": -0.2,
        "revenue": 630.7,
        "sgaExpense": 11.9,
        "totalOperatingExpense": 212.6,
        "totalOtherIncomeExpenseNet": -2
      },
      {
        "costOfGoodsSold": 209.7,
        "depreciationAmortization": 184.1,
        "dilutedAverageSharesOutstanding": 382.9,
        "dilutedEPS": 0.37,
        "ebit": 217.8,
        "equityEarningsAffiliates": -0.4,
        "gainLossOnDispositionOfAssets": 17.3,
        "grossIncome": 414.5,
        "interestExpense": 93.209,
        "interestIncomeExpense": -89.3,
        "minorityInterest": -6,
        "netIncome": 137.5,
        "netIncomeAfterTaxes": 144.6,
        "period": "2017-09-30",
        "pretaxIncome": 144.8,
        "provisionforIncomeTaxes": 0.2,
        "revenue": 624.1,
        "sgaExpense": 12.6,
        "totalOperatingExpense": 196.6,
        "totalOtherIncomeExpenseNet": -1
      },
      {
        "costOfGoodsSold": 208.4,
        "depreciationAmortization": 179.9,
        "dilutedAverageSharesOutstanding": 382.7,
        "dilutedEPS": 0.53,
        "ebit": 210.6,
        "equityEarningsAffiliates": -0.7,
        "gainLossOnDispositionOfAssets": 87.7,
        "grossIncome": 404.1,
        "interestExpense": 93.311,
        "interestIncomeExpense": -92.1,
        "minorityInterest": -8.1,
        "netIncome": 195.3,
        "netIncomeAfterTaxes": 204.8,
        "period": "2017-06-30",
        "pretaxIncome": 205.1,
        "provisionforIncomeTaxes": 0.2,
        "revenue": 612.5,
        "sgaExpense": 13.6,
        "totalOperatingExpense": 193.5,
        "totalOtherIncomeExpenseNet": -1
      },
      {
        "costOfGoodsSold": 206.6,
        "depreciationAmortization": 179,
        "dilutedAverageSharesOutstanding": 382.3,
        "dilutedEPS": 0.39,
        "ebit": 204.4,
        "equityEarningsAffiliates": -1.1,
        "gainLossOnDispositionOfAssets": 55.9,
        "grossIncome": 397.5,
        "interestExpense": 108.506,
        "interestIncomeExpense": -107.9,
        "minorityInterest": -6.2,
        "netIncome": 143,
        "netIncomeAfterTaxes": 151,
        "period": "2017-03-31",
        "pretaxIncome": 151.3,
        "provisionforIncomeTaxes": 0.3,
        "revenue": 604.1,
        "sgaExpense": 14.2,
        "totalOperatingExpense": 193.1,
        "totalOtherIncomeExpenseNet": -1.1
      },
      {
        "costOfGoodsSold": 193.6,
        "depreciationAmortization": 177.4,
        "dilutedAverageSharesOutstanding": 381.1,
        "dilutedEPS": 0.72,
        "ebit": 224.1,
        "equityEarningsAffiliates": -1,
        "gainLossOnDispositionOfAssets": 173.2,
        "grossIncome": 411.9,
        "interestExpense": 98.563,
        "interestIncomeExpense": -97.9,
        "minorityInterest": 317.9,
        "netIncome": 276.5,
        "netIncomeAfterTaxes": 303,
        "period": "2016-12-31",
        "pretaxIncome": 303.5,
        "provisionforIncomeTaxes": 0.4,
        "revenue": 605.5,
        "sgaExpense": 10.4,
        "totalOperatingExpense": 187.8,
        "totalOtherIncomeExpenseNet": 4.1
      },
      {
        "costOfGoodsSold": 205.1,
        "depreciationAmortization": 179.2,
        "dilutedAverageSharesOutstanding": 382.4,
        "dilutedEPS": 0.56,
        "ebit": 209.4,
        "equityEarningsAffiliates": 7.8,
        "gainLossOnDispositionOfAssets": 94.1,
        "grossIncome": 401,
        "interestExpense": 88.613,
        "interestIncomeExpense": -83.1,
        "minorityInterest": -9.2,
        "netIncome": 207.5,
        "netIncomeAfterTaxes": 209.5,
        "period": "2016-09-30",
        "pretaxIncome": 209.9,
        "provisionforIncomeTaxes": 0.4,
        "revenue": 606.1,
        "sgaExpense": 12.4,
        "totalOperatingExpense": 191.6,
        "totalOtherIncomeExpenseNet": -10.4
      },
      {
        "costOfGoodsSold": 194.7,
        "depreciationAmortization": 176.1,
        "dilutedAverageSharesOutstanding": 382.1,
        "dilutedEPS": 0.59,
        "ebit": 206,
        "equityEarningsAffiliates": -0.8,
        "gainLossOnDispositionOfAssets": 57.4,
        "grossIncome": 400.4,
        "interestExpense": 88.817,
        "interestIncomeExpense": -32.3,
        "minorityInterest": -9.6,
        "netIncome": 218.1,
        "netIncomeAfterTaxes": 229.2,
        "period": "2016-06-30",
        "pretaxIncome": 229.6,
        "provisionforIncomeTaxes": 0.4,
        "revenue": 595.2,
        "sgaExpense": 18.3,
        "totalOperatingExpense": 194.4,
        "totalOtherIncomeExpenseNet": -1.5
      },
      {
        "costOfGoodsSold": 212.9,
        "depreciationAmortization": 172.9,
        "dilutedAverageSharesOutstanding": 382.2,
        "dilutedEPS": 9.38,
        "ebit": 216.6,
        "equityEarningsAffiliates": -1.1,
        "gainLossOnDispositionOfAssets": 3735.2,
        "grossIncome": 406.2,
        "interestExpense": 218.886,
        "interestIncomeExpense": -215.8,
        "minorityInterest": -144.1,
        "netIncome": 3587,
        "netIncomeAfterTaxes": 3733.1,
        "period": "2016-03-31",
        "pretaxIncome": 3733.4,
        "provisionforIncomeTaxes": 0.4,
        "revenue": 619.1,
        "sgaExpense": 16.7,
        "totalOperatingExpense": 189.6,
        "totalOtherIncomeExpenseNet": -2.6
      },
      {
        "costOfGoodsSold": 224.8,
        "depreciationAmortization": 181,
        "dilutedAverageSharesOutstanding": 391.2,
        "dilutedEPS": 0.51,
        "ebit": 287.4,
        "equityEarningsAffiliates": 0.6,
        "gainLossOnDispositionOfAssets": 39.4,
        "grossIncome": 478.4,
        "interestExpense": 113.932,
        "interestIncomeExpense": -113.5,
        "minorityInterest": -35.4,
        "netIncome": 203,
        "netIncomeAfterTaxes": 213,
        "otherOperatingExpensesTotal": -3.8,
        "period": "2015-12-31",
        "pretaxIncome": 213.3,
        "provisionforIncomeTaxes": 0.2,
        "revenue": 703.2,
        "sgaExpense": 13.7,
        "totalOperatingExpense": 191,
        "totalOtherIncomeExpenseNet": -0.1
      },
      {
        "costOfGoodsSold": 227.4,
        "depreciationAmortization": 196.1,
        "dilutedAverageSharesOutstanding": 380.7,
        "dilutedEPS": 0.53,
        "ebit": 257.5,
        "equityEarningsAffiliates": -1,
        "gainLossOnDispositionOfAssets": 66.9,
        "grossIncome": 468.9,
        "interestExpense": 116.812,
        "interestIncomeExpense": -116.6,
        "minorityInterest": -8.8,
        "netIncome": 195.9,
        "netIncomeAfterTaxes": 206.4,
        "period": "2015-09-30",
        "pretaxIncome": 206.7,
        "provisionforIncomeTaxes": 0.3,
        "revenue": 696.3,
        "sgaExpense": 15.3,
        "totalOperatingExpense": 211.4,
        "totalOtherIncomeExpenseNet": -1.1
      }
    ],
    "symbol": "EQR"
  }
}