{
  "symbol": "PGR",
  "statement": "ic",
  "frequency": "quarterly",
  "timestamp": "2025-09-19T14:05:45.811313",
  "data": {
    "financials": [
      {
        "benefitsClaimsLossAdjustment": 16294,
        "deferredPolicyAcquisitionExpense": 1511,
        "dilutedAverageSharesOutstanding": 587.7,
        "dilutedEPS": 5.4,
        "ebit": 4051,
        "grossPremiumsEarned": 20746,
        "interestExpense": 69,
        "interestIncomeExpense": -69,
        "netIncome": 3175,
        "netIncomeAfterTaxes": 3175,
        "otherOperatingExpensesTotal": 139,
        "period": "2025-06-30",
        "pretaxIncome": 3982,
        "provisionforIncomeTaxes": 807,
        "revenue": 21995,
        "totalOperatingExpense": 17944
      },
      {
        "benefitsClaimsLossAdjustment": 15523,
        "deferredPolicyAcquisitionExpense": 1456,
        "dilutedAverageSharesOutstanding": 587.7,
        "dilutedEPS": 4.37,
        "ebit": 3306,
        "grossPremiumsEarned": 19807,
        "interestExpense": 70,
        "interestIncomeExpense": -70,
        "netIncome": 2567,
        "netIncomeAfterTaxes": 2567,
        "otherOperatingExpensesTotal": 117,
        "period": "2025-03-31",
        "pretaxIncome": 3236,
        "provisionforIncomeTaxes": 669,
        "revenue": 20402,
        "totalOperatingExpense": 17096
      },
      {
        "benefitsClaimsLossAdjustment": 15663.7,
        "deferredPolicyAcquisitionExpense": 1453,
        "dilutedAverageSharesOutstanding": 587.7,
        "dilutedEPS": 4.01,
        "ebit": 3037.8,
        "grossPremiumsEarned": 19539,
        "interestExpense": 69.9,
        "interestIncomeExpense": -69.9,
        "netIncome": 2356.5,
        "netIncomeAfterTaxes": 2356.5,
        "nonRecurringItems": 0,
        "otherOperatingExpensesTotal": 112.9,
        "period": "2024-12-31",
        "pretaxIncome": 2967.9,
        "provisionforIncomeTaxes": 611.4,
        "revenue": 20267.4,
        "totalOperatingExpense": 17229.6
      },
      {
        "benefitsClaimsLossAdjustment": 15180.2,
        "deferredPolicyAcquisitionExpense": 1390.2,
        "dilutedAverageSharesOutstanding": 587.6,
        "dilutedEPS": 3.97,
        "ebit": 3014.7,
        "grossPremiumsEarned": 18692.1,
        "interestExpense": 69.9,
        "interestIncomeExpense": -69.9,
        "netIncome": 2333.4,
        "netIncomeAfterTaxes": 2333.4,
        "otherOperatingExpensesTotal": 126.7,
        "period": "2024-09-30",
        "pretaxIncome": 2944.8,
        "provisionforIncomeTaxes": 611.4,
        "revenue": 19711.8,
        "totalOperatingExpense": 16697.1
      },
      {
        "benefitsClaimsLossAdjustment": 14775.1,
        "deferredPolicyAcquisitionExpense": 1307.6,
        "dilutedAverageSharesOutstanding": 587.4,
        "dilutedEPS": 2.48,
        "ebit": 1930,
        "grossPremiumsEarned": 17575.6,
        "interestExpense": 69.6,
        "interestIncomeExpense": -69.6,
        "netIncome": 1458.7,
        "netIncomeAfterTaxes": 1458.7,
        "otherOperatingExpensesTotal": 114.3,
        "period": "2024-06-30",
        "pretaxIncome": 1860.4,
        "provisionforIncomeTaxes": 401.7,
        "revenue": 18127,
        "totalOperatingExpense": 16197
      },
      {
        "benefitsClaimsLossAdjustment": 12903,
        "deferredPolicyAcquisitionExpense": 1232.2,
        "dilutedAverageSharesOutstanding": 587.3,
        "dilutedEPS": 3.94,
        "ebit": 3009.5,
        "grossPremiumsEarned": 16469.3,
        "interestExpense": 69.6,
        "interestIncomeExpense": -69.6,
        "netIncome": 2314.4,
        "netIncomeAfterTaxes": 2331.4,
        "otherOperatingExpensesTotal": 92.1,
        "period": "2024-03-31",
        "pretaxIncome": 2939.9,
        "provisionforIncomeTaxes": 608.5,
        "revenue": 17236.8,
        "totalOperatingExpense": 14227.3
      },
      {
        "benefitsClaimsLossAdjustment": 13003.8,
        "deferredPolicyAcquisitionExpense": 1222.5,
        "dilutedAverageSharesOutstanding": 587.5,
        "dilutedEPS": 3.37,
        "ebit": 2573.1,
        "grossPremiumsEarned": 16080.3,
        "interestExpense": 69.7,
        "interestIncomeExpense": -69.7,
        "netIncome": 1977.4,
        "netIncomeAfterTaxes": 1987.8,
        "nonRecurringItems": 0,
        "otherOperatingExpensesTotal": 84.4,
        "period": "2023-12-31",
        "pretaxIncome": 2503.4,
        "provisionforIncomeTaxes": 515.6,
        "revenue": 16883.8,
        "totalOperatingExpense": 14310.7
      },
      {
        "benefitsClaimsLossAdjustment": 12808.6,
        "deferredPolicyAcquisitionExpense": 1173.2,
        "dilutedAverageSharesOutstanding": 587.5,
        "dilutedEPS": 1.89,
        "ebit": 1479.9,
        "grossPremiumsEarned": 15199.4,
        "interestExpense": 69.7,
        "interestIncomeExpense": -69.7,
        "netIncome": 1110.9,
        "netIncomeAfterTaxes": 1121.3,
        "nonRecurringItems": 0,
        "otherOperatingExpensesTotal": 91.7,
        "period": "2023-09-30",
        "pretaxIncome": 1410.2,
        "provisionforIncomeTaxes": 288.9,
        "revenue": 15553.4,
        "totalOperatingExpense": 14073.5
      },
      {
        "benefitsClaimsLossAdjustment": 13601.8,
        "deferredPolicyAcquisitionExpense": 1153.6,
        "dilutedAverageSharesOutstanding": 584.9,
        "dilutedEPS": 0.57,
        "ebit": 501.4,
        "grossPremiumsEarned": 14772.1,
        "interestExpense": 65.7,
        "interestIncomeExpense": -65.7,
        "netIncome": 335.9,
        "netIncomeAfterTaxes": 345.4,
        "nonRecurringItems": 0,
        "otherOperatingExpensesTotal": 90.6,
        "period": "2023-06-30",
        "pretaxIncome": 435.7,
        "provisionforIncomeTaxes": 90.3,
        "revenue": 15347.4,
        "totalOperatingExpense": 14846
      },
      {
        "benefitsClaimsLossAdjustment": 12481.9,
        "deferredPolicyAcquisitionExpense": 1115.8,
        "dilutedAverageSharesOutstanding": 587,
        "dilutedEPS": 0.75,
        "ebit": 617.7,
        "grossPremiumsEarned": 13811.8,
        "interestExpense": 63.3,
        "interestIncomeExpense": -63.3,
        "netIncome": 440.6,
        "netIncomeAfterTaxes": 447.9,
        "otherOperatingExpensesTotal": 82.3,
        "period": "2023-03-31",
        "pretaxIncome": 554.4,
        "provisionforIncomeTaxes": 106.5,
        "revenue": 14297.7,
        "totalOperatingExpense": 13680
      },
      {
        "benefitsClaimsLossAdjustment": 11250.2,
        "deferredPolicyAcquisitionExpense": 1049.1,
        "dilutedAverageSharesOutstanding": 595.2,
        "dilutedEPS": 1.38,
        "ebit": 1088.4,
        "grossPremiumsEarned": 13150.5,
        "interestExpense": 63.1,
        "interestIncomeExpense": -63.1,
        "netIncome": 819.6,
        "netIncomeAfterTaxes": 826.4,
        "nonRecurringItems": 0,
        "otherOperatingExpensesTotal": 75.2,
        "period": "2022-12-31",
        "pretaxIncome": 1025.3,
        "provisionforIncomeTaxes": 198.9,
        "revenue": 13462.9,
        "totalOperatingExpense": 12374.5
      },
      {
        "benefitsClaimsLossAdjustment": 11515.1,
        "deferredPolicyAcquisitionExpense": 970.9,
        "dilutedAverageSharesOutstanding": 587.1,
        "dilutedEPS": 0.2,
        "ebit": 205.6,
        "grossPremiumsEarned": 12663,
        "interestExpense": 63.1,
        "interestIncomeExpense": -63.1,
        "netIncome": 117.4,
        "netIncomeAfterTaxes": 124.1,
        "nonRecurringItems": 0,
        "otherOperatingExpensesTotal": 82.8,
        "period": "2022-09-30",
        "pretaxIncome": 142.5,
        "provisionforIncomeTaxes": 18.4,
        "revenue": 12774.4,
        "totalOperatingExpense": 12568.8
      },
      {
        "benefitsClaimsLossAdjustment": 10852.3,
        "deferredPolicyAcquisitionExpense": 933.6,
        "dilutedAverageSharesOutstanding": 584.3,
        "dilutedEPS": -0.94,
        "ebit": -348.1,
        "grossPremiumsEarned": 12404.5,
        "interestExpense": 63,
        "interestIncomeExpense": -63,
        "netIncome": -549.6,
        "netIncomeAfterTaxes": -542.9,
        "nonRecurringItems": -224.8,
        "otherOperatingExpensesTotal": 75.5,
        "period": "2022-06-30",
        "pretaxIncome": -635.9,
        "provisionforIncomeTaxes": -93,
        "revenue": 11513.3,
        "totalOperatingExpense": 11861.4
      },
      {
        "benefitsClaimsLossAdjustment": 10364.7,
        "deferredPolicyAcquisitionExpense": 963.4,
        "dilutedAverageSharesOutstanding": 586.3,
        "dilutedEPS": 0.52,
        "ebit": 444.5,
        "grossPremiumsEarned": 12044.6,
        "interestExpense": 54.3,
        "interestIncomeExpense": -54.3,
        "netIncome": 307.2,
        "netIncomeAfterTaxes": 313.9,
        "otherOperatingExpensesTotal": 63.2,
        "period": "2022-03-31",
        "pretaxIncome": 390.2,
        "provisionforIncomeTaxes": 76.3,
        "revenue": 11835.8,
        "totalOperatingExpense": 11391.3
      },
      {
        "benefitsClaimsLossAdjustment": 10208.7,
        "deferredPolicyAcquisitionExpense": 958.1,
        "dilutedAverageSharesOutstanding": 586.5,
        "dilutedEPS": 1.63,
        "ebit": 1255.5,
        "grossPremiumsEarned": 11845.7,
        "interestExpense": 51.6,
        "interestIncomeExpense": -51.6,
        "minorityInterest": 0,
        "netIncome": 955.5,
        "netIncomeAfterTaxes": 962.3,
        "otherOperatingExpensesTotal": 62.8,
        "period": "2021-12-31",
        "pretaxIncome": 1203.9,
        "provisionforIncomeTaxes": 241.6,
        "revenue": 12485.1,
        "totalOperatingExpense": 11229.6
      },
      {
        "benefitsClaimsLossAdjustment": 10635.1,
        "deferredPolicyAcquisitionExpense": 951.5,
        "dilutedAverageSharesOutstanding": 587.1,
        "dilutedEPS": 0.19,
        "ebit": 193.2,
        "grossPremiumsEarned": 11613.5,
        "interestExpense": 54.2,
        "interestIncomeExpense": -54.2,
        "netIncome": 111.8,
        "netIncomeAfterTaxes": 118.5,
        "otherOperatingExpensesTotal": 72.8,
        "period": "2021-09-30",
        "pretaxIncome": 139,
        "provisionforIncomeTaxes": 20.5,
        "revenue": 11852.6,
        "totalOperatingExpense": 11659.4
      },
      {
        "benefitsClaimsLossAdjustment": 9846.9,
        "deferredPolicyAcquisitionExpense": 928.8,
        "dilutedAverageSharesOutstanding": 586.8,
        "dilutedEPS": 1.34,
        "ebit": 1055.6,
        "grossPremiumsEarned": 11233,
        "interestExpense": 56.4,
        "interestIncomeExpense": -56.4,
        "netIncome": 783.4,
        "netIncomeAfterTaxes": 790.1,
        "otherOperatingExpensesTotal": 67.9,
        "period": "2021-06-30",
        "pretaxIncome": 999.2,
        "provisionforIncomeTaxes": 209.1,
        "revenue": 11899.2,
        "totalOperatingExpense": 10843.6
      },
      {
        "benefitsClaimsLossAdjustment": 8591.6,
        "deferredPolicyAcquisitionExpense": 874.4,
        "dilutedAverageSharesOutstanding": 586.9,
        "dilutedEPS": 2.51,
        "ebit": 1924.3,
        "grossPremiumsEarned": 10639.7,
        "interestExpense": 56.4,
        "interestIncomeExpense": -56.4,
        "minorityInterest": 0,
        "netIncome": 1473.3,
        "netIncomeAfterTaxes": 1480,
        "otherOperatingExpensesTotal": 49.3,
        "period": "2021-03-31",
        "pretaxIncome": 1867.9,
        "provisionforIncomeTaxes": 387.9,
        "revenue": 11439.6,
        "totalOperatingExpense": 9515.3
      },
      {
        "benefitsClaimsLossAdjustment": 8322.4,
        "deferredPolicyAcquisitionExpense": 859.7,
        "dilutedAverageSharesOutstanding": 587.3,
        "dilutedEPS": 2.86,
        "ebit": 2162.4,
        "grossPremiumsEarned": 10434.5,
        "interestExpense": 56.2,
        "interestIncomeExpense": -56.2,
        "minorityInterest": 0,
        "netIncome": 1677.5,
        "netIncomeAfterTaxes": 1684.3,
        "otherOperatingExpensesTotal": 65.8,
        "period": "2020-12-31",
        "pretaxIncome": 2106.2,
        "provisionforIncomeTaxes": 421.9,
        "revenue": 11410.3,
        "totalOperatingExpense": 9247.9
      },
      {
        "benefitsClaimsLossAdjustment": 8044,
        "deferredPolicyAcquisitionExpense": 835.2,
        "dilutedAverageSharesOutstanding": 587.8,
        "dilutedEPS": 2.59,
        "ebit": 1979.9,
        "grossPremiumsEarned": 10184.1,
        "interestExpense": 56.4,
        "interestIncomeExpense": -56.4,
        "minorityInterest": 0,
        "netIncome": 1524.1,
        "netIncomeAfterTaxes": 1530.8,
        "otherOperatingExpensesTotal": 83.4,
        "period": "2020-09-30",
        "pretaxIncome": 1923.5,
        "provisionforIncomeTaxes": 392.7,
        "revenue": 10942.5,
        "totalOperatingExpense": 8962.6
      },
      {
        "benefitsClaimsLossAdjustment": 6760.3,
        "deferredPolicyAcquisitionExpense": 795.5,
        "dilutedAverageSharesOutstanding": 587.2,
        "dilutedEPS": 3.04,
        "ebit": 2325.2,
        "grossPremiumsEarned": 9837.1,
        "interestExpense": 56.4,
        "interestIncomeExpense": -56.4,
        "minorityInterest": 0,
        "netIncome": 1783.7,
        "netIncomeAfterTaxes": 1790.4,
        "otherOperatingExpensesTotal": 1086.2,
        "period": "2020-06-30",
        "pretaxIncome": 2268.8,
        "provisionforIncomeTaxes": 478.4,
        "revenue": 10967.2,
        "totalOperatingExpense": 8642
      },
      {
        "benefitsClaimsLossAdjustment": 7565.1,
        "deferredPolicyAcquisitionExpense": 782.8,
        "dilutedAverageSharesOutstanding": 587.15,
        "dilutedEPS": 1.18,
        "ebit": 922.7,
        "grossPremiumsEarned": 9635.8,
        "interestExpense": 48,
        "interestIncomeExpense": -48,
        "minorityInterest": 0,
        "netIncome": 692.4,
        "netIncomeAfterTaxes": 699.1,
        "otherOperatingExpensesTotal": 47.5,
        "period": "2020-03-31",
        "pretaxIncome": 874.7,
        "provisionforIncomeTaxes": 175.6,
        "revenue": 9318.1,
        "totalOperatingExpense": 8395.4
      },
      {
        "benefitsClaimsLossAdjustment": 8479.2,
        "deferredPolicyAcquisitionExpense": 822.5,
        "dilutedAverageSharesOutstanding": 586.9,
        "dilutedEPS": 1.81,
        "ebit": 1386.3,
        "grossPremiumsEarned": 10106.9,
        "interestExpense": 47.4,
        "interestIncomeExpense": -47.4,
        "minorityInterest": -3.8,
        "netIncome": 1064,
        "netIncomeAfterTaxes": 1074.6,
        "nonRecurringItems": 0,
        "otherOperatingExpensesTotal": 46.8,
        "period": "2019-12-31",
        "pretaxIncome": 1338.9,
        "provisionforIncomeTaxes": 264.3,
        "revenue": 10734.8,
        "totalOperatingExpense": 9348.5
      },
      {
        "benefitsClaimsLossAdjustment": 7666.6,
        "deferredPolicyAcquisitionExpense": 751.5,
        "dilutedAverageSharesOutstanding": 587.1,
        "dilutedEPS": 1.42,
        "ebit": 1057.8,
        "grossPremiumsEarned": 9202.1,
        "interestExpense": 47.5,
        "interestIncomeExpense": -47.5,
        "minorityInterest": -1.9,
        "netIncome": 835,
        "netIncomeAfterTaxes": 843.6,
        "otherOperatingExpensesTotal": 48.7,
        "period": "2019-09-30",
        "pretaxIncome": 1010.3,
        "provisionforIncomeTaxes": 166.7,
        "revenue": 9524.6,
        "totalOperatingExpense": 8466.8
      },
      {
        "benefitsClaimsLossAdjustment": 7369.6,
        "deferredPolicyAcquisitionExpense": 738.6,
        "dilutedAverageSharesOutstanding": 586.9,
        "dilutedEPS": 1.66,
        "ebit": 1291,
        "grossPremiumsEarned": 9009.5,
        "interestExpense": 47.4,
        "interestIncomeExpense": -47.4,
        "minorityInterest": 0.4,
        "netIncome": 972.7,
        "netIncomeAfterTaxes": 979,
        "otherOperatingExpensesTotal": 45.3,
        "period": "2019-06-30",
        "pretaxIncome": 1243.6,
        "provisionforIncomeTaxes": 264.6,
        "revenue": 9444.5,
        "totalOperatingExpense": 8153.5
      },
      {
        "benefitsClaimsLossAdjustment": 6930.2,
        "deferredPolicyAcquisitionExpense": 710.6,
        "dilutedAverageSharesOutstanding": 586.6,
        "dilutedEPS": 1.83,
        "ebit": 1614.9,
        "grossPremiumsEarned": 8632.6,
        "interestExpense": 47.4,
        "interestIncomeExpense": -47.4,
        "minorityInterest": -4.4,
        "netIncome": 1071.7,
        "netIncomeAfterTaxes": 1082.8,
        "otherOperatingExpensesTotal": 38.1,
        "period": "2019-03-31",
        "pretaxIncome": 1567.5,
        "provisionforIncomeTaxes": 484.7,
        "revenue": 9293.8,
        "totalOperatingExpense": 7678.9
      },
      {
        "benefitsClaimsLossAdjustment": 7024.6,
        "deferredPolicyAcquisitionExpense": 684,
        "dilutedAverageSharesOutstanding": 586.7,
        "dilutedEPS": 0.44,
        "ebit": 288.2,
        "grossPremiumsEarned": 8363.3,
        "interestExpense": 46,
        "interestIncomeExpense": -46,
        "minorityInterest": 4.9,
        "netIncome": 257.9,
        "netIncomeAfterTaxes": 259.8,
        "nonRecurringItems": 0,
        "otherOperatingExpensesTotal": 32,
        "period": "2018-12-31",
        "pretaxIncome": 242.2,
        "provisionforIncomeTaxes": -17.6,
        "revenue": 8028.8,
        "totalOperatingExpense": 7740.6
      },
      {
        "benefitsClaimsLossAdjustment": 6619,
        "deferredPolicyAcquisitionExpense": 662.7,
        "dilutedAverageSharesOutstanding": 586.6,
        "dilutedEPS": 1.57,
        "ebit": 1172.5,
        "grossPremiumsEarned": 8095.6,
        "interestExpense": 42,
        "interestIncomeExpense": -42,
        "minorityInterest": -1.8,
        "netIncome": 921.7,
        "netIncomeAfterTaxes": 930.2,
        "nonRecurringItems": 0,
        "otherOperatingExpensesTotal": 35.8,
        "period": "2018-09-30",
        "pretaxIncome": 1130.5,
        "provisionforIncomeTaxes": 200.3,
        "revenue": 8490,
        "totalOperatingExpense": 7317.5
      },
      {
        "benefitsClaimsLossAdjustment": 6422.2,
        "deferredPolicyAcquisitionExpense": 630.8,
        "dilutedAverageSharesOutstanding": 585.8,
        "dilutedEPS": 1.19,
        "ebit": 921.8,
        "grossPremiumsEarned": 7793.1,
        "interestExpense": 41.7,
        "interestIncomeExpense": -41.7,
        "minorityInterest": 3,
        "netIncome": 697.5,
        "netIncomeAfterTaxes": 701.2,
        "nonRecurringItems": 0,
        "otherOperatingExpensesTotal": 37,
        "period": "2018-06-30",
        "pretaxIncome": 880.1,
        "provisionforIncomeTaxes": 178.9,
        "revenue": 8011.8,
        "totalOperatingExpense": 7090
      },
      {
        "benefitsClaimsLossAdjustment": 5851,
        "deferredPolicyAcquisitionExpense": 596.2,
        "dilutedAverageSharesOutstanding": 585.6,
        "dilutedEPS": 1.22,
        "ebit": 947.6,
        "grossPremiumsEarned": 7312,
        "interestExpense": 36.8,
        "interestIncomeExpense": -36.8,
        "minorityInterest": -11.8,
        "netIncome": 716.8,
        "netIncomeAfterTaxes": 729.8,
        "nonRecurringItems": 0,
        "otherOperatingExpensesTotal": 29.3,
        "period": "2018-03-31",
        "pretaxIncome": 910.8,
        "provisionforIncomeTaxes": 181,
        "revenue": 7424.1,
        "totalOperatingExpense": 6476.5
      },
      {
        "benefitsClaimsLossAdjustment": 5791.6,
        "deferredPolicyAcquisitionExpense": 567.7,
        "dilutedAverageSharesOutstanding": 585.7,
        "dilutedEPS": 0.98,
        "ebit": 728.1,
        "grossPremiumsEarned": 6978.5,
        "interestExpense": 35.5,
        "interestIncomeExpense": -35.5,
        "minorityInterest": -4,
        "netIncome": 576.3,
        "netIncomeAfterTaxes": 480.8,
        "nonRecurringItems": -1.2,
        "otherOperatingExpensesTotal": 27.7,
        "period": "2017-12-31",
        "pretaxIncome": 691.4,
        "provisionforIncomeTaxes": 210.6,
        "revenue": 7115.1,
        "totalOperatingExpense": 6387
      },
      {
        "benefitsClaimsLossAdjustment": 5928.2,
        "deferredPolicyAcquisitionExpense": 540.1,
        "dilutedAverageSharesOutstanding": 585.6,
        "dilutedEPS": 0.38,
        "ebit": 288.8,
        "grossPremiumsEarned": 6673.6,
        "interestExpense": 37.4,
        "interestIncomeExpense": -37.4,
        "minorityInterest": 9.2,
        "netIncome": 224,
        "netIncomeAfterTaxes": 214.8,
        "nonRecurringItems": 0,
        "otherOperatingExpensesTotal": 28.9,
        "period": "2017-09-30",
        "pretaxIncome": 251.4,
        "provisionforIncomeTaxes": 36.6,
        "revenue": 6786,
        "totalOperatingExpense": 6497.2
      },
      {
        "benefitsClaimsLossAdjustment": 5459.9,
        "deferredPolicyAcquisitionExpense": 514.2,
        "dilutedAverageSharesOutstanding": 583.8,
        "dilutedEPS": 0.63,
        "ebit": 598,
        "grossPremiumsEarned": 6434.8,
        "interestExpense": 43.4,
        "interestIncomeExpense": -43.4,
        "minorityInterest": -5.1,
        "netIncome": 367.6,
        "netIncomeAfterTaxes": 372.7,
        "nonRecurringItems": 0,
        "otherOperatingExpensesTotal": 27,
        "period": "2017-06-30",
        "pretaxIncome": 554.6,
        "provisionforIncomeTaxes": 181.9,
        "revenue": 6599.1,
        "totalOperatingExpense": 6001.1
      },
      {
        "benefitsClaimsLossAdjustment": 5109,
        "deferredPolicyAcquisitionExpense": 502.9,
        "dilutedAverageSharesOutstanding": 583.3,
        "dilutedEPS": 0.73,
        "ebit": 678.1,
        "grossPremiumsEarned": 6140.4,
        "interestExpense": 36.8,
        "interestIncomeExpense": -36.8,
        "minorityInterest": -6,
        "netIncome": 424.3,
        "netIncomeAfterTaxes": 430.3,
        "nonRecurringItems": 0.2,
        "otherOperatingExpensesTotal": 25.9,
        "period": "2017-03-31",
        "pretaxIncome": 641.5,
        "provisionforIncomeTaxes": 211.2,
        "revenue": 6315.9,
        "totalOperatingExpense": 5637.8
      },
      {
        "benefitsClaimsLossAdjustment": 5034.8,
        "deferredPolicyAcquisitionExpense": 489.2,
        "dilutedAverageSharesOutstanding": 583.2,
        "dilutedEPS": 0.66,
        "ebit": 574.6,
        "grossPremiumsEarned": 5981.3,
        "interestExpense": 37.1,
        "interestIncomeExpense": -37.1,
        "minorityInterest": -14.9,
        "netIncome": 383.2,
        "netIncomeAfterTaxes": 398.1,
        "nonRecurringItems": 0,
        "otherOperatingExpensesTotal": 23.5,
        "period": "2016-12-31",
        "pretaxIncome": 537.5,
        "provisionforIncomeTaxes": 139.4,
        "revenue": 6122.1,
        "totalOperatingExpense": 5547.5
      },
      {
        "benefitsClaimsLossAdjustment": 5137.8,
        "deferredPolicyAcquisitionExpense": 475.4,
        "dilutedAverageSharesOutstanding": 584.6,
        "dilutedEPS": 0.34,
        "ebit": 293.8,
        "grossPremiumsEarned": 5836.4,
        "interestExpense": 35.3,
        "interestIncomeExpense": -35.3,
        "minorityInterest": -6.8,
        "netIncome": 198.7,
        "netIncomeAfterTaxes": 205.5,
        "nonRecurringItems": 0,
        "otherOperatingExpensesTotal": 23.2,
        "period": "2016-09-30",
        "pretaxIncome": 258.5,
        "provisionforIncomeTaxes": 53,
        "revenue": 5930.2,
        "totalOperatingExpense": 5636.4
      },
      {
        "benefitsClaimsLossAdjustment": 5009.8,
        "deferredPolicyAcquisitionExpense": 458.9,
        "dilutedAverageSharesOutstanding": 585.1,
        "dilutedEPS": 0.33,
        "ebit": 320,
        "grossPremiumsEarned": 5670.8,
        "interestExpense": 34.3,
        "interestIncomeExpense": -34.3,
        "minorityInterest": -4,
        "netIncome": 190.9,
        "netIncomeAfterTaxes": 194.9,
        "nonRecurringItems": 1.6,
        "otherOperatingExpensesTotal": 23.7,
        "period": "2016-06-30",
        "pretaxIncome": 287.3,
        "provisionforIncomeTaxes": 92.4,
        "revenue": 5812.4,
        "totalOperatingExpense": 5492.4
      },
      {
        "benefitsClaimsLossAdjustment": 4669.2,
        "deferredPolicyAcquisitionExpense": 440.3,
        "dilutedAverageSharesOutstanding": 585.5,
        "dilutedEPS": 0.44,
        "ebit": 421.6,
        "grossPremiumsEarned": 5421.3,
        "interestExpense": 34.2,
        "interestIncomeExpense": -34.2,
        "minorityInterest": -0.5,
        "netIncome": 258.2,
        "netIncomeAfterTaxes": 258.7,
        "otherOperatingExpensesTotal": 21.6,
        "period": "2016-03-31",
        "pretaxIncome": 387.4,
        "provisionforIncomeTaxes": 128.7,
        "revenue": 5552.7,
        "totalOperatingExpense": 5131.1
      },
      {
        "benefitsClaimsLossAdjustment": 4393.7,
        "deferredPolicyAcquisitionExpense": 431.9,
        "dilutedAverageSharesOutstanding": 587.4,
        "dilutedEPS": 0.56,
        "ebit": 548.2,
        "grossPremiumsEarned": 5263.2,
        "interestExpense": 34.1,
        "interestIncomeExpense": -34.1,
        "minorityInterest": -19.5,
        "netIncome": 330.4,
        "netIncomeAfterTaxes": 349.9,
        "nonRecurringItems": 0,
        "otherOperatingExpensesTotal": 20.7,
        "period": "2015-12-31",
        "pretaxIncome": 514.1,
        "provisionforIncomeTaxes": 164.2,
        "revenue": 5394.5,
        "totalOperatingExpense": 4846.3
      },
      {
        "benefitsClaimsLossAdjustment": 4361.8,
        "deferredPolicyAcquisitionExpense": 423.2,
        "dilutedAverageSharesOutstanding": 589.1,
        "dilutedEPS": 0.47,
        "ebit": 464.4,
        "grossPremiumsEarned": 5173,
        "interestExpense": 34.5,
        "interestIncomeExpense": -34.5,
        "minorityInterest": -8.2,
        "netIncome": 278.3,
        "netIncomeAfterTaxes": 286.5,
        "nonRecurringItems": -0.9,
        "otherOperatingExpensesTotal": 20.4,
        "period": "2015-09-30",
        "pretaxIncome": 429,
        "provisionforIncomeTaxes": 142.5,
        "revenue": 5269.8,
        "totalOperatingExpense": 4805.4
      }
    ],
    "symbol": "PGR"
  }
}