{
  "symbol": "EXPD",
  "statement": "ic",
  "frequency": "quarterly",
  "timestamp": "2025-09-19T14:00:13.858627",
  "data": {
    "financials": [
      {
        "costOfGoodsSold": 1753.357,
        "depreciationAmortization": 13.847,
        "dilutedAverageSharesOutstanding": 136.631,
        "dilutedEPS": 1.3436,
        "ebit": 247.736,
        "grossIncome": 898.528,
        "interestIncomeExpense": 9.183,
        "minorityInterest": -0.345,
        "netIncome": 183.574,
        "netIncomeAfterTaxes": 183.919,
        "otherOperatingExpensesTotal": 89.94,
        "period": "2025-06-30",
        "pretaxIncome": 257.969,
        "provisionforIncomeTaxes": 74.05,
        "revenue": 2651.885,
        "sgaExpense": 547.005,
        "totalOperatingExpense": 650.792,
        "totalOtherIncomeExpenseNet": 1.05
      },
      {
        "costOfGoodsSold": 1776.675,
        "depreciationAmortization": 14.604,
        "dilutedAverageSharesOutstanding": 138.435,
        "dilutedEPS": 1.4721,
        "ebit": 265.858,
        "grossIncome": 889.744,
        "interestIncomeExpense": 9.184,
        "minorityInterest": -0.304,
        "netIncome": 203.795,
        "netIncomeAfterTaxes": 204.099,
        "otherOperatingExpensesTotal": 78.428,
        "period": "2025-03-31",
        "pretaxIncome": 275.881,
        "provisionforIncomeTaxes": 71.782,
        "revenue": 2666.419,
        "sgaExpense": 530.854,
        "totalOperatingExpense": 623.886,
        "totalOtherIncomeExpenseNet": 0.839
      },
      {
        "costOfGoodsSold": 2020.066,
        "depreciationAmortization": 15.176,
        "dilutedAverageSharesOutstanding": 140.024,
        "dilutedEPS": 1.6846,
        "ebit": 301.104,
        "grossIncome": 934.639,
        "interestIncomeExpense": 10.007,
        "minorityInterest": -0.278,
        "netIncome": 235.878,
        "netIncomeAfterTaxes": 236.156,
        "otherOperatingExpensesTotal": 75.501,
        "period": "2024-12-31",
        "pretaxIncome": 313.283,
        "provisionforIncomeTaxes": 77.127,
        "revenue": 2954.705,
        "sgaExpense": 542.858,
        "totalOperatingExpense": 633.535,
        "totalOtherIncomeExpenseNet": 2.172
      },
      {
        "costOfGoodsSold": 2093.964,
        "depreciationAmortization": 15.774,
        "dilutedAverageSharesOutstanding": 141.027,
        "dilutedEPS": 1.6279,
        "ebit": 301.524,
        "grossIncome": 906.167,
        "interestIncomeExpense": 9.917,
        "minorityInterest": -0.352,
        "netIncome": 229.574,
        "netIncomeAfterTaxes": 229.926,
        "otherOperatingExpensesTotal": 69.948,
        "period": "2024-09-30",
        "pretaxIncome": 312.414,
        "provisionforIncomeTaxes": 82.488,
        "revenue": 3000.131,
        "sgaExpense": 518.921,
        "totalOperatingExpense": 604.643,
        "totalOtherIncomeExpenseNet": 0.973
      },
      {
        "costOfGoodsSold": 1639.408,
        "depreciationAmortization": 14.979,
        "dilutedAverageSharesOutstanding": 141.716,
        "dilutedEPS": 1.2382,
        "ebit": 223.919,
        "grossIncome": 799.593,
        "interestIncomeExpense": 11.904,
        "minorityInterest": 0.318,
        "netIncome": 175.469,
        "netIncomeAfterTaxes": 175.151,
        "otherOperatingExpensesTotal": 66.669,
        "period": "2024-06-30",
        "pretaxIncome": 235.921,
        "provisionforIncomeTaxes": 60.77,
        "revenue": 2439.001,
        "sgaExpense": 494.026,
        "totalOperatingExpense": 575.674,
        "totalOtherIncomeExpenseNet": 0.098
      },
      {
        "costOfGoodsSold": 1433.28,
        "depreciationAmortization": 15.161,
        "dilutedAverageSharesOutstanding": 144.125,
        "dilutedEPS": 1.1737,
        "ebit": 214.776,
        "grossIncome": 773.398,
        "interestIncomeExpense": 14.878,
        "minorityInterest": -1.248,
        "netIncome": 169.152,
        "netIncomeAfterTaxes": 170.4,
        "otherOperatingExpensesTotal": 62.268,
        "period": "2024-03-31",
        "pretaxIncome": 233.182,
        "provisionforIncomeTaxes": 62.782,
        "revenue": 2206.678,
        "sgaExpense": 481.193,
        "totalOperatingExpense": 558.622,
        "totalOtherIncomeExpenseNet": 3.528
      },
      {
        "costOfGoodsSold": 1513.604,
        "depreciationAmortization": 21.386,
        "dilutedAverageSharesOutstanding": 145.887,
        "dilutedEPS": 1.088,
        "ebit": 199.398,
        "grossIncome": 764.164,
        "interestExpense": 0.159,
        "interestIncomeExpense": 16.569,
        "minorityInterest": -0.426,
        "netIncome": 158.719,
        "netIncomeAfterTaxes": 159.145,
        "otherOperatingExpensesTotal": 66.575,
        "period": "2023-12-31",
        "pretaxIncome": 216.376,
        "provisionforIncomeTaxes": 57.231,
        "revenue": 2277.768,
        "sgaExpense": 476.805,
        "totalOperatingExpense": 564.766,
        "totalOtherIncomeExpenseNet": 0.409
      },
      {
        "costOfGoodsSold": 1402.1,
        "depreciationAmortization": 15.6,
        "dilutedAverageSharesOutstanding": 148,
        "dilutedEPS": 1.16,
        "ebit": 216.1,
        "grossIncome": 787.9,
        "interestExpense": 1.601,
        "interestIncomeExpense": 15.6,
        "minorityInterest": 0.5,
        "netIncome": 171.4,
        "netIncomeAfterTaxes": 170.8,
        "otherOperatingExpensesTotal": 79.2,
        "period": "2023-09-30",
        "pretaxIncome": 231.9,
        "provisionforIncomeTaxes": 61,
        "revenue": 2190,
        "sgaExpense": 477,
        "totalOperatingExpense": 571.8,
        "totalOtherIncomeExpenseNet": 0.3
      },
      {
        "costOfGoodsSold": 1419.2,
        "depreciationAmortization": 15.5,
        "dilutedAverageSharesOutstanding": 151.6,
        "dilutedEPS": 1.3,
        "ebit": 248.5,
        "grossIncome": 820.6,
        "interestExpense": 0.395,
        "interestIncomeExpense": 17.4,
        "minorityInterest": 1,
        "netIncome": 196.8,
        "netIncomeAfterTaxes": 195.8,
        "otherOperatingExpensesTotal": 63.5,
        "period": "2023-06-30",
        "pretaxIncome": 266.2,
        "provisionforIncomeTaxes": 70.4,
        "revenue": 2239.8,
        "sgaExpense": 493.1,
        "totalOperatingExpense": 572.1,
        "totalOtherIncomeExpenseNet": 0.3
      },
      {
        "costOfGoodsSold": 1719.1,
        "depreciationAmortization": 15.3,
        "dilutedAverageSharesOutstanding": 155.5,
        "dilutedEPS": 1.45,
        "ebit": 276,
        "grossIncome": 873.5,
        "interestExpense": 2.645,
        "interestIncomeExpense": 16.1,
        "minorityInterest": 0,
        "netIncome": 226,
        "netIncomeAfterTaxes": 226,
        "otherOperatingExpensesTotal": 68.4,
        "period": "2023-03-31",
        "pretaxIncome": 300.6,
        "provisionforIncomeTaxes": 74.6,
        "revenue": 2592.6,
        "sgaExpense": 513.9,
        "totalOperatingExpense": 597.5,
        "totalOtherIncomeExpenseNet": 8.5
      },
      {
        "costOfGoodsSold": 2425.6,
        "depreciationAmortization": 14.9,
        "dilutedAverageSharesOutstanding": 158.5,
        "dilutedEPS": 1.38,
        "ebit": 329.7,
        "grossIncome": 1016,
        "interestExpense": 23.277,
        "interestIncomeExpense": -10.2,
        "minorityInterest": 4.5,
        "netIncome": 219.3,
        "netIncomeAfterTaxes": 214.7,
        "otherOperatingExpensesTotal": 99,
        "period": "2022-12-31",
        "pretaxIncome": 321,
        "provisionforIncomeTaxes": 106.3,
        "revenue": 3441.5,
        "sgaExpense": 572.3,
        "totalOperatingExpense": 686.2,
        "totalOtherIncomeExpenseNet": 1.5
      },
      {
        "costOfGoodsSold": 3194.3,
        "depreciationAmortization": 15.2,
        "dilutedAverageSharesOutstanding": 163.3,
        "dilutedEPS": 2.54,
        "ebit": 526.9,
        "grossIncome": 1167.9,
        "interestIncomeExpense": 7.8,
        "minorityInterest": 0,
        "netIncome": 414.2,
        "netIncomeAfterTaxes": 414.2,
        "otherOperatingExpensesTotal": 67.5,
        "period": "2022-09-30",
        "pretaxIncome": 534.9,
        "provisionforIncomeTaxes": 120.7,
        "revenue": 4362.1,
        "sgaExpense": 558.3,
        "totalOperatingExpense": 640.9,
        "totalOtherIncomeExpenseNet": 0.1
      },
      {
        "costOfGoodsSold": 3440.9,
        "depreciationAmortization": 14.3,
        "dilutedAverageSharesOutstanding": 166.5,
        "dilutedEPS": 2.27,
        "ebit": 506,
        "grossIncome": 1162.4,
        "interestIncomeExpense": 2.7,
        "minorityInterest": -4.4,
        "netIncome": 377.8,
        "netIncomeAfterTaxes": 382.2,
        "otherOperatingExpensesTotal": 76.4,
        "period": "2022-06-30",
        "pretaxIncome": 508.8,
        "provisionforIncomeTaxes": 126.6,
        "revenue": 4603.3,
        "sgaExpense": 565.7,
        "totalOperatingExpense": 656.4,
        "totalOtherIncomeExpenseNet": 0.1
      },
      {
        "costOfGoodsSold": 3516.1,
        "depreciationAmortization": 13,
        "dilutedAverageSharesOutstanding": 169.2,
        "dilutedEPS": 2.05,
        "ebit": 461.8,
        "grossIncome": 1148.2,
        "interestIncomeExpense": 1.9,
        "minorityInterest": -3.4,
        "netIncome": 346.1,
        "netIncomeAfterTaxes": 349.5,
        "otherOperatingExpensesTotal": 79.5,
        "period": "2022-03-31",
        "pretaxIncome": 471.2,
        "provisionforIncomeTaxes": 121.7,
        "revenue": 4664.3,
        "sgaExpense": 593.9,
        "totalOperatingExpense": 686.4,
        "totalOtherIncomeExpenseNet": 7.5
      },
      {
        "costOfGoodsSold": 4026.7,
        "depreciationAmortization": 12.9,
        "dilutedAverageSharesOutstanding": 170.4,
        "dilutedEPS": 2.66,
        "ebit": 623.5,
        "grossIncome": 1369.6,
        "interestIncomeExpense": 2.2,
        "minorityInterest": -1.2,
        "netIncome": 452.8,
        "netIncomeAfterTaxes": 454,
        "otherOperatingExpensesTotal": 69.3,
        "period": "2021-12-31",
        "pretaxIncome": 625.8,
        "provisionforIncomeTaxes": 171.8,
        "revenue": 5396.3,
        "sgaExpense": 663.9,
        "totalOperatingExpense": 746.1,
        "totalOtherIncomeExpenseNet": 0.1
      },
      {
        "costOfGoodsSold": 3185.5,
        "depreciationAmortization": 12.8,
        "dilutedAverageSharesOutstanding": 171.6,
        "dilutedEPS": 2.09,
        "ebit": 489.6,
        "grossIncome": 1133.8,
        "interestIncomeExpense": 2.5,
        "minorityInterest": -0.8,
        "netIncome": 359.1,
        "netIncomeAfterTaxes": 359.9,
        "otherOperatingExpensesTotal": 60.8,
        "period": "2021-09-30",
        "pretaxIncome": 492.8,
        "provisionforIncomeTaxes": 132.9,
        "revenue": 4319.3,
        "sgaExpense": 570.6,
        "totalOperatingExpense": 644.1,
        "totalOtherIncomeExpenseNet": 0.7
      },
      {
        "costOfGoodsSold": 2598.6,
        "depreciationAmortization": 12.7,
        "dilutedAverageSharesOutstanding": 171.7,
        "dilutedEPS": 1.84,
        "ebit": 410.6,
        "grossIncome": 1010.5,
        "interestIncomeExpense": 2.2,
        "minorityInterest": -0.6,
        "netIncome": 316.4,
        "netIncomeAfterTaxes": 317,
        "otherOperatingExpensesTotal": 57.4,
        "period": "2021-06-30",
        "pretaxIncome": 415.5,
        "provisionforIncomeTaxes": 98.5,
        "revenue": 3609.1,
        "sgaExpense": 529.7,
        "totalOperatingExpense": 599.8,
        "totalOtherIncomeExpenseNet": 2.6
      },
      {
        "costOfGoodsSold": 2247.3,
        "depreciationAmortization": 13,
        "dilutedAverageSharesOutstanding": 171.7,
        "dilutedEPS": 1.67,
        "ebit": 385.5,
        "grossIncome": 951.5,
        "interestIncomeExpense": 1.9,
        "minorityInterest": -0.7,
        "netIncome": 287.2,
        "netIncomeAfterTaxes": 288,
        "otherOperatingExpensesTotal": 52.6,
        "period": "2021-03-31",
        "pretaxIncome": 390.5,
        "provisionforIncomeTaxes": 102.5,
        "revenue": 3198.8,
        "sgaExpense": 500.5,
        "totalOperatingExpense": 566,
        "totalOtherIncomeExpenseNet": 3
      },
      {
        "costOfGoodsSold": 2152.3,
        "depreciationAmortization": 14.3,
        "dilutedAverageSharesOutstanding": 172,
        "dilutedEPS": 1.15,
        "ebit": 281.8,
        "grossIncome": 828.6,
        "interestIncomeExpense": 1.5,
        "minorityInterest": -0.9,
        "netIncome": 198.6,
        "netIncomeAfterTaxes": 199.5,
        "otherOperatingExpensesTotal": 57.5,
        "period": "2020-12-31",
        "pretaxIncome": 283.9,
        "provisionforIncomeTaxes": 84.4,
        "revenue": 2980.8,
        "sgaExpense": 475,
        "totalOperatingExpense": 546.7,
        "totalOtherIncomeExpenseNet": 0.6
      },
      {
        "costOfGoodsSold": 1614.3,
        "depreciationAmortization": 15.9,
        "dilutedAverageSharesOutstanding": 170.7,
        "dilutedEPS": 1.12,
        "ebit": 251.9,
        "grossIncome": 734.4,
        "interestIncomeExpense": 1.5,
        "minorityInterest": -0.4,
        "netIncome": 191.3,
        "netIncomeAfterTaxes": 191.7,
        "otherOperatingExpensesTotal": 47.5,
        "period": "2020-09-30",
        "pretaxIncome": 254.4,
        "provisionforIncomeTaxes": 62.7,
        "revenue": 2348.7,
        "sgaExpense": 419,
        "totalOperatingExpense": 482.5,
        "totalOtherIncomeExpenseNet": 1
      },
      {
        "costOfGoodsSold": 1661.5,
        "depreciationAmortization": 14.1,
        "dilutedAverageSharesOutstanding": 169.3,
        "dilutedEPS": 1.09,
        "ebit": 247.6,
        "grossIncome": 749.6,
        "interestIncomeExpense": 2.6,
        "minorityInterest": -0.3,
        "netIncome": 183.9,
        "netIncomeAfterTaxes": 184.2,
        "otherOperatingExpensesTotal": 48.3,
        "period": "2020-06-30",
        "pretaxIncome": 251,
        "provisionforIncomeTaxes": 66.8,
        "revenue": 2411.1,
        "sgaExpense": 439.6,
        "totalOperatingExpense": 502,
        "totalOtherIncomeExpenseNet": 0.8
      },
      {
        "costOfGoodsSold": 1228.6,
        "depreciationAmortization": 12.7,
        "dilutedAverageSharesOutstanding": 169.8,
        "dilutedEPS": 0.72,
        "ebit": 159.1,
        "grossIncome": 615.1,
        "interestIncomeExpense": 4.8,
        "minorityInterest": -0.4,
        "netIncome": 122.3,
        "netIncomeAfterTaxes": 122.8,
        "otherOperatingExpensesTotal": 50.6,
        "period": "2020-03-31",
        "pretaxIncome": 167.2,
        "provisionforIncomeTaxes": 44.5,
        "revenue": 1843.8,
        "sgaExpense": 392.8,
        "totalOperatingExpense": 456.1,
        "totalOtherIncomeExpenseNet": 3.4
      },
      {
        "costOfGoodsSold": 1165.6,
        "depreciationAmortization": 12.5,
        "dilutedAverageSharesOutstanding": 173.4,
        "dilutedEPS": 0.79,
        "ebit": 180.3,
        "grossIncome": 646.3,
        "interestIncomeExpense": 4.7,
        "minorityInterest": -0.4,
        "netIncome": 137.3,
        "netIncomeAfterTaxes": 137.7,
        "otherOperatingExpensesTotal": 47.8,
        "period": "2019-12-31",
        "pretaxIncome": 185.5,
        "provisionforIncomeTaxes": 47.7,
        "revenue": 1811.9,
        "sgaExpense": 405.6,
        "totalOperatingExpense": 466,
        "totalOtherIncomeExpenseNet": 0.5
      },
      {
        "costOfGoodsSold": 1400.5,
        "depreciationAmortization": 12.4,
        "dilutedAverageSharesOutstanding": 173.5,
        "dilutedEPS": 0.92,
        "ebit": 206.6,
        "grossIncome": 674.4,
        "interestIncomeExpense": 5.5,
        "minorityInterest": -0.4,
        "netIncome": 160.2,
        "netIncomeAfterTaxes": 160.6,
        "otherOperatingExpensesTotal": 47,
        "period": "2019-09-30",
        "pretaxIncome": 213.9,
        "provisionforIncomeTaxes": 53.3,
        "revenue": 2074.9,
        "sgaExpense": 408.5,
        "totalOperatingExpense": 467.8,
        "totalOtherIncomeExpenseNet": 1.9
      },
      {
        "costOfGoodsSold": 1373.9,
        "depreciationAmortization": 12.7,
        "dilutedAverageSharesOutstanding": 174.5,
        "dilutedEPS": 0.88,
        "ebit": 192.2,
        "grossIncome": 661.7,
        "interestIncomeExpense": 6.5,
        "minorityInterest": -0.4,
        "netIncome": 153.1,
        "netIncomeAfterTaxes": 153.5,
        "otherOperatingExpensesTotal": 47.9,
        "period": "2019-06-30",
        "pretaxIncome": 201,
        "provisionforIncomeTaxes": 47.4,
        "revenue": 2035.6,
        "sgaExpense": 408.9,
        "totalOperatingExpense": 469.5,
        "totalOtherIncomeExpenseNet": 2.3
      },
      {
        "costOfGoodsSold": 1365.9,
        "depreciationAmortization": 13.4,
        "dilutedAverageSharesOutstanding": 175.4,
        "dilutedEPS": 0.8,
        "ebit": 187.6,
        "grossIncome": 654.1,
        "interestIncomeExpense": 6.1,
        "minorityInterest": -0.4,
        "netIncome": 139.7,
        "netIncomeAfterTaxes": 140.1,
        "otherOperatingExpensesTotal": 43.6,
        "period": "2019-03-31",
        "pretaxIncome": 195.4,
        "provisionforIncomeTaxes": 55.3,
        "revenue": 2020.1,
        "sgaExpense": 409.5,
        "totalOperatingExpense": 466.6,
        "totalOtherIncomeExpenseNet": 1.7
      },
      {
        "costOfGoodsSold": 1554.9,
        "depreciationAmortization": 13.2,
        "dilutedAverageSharesOutstanding": 176,
        "dilutedEPS": 1.01,
        "ebit": 217,
        "grossIncome": 680.7,
        "interestIncomeExpense": 5,
        "minorityInterest": -0.4,
        "netIncome": 179.2,
        "netIncomeAfterTaxes": 196,
        "otherOperatingExpensesTotal": 47.1,
        "period": "2018-12-31",
        "pretaxIncome": 222.2,
        "provisionforIncomeTaxes": 26.3,
        "revenue": 2235.6,
        "sgaExpense": 403.4,
        "totalOperatingExpense": 463.7,
        "totalOtherIncomeExpenseNet": 0.3
      },
      {
        "costOfGoodsSold": 1429.6,
        "depreciationAmortization": 13.3,
        "dilutedAverageSharesOutstanding": 177.2,
        "dilutedEPS": 0.92,
        "ebit": 203.2,
        "grossIncome": 661.3,
        "interestIncomeExpense": 4.7,
        "minorityInterest": -0.4,
        "netIncome": 162.7,
        "netIncomeAfterTaxes": 163.9,
        "otherOperatingExpensesTotal": 44.4,
        "period": "2018-09-30",
        "pretaxIncome": 208.4,
        "provisionforIncomeTaxes": 44.6,
        "revenue": 2090.9,
        "sgaExpense": 400.4,
        "totalOperatingExpense": 458.2,
        "totalOtherIncomeExpenseNet": 0.6
      },
      {
        "costOfGoodsSold": 1315,
        "depreciationAmortization": 13.6,
        "dilutedAverageSharesOutstanding": 178.6,
        "dilutedEPS": 0.79,
        "ebit": 183.6,
        "grossIncome": 642.5,
        "interestIncomeExpense": 5.2,
        "minorityInterest": -0.3,
        "netIncome": 140.6,
        "netIncomeAfterTaxes": 140.9,
        "otherOperatingExpensesTotal": 45.6,
        "period": "2018-06-30",
        "pretaxIncome": 189.9,
        "provisionforIncomeTaxes": 49,
        "revenue": 1957.6,
        "sgaExpense": 399.8,
        "totalOperatingExpense": 459,
        "totalOtherIncomeExpenseNet": 1.2
      },
      {
        "costOfGoodsSold": 1218.4,
        "depreciationAmortization": 13.9,
        "dilutedAverageSharesOutstanding": 179.4,
        "dilutedEPS": 0.77,
        "ebit": 192.8,
        "grossIncome": 635.8,
        "interestIncomeExpense": 4.3,
        "minorityInterest": -0.5,
        "netIncome": 135.7,
        "netIncomeAfterTaxes": 138,
        "otherOperatingExpensesTotal": 41.3,
        "period": "2018-03-31",
        "pretaxIncome": 197.8,
        "provisionforIncomeTaxes": 59.8,
        "revenue": 1854.3,
        "sgaExpense": 387.8,
        "totalOperatingExpense": 443,
        "totalOtherIncomeExpenseNet": 0.6
      },
      {
        "costOfGoodsSold": 1272.6,
        "depreciationAmortization": 13.1,
        "dilutedAverageSharesOutstanding": 180.8,
        "dilutedEPS": 0.92,
        "ebit": 199,
        "grossIncome": 628.8,
        "interestIncomeExpense": 3.6,
        "minorityInterest": -0.5,
        "netIncome": 167,
        "netIncomeAfterTaxes": 128.2,
        "otherOperatingExpensesTotal": 36,
        "period": "2017-12-31",
        "pretaxIncome": 205.2,
        "provisionforIncomeTaxes": 77,
        "revenue": 1901.4,
        "sgaExpense": 380.7,
        "totalOperatingExpense": 429.8,
        "totalOtherIncomeExpenseNet": 2.5
      },
      {
        "costOfGoodsSold": 1203,
        "depreciationAmortization": 12.3,
        "dilutedAverageSharesOutstanding": 181.8,
        "dilutedEPS": 0.66,
        "ebit": 186.9,
        "grossIncome": 599.1,
        "interestIncomeExpense": 3.4,
        "minorityInterest": -0.3,
        "netIncome": 120.3,
        "netIncomeAfterTaxes": 120.6,
        "otherOperatingExpensesTotal": 39.8,
        "period": "2017-09-30",
        "pretaxIncome": 190.4,
        "provisionforIncomeTaxes": 69.8,
        "revenue": 1802.2,
        "sgaExpense": 360.2,
        "totalOperatingExpense": 412.3,
        "totalOtherIncomeExpenseNet": 0.1
      },
      {
        "costOfGoodsSold": 1108.6,
        "depreciationAmortization": 12,
        "dilutedAverageSharesOutstanding": 182,
        "dilutedEPS": 0.6,
        "ebit": 168.2,
        "grossIncome": 563.6,
        "interestIncomeExpense": 3.4,
        "minorityInterest": 0.1,
        "netIncome": 108.9,
        "netIncomeAfterTaxes": 108.8,
        "otherOperatingExpensesTotal": 24.7,
        "period": "2017-06-30",
        "pretaxIncome": 173.8,
        "provisionforIncomeTaxes": 65.1,
        "revenue": 1672.3,
        "sgaExpense": 358.6,
        "totalOperatingExpense": 395.4,
        "totalOtherIncomeExpenseNet": 2.2
      },
      {
        "costOfGoodsSold": 1017.5,
        "depreciationAmortization": 11.9,
        "dilutedAverageSharesOutstanding": 182.1,
        "dilutedEPS": 0.51,
        "ebit": 146.1,
        "grossIncome": 527.6,
        "interestIncomeExpense": 2.7,
        "minorityInterest": -0.3,
        "netIncome": 93.3,
        "netIncomeAfterTaxes": 93.6,
        "otherOperatingExpensesTotal": 37.9,
        "period": "2017-03-31",
        "pretaxIncome": 149.2,
        "provisionforIncomeTaxes": 55.6,
        "revenue": 1545.1,
        "sgaExpense": 331.6,
        "totalOperatingExpense": 381.5,
        "totalOtherIncomeExpenseNet": 0.3
      },
      {
        "costOfGoodsSold": 1093.4,
        "depreciationAmortization": 11.9,
        "dilutedAverageSharesOutstanding": 181.9,
        "dilutedEPS": 0.61,
        "ebit": 172.2,
        "grossIncome": 548.6,
        "interestIncomeExpense": 3,
        "minorityInterest": -0.5,
        "netIncome": 110.6,
        "netIncomeAfterTaxes": 111.1,
        "otherOperatingExpensesTotal": 35.2,
        "period": "2016-12-31",
        "pretaxIncome": 176.9,
        "provisionforIncomeTaxes": 65.8,
        "revenue": 1642,
        "sgaExpense": 329.3,
        "totalOperatingExpense": 376.4,
        "totalOtherIncomeExpenseNet": 1.7
      },
      {
        "costOfGoodsSold": 1017.1,
        "depreciationAmortization": 11.9,
        "dilutedAverageSharesOutstanding": 182.7,
        "dilutedEPS": 0.59,
        "ebit": 167.3,
        "grossIncome": 545.3,
        "interestIncomeExpense": 2.9,
        "minorityInterest": -0.4,
        "netIncome": 107.6,
        "netIncomeAfterTaxes": 107.9,
        "otherOperatingExpensesTotal": 37.7,
        "period": "2016-09-30",
        "pretaxIncome": 171.1,
        "provisionforIncomeTaxes": 63.2,
        "revenue": 1562.4,
        "sgaExpense": 328.4,
        "totalOperatingExpense": 378,
        "totalOtherIncomeExpenseNet": 0.9
      },
      {
        "costOfGoodsSold": 922,
        "depreciationAmortization": 11.6,
        "dilutedAverageSharesOutstanding": 183.1,
        "dilutedEPS": 0.63,
        "ebit": 178.9,
        "grossIncome": 553.1,
        "interestIncomeExpense": 2.9,
        "minorityInterest": -0.4,
        "netIncome": 116.1,
        "netIncomeAfterTaxes": 116.4,
        "otherOperatingExpensesTotal": 31.7,
        "period": "2016-06-30",
        "pretaxIncome": 183.4,
        "provisionforIncomeTaxes": 66.9,
        "revenue": 1475.2,
        "sgaExpense": 330.9,
        "totalOperatingExpense": 374.3,
        "totalOtherIncomeExpenseNet": 1.6
      },
      {
        "costOfGoodsSold": 901.4,
        "depreciationAmortization": 11.3,
        "dilutedAverageSharesOutstanding": 183,
        "dilutedEPS": 0.53,
        "ebit": 151.8,
        "grossIncome": 517.1,
        "interestIncomeExpense": 2.8,
        "minorityInterest": -0.5,
        "netIncome": 96.6,
        "netIncomeAfterTaxes": 97,
        "otherOperatingExpensesTotal": 34.3,
        "period": "2016-03-31",
        "pretaxIncome": 155.5,
        "provisionforIncomeTaxes": 58.4,
        "revenue": 1418.5,
        "sgaExpense": 319.6,
        "totalOperatingExpense": 365.2,
        "totalOtherIncomeExpenseNet": 0.9
      },
      {
        "costOfGoodsSold": 1060.1,
        "depreciationAmortization": 11.6,
        "dilutedAverageSharesOutstanding": 186.5,
        "dilutedEPS": 0.61,
        "ebit": 178,
        "grossIncome": 536.2,
        "interestIncomeExpense": 2.4,
        "minorityInterest": -0.7,
        "netIncome": 114.4,
        "netIncomeAfterTaxes": 115.1,
        "otherOperatingExpensesTotal": 26.4,
        "period": "2015-12-31",
        "pretaxIncome": 184.4,
        "provisionforIncomeTaxes": 69.3,
        "revenue": 1596.2,
        "sgaExpense": 320.2,
        "totalOperatingExpense": 358.1,
        "totalOtherIncomeExpenseNet": 4
      },
      {
        "costOfGoodsSold": 1081.4,
        "depreciationAmortization": 11.5,
        "dilutedAverageSharesOutstanding": 189.6,
        "dilutedEPS": 0.62,
        "ebit": 191.9,
        "grossIncome": 570,
        "interestIncomeExpense": 2.7,
        "minorityInterest": -0.4,
        "netIncome": 118.3,
        "netIncomeAfterTaxes": 118.7,
        "otherOperatingExpensesTotal": 34.9,
        "period": "2015-09-30",
        "pretaxIncome": 191.5,
        "provisionforIncomeTaxes": 72.7,
        "revenue": 1651.3,
        "sgaExpense": 331.7,
        "totalOperatingExpense": 378,
        "totalOtherIncomeExpenseNet": -3.1
      }
    ],
    "symbol": "EXPD"
  }
}