{
  "symbol": "MPC",
  "statement": "ic",
  "frequency": "quarterly",
  "timestamp": "2025-09-19T14:03:28.514882",
  "data": {
    "financials": [
      {
        "costOfGoodsSold": 30025,
        "depreciationAmortization": 789,
        "dilutedAverageSharesOutstanding": 307,
        "dilutedEPS": 3.9577,
        "ebit": 2191,
        "grossIncome": 4070,
        "interestExpense": 337,
        "interestIncomeExpense": -306,
        "minorityInterest": -394,
        "netIncome": 1215,
        "netIncomeAfterTaxes": 1610,
        "nonRecurringItems": 6,
        "period": "2025-06-30",
        "pretaxIncome": 1878,
        "provisionforIncomeTaxes": 268,
        "revenue": 34095,
        "sgaExpense": 1090,
        "totalOperatingExpense": 1879,
        "totalOtherIncomeExpenseNet": -13
      },
      {
        "costOfGoodsSold": 29360,
        "depreciationAmortization": 793,
        "dilutedAverageSharesOutstanding": 313,
        "dilutedEPS": -0.2364,
        "ebit": 687,
        "grossIncome": 2490,
        "interestExpense": 334,
        "interestIncomeExpense": -288,
        "minorityInterest": -420,
        "netIncome": -74,
        "netIncomeAfterTaxes": 346,
        "nonRecurringItems": 0,
        "period": "2025-03-31",
        "pretaxIncome": 383,
        "provisionforIncomeTaxes": 37,
        "revenue": 31850,
        "sgaExpense": 1010,
        "totalOperatingExpense": 1803,
        "totalOtherIncomeExpenseNet": -16
      },
      {
        "costOfGoodsSold": 30558,
        "depreciationAmortization": 826,
        "dilutedAverageSharesOutstanding": 320,
        "dilutedEPS": 1.1563,
        "ebit": 1130,
        "grossIncome": 2897,
        "interestExpense": 314,
        "interestIncomeExpense": -245,
        "minorityInterest": -414,
        "netIncome": 370,
        "netIncomeAfterTaxes": 785,
        "nonRecurringItems": 11,
        "period": "2024-12-31",
        "pretaxIncome": 896,
        "provisionforIncomeTaxes": 111,
        "revenue": 33455,
        "sgaExpense": 941,
        "totalOperatingExpense": 1767,
        "totalOtherIncomeExpenseNet": 0
      },
      {
        "costOfGoodsSold": 32144,
        "depreciationAmortization": 846,
        "dilutedAverageSharesOutstanding": 332,
        "dilutedEPS": 1.8735,
        "ebit": 1351,
        "grossIncome": 3231,
        "interestExpense": 337,
        "interestIncomeExpense": -215,
        "minorityInterest": -393,
        "netIncome": 622,
        "netIncomeAfterTaxes": 1015,
        "nonRecurringItems": -2,
        "period": "2024-09-30",
        "pretaxIncome": 1128,
        "provisionforIncomeTaxes": 113,
        "revenue": 35375,
        "sgaExpense": 1034,
        "totalOperatingExpense": 1880,
        "totalOtherIncomeExpenseNet": -6
      },
      {
        "costOfGoodsSold": 33945,
        "depreciationAmortization": 838,
        "dilutedAverageSharesOutstanding": 350,
        "dilutedEPS": 4.3257,
        "ebit": 2523,
        "grossIncome": 4418,
        "interestExpense": 328,
        "interestIncomeExpense": -192,
        "minorityInterest": -440,
        "netIncome": 1514,
        "netIncomeAfterTaxes": 1955,
        "nonRecurringItems": -1,
        "period": "2024-06-30",
        "pretaxIncome": 2328,
        "provisionforIncomeTaxes": 373,
        "revenue": 38363,
        "sgaExpense": 1057,
        "totalOperatingExpense": 1895,
        "totalOtherIncomeExpenseNet": -2
      },
      {
        "costOfGoodsSold": 29593,
        "depreciationAmortization": 827,
        "dilutedAverageSharesOutstanding": 362,
        "dilutedEPS": 2.5856,
        "ebit": 1764,
        "grossIncome": 3598,
        "interestExpense": 329,
        "interestIncomeExpense": -189,
        "minorityInterest": -375,
        "netIncome": 936,
        "netIncomeAfterTaxes": 1312,
        "nonRecurringItems": 20,
        "period": "2024-03-31",
        "pretaxIncome": 1605,
        "provisionforIncomeTaxes": 293,
        "revenue": 33191,
        "sgaExpense": 1007,
        "totalOperatingExpense": 1834,
        "totalOtherIncomeExpenseNet": 10
      },
      {
        "costOfGoodsSold": 32582,
        "depreciationAmortization": 828,
        "dilutedAverageSharesOutstanding": 374,
        "dilutedEPS": 3.8743,
        "ebit": 2304,
        "grossIncome": 4150,
        "interestExpense": 318,
        "interestIncomeExpense": -127,
        "minorityInterest": -426,
        "netIncome": 1449,
        "netIncomeAfterTaxes": 1877,
        "nonRecurringItems": 91,
        "period": "2023-12-31",
        "pretaxIncome": 2284,
        "provisionforIncomeTaxes": 407,
        "revenue": 36732,
        "sgaExpense": 1018,
        "totalOperatingExpense": 1846,
        "totalOtherIncomeExpenseNet": 16
      },
      {
        "costOfGoodsSold": 34928,
        "depreciationAmortization": 845,
        "dilutedAverageSharesOutstanding": 396,
        "dilutedEPS": 8.28,
        "ebit": 4643,
        "grossIncome": 6545,
        "interestExpense": 320,
        "interestIncomeExpense": -138,
        "minorityInterest": -351,
        "netIncome": 3278,
        "netIncomeAfterTaxes": 3631,
        "nonRecurringItems": 110,
        "period": "2023-09-30",
        "pretaxIncome": 4635,
        "provisionforIncomeTaxes": 1004,
        "revenue": 41473,
        "sgaExpense": 1057,
        "totalOperatingExpense": 1902,
        "totalOtherIncomeExpenseNet": 20
      },
      {
        "costOfGoodsSold": 31762,
        "depreciationAmortization": 834,
        "dilutedAverageSharesOutstanding": 419,
        "dilutedEPS": 5.31,
        "ebit": 3292,
        "grossIncome": 5049,
        "interestExpense": 316,
        "interestIncomeExpense": -166,
        "minorityInterest": -354,
        "netIncome": 2225,
        "netIncomeAfterTaxes": 2580,
        "nonRecurringItems": 13,
        "period": "2023-06-30",
        "pretaxIncome": 3163,
        "provisionforIncomeTaxes": 583,
        "revenue": 36811,
        "sgaExpense": 923,
        "totalOperatingExpense": 1757,
        "totalOtherIncomeExpenseNet": 24
      },
      {
        "costOfGoodsSold": 29294,
        "depreciationAmortization": 800,
        "dilutedAverageSharesOutstanding": 447,
        "dilutedEPS": 6.09,
        "ebit": 4058,
        "grossIncome": 5780,
        "interestExpense": 311,
        "interestIncomeExpense": -162,
        "minorityInterest": -360,
        "netIncome": 2720,
        "netIncomeAfterTaxes": 3084,
        "nonRecurringItems": -6,
        "period": "2023-03-31",
        "pretaxIncome": 3907,
        "provisionforIncomeTaxes": 823,
        "revenue": 35074,
        "sgaExpense": 922,
        "totalOperatingExpense": 1722,
        "totalOtherIncomeExpenseNet": 17
      },
      {
        "costOfGoodsSold": 33575,
        "depreciationAmortization": 797,
        "dilutedAverageSharesOutstanding": 468,
        "dilutedEPS": 7.09,
        "ebit": 4750,
        "grossIncome": 6529,
        "interestExpense": 306,
        "interestIncomeExpense": -167,
        "minorityInterest": -320,
        "netIncome": 3319,
        "netIncomeAfterTaxes": 3569,
        "nonRecurringItems": -13,
        "period": "2022-12-31",
        "pretaxIncome": 4553,
        "provisionforIncomeTaxes": 984,
        "revenue": 40104,
        "sgaExpense": 982,
        "totalOperatingExpense": 1779,
        "totalOtherIncomeExpenseNet": -17
      },
      {
        "costOfGoodsSold": 38821,
        "depreciationAmortization": 794,
        "dilutedAverageSharesOutstanding": 494,
        "dilutedEPS": 9.06,
        "ebit": 5635,
        "grossIncome": 7365,
        "interestExpense": 303,
        "interestIncomeExpense": -244,
        "minorityInterest": -543,
        "netIncome": 4475,
        "netIncomeAfterTaxes": 5020,
        "nonRecurringItems": 1051,
        "period": "2022-09-30",
        "pretaxIncome": 6446,
        "provisionforIncomeTaxes": 1426,
        "revenue": 46186,
        "sgaExpense": 936,
        "totalOperatingExpense": 1730,
        "totalOtherIncomeExpenseNet": 4
      },
      {
        "costOfGoodsSold": 44207,
        "depreciationAmortization": 819,
        "dilutedAverageSharesOutstanding": 536,
        "dilutedEPS": 10.95,
        "ebit": 8289,
        "grossIncome": 9992,
        "interestExpense": 299,
        "interestIncomeExpense": -281,
        "minorityInterest": -344,
        "netIncome": 5870,
        "netIncomeAfterTaxes": 6217,
        "nonRecurringItems": 39,
        "period": "2022-06-30",
        "pretaxIncome": 8016,
        "provisionforIncomeTaxes": 1799,
        "revenue": 54199,
        "sgaExpense": 884,
        "totalOperatingExpense": 1703,
        "totalOtherIncomeExpenseNet": -31
      },
      {
        "costOfGoodsSold": 35068,
        "depreciationAmortization": 805,
        "dilutedAverageSharesOutstanding": 568,
        "dilutedEPS": 1.49,
        "ebit": 1734,
        "grossIncome": 3334,
        "interestExpense": 287,
        "interestIncomeExpense": -282,
        "minorityInterest": -327,
        "netIncome": 845,
        "netIncomeAfterTaxes": 1172,
        "nonRecurringItems": -18,
        "period": "2022-03-31",
        "pretaxIncome": 1454,
        "provisionforIncomeTaxes": 282,
        "revenue": 38402,
        "sgaExpense": 795,
        "totalOperatingExpense": 1600,
        "totalOtherIncomeExpenseNet": 20
      },
      {
        "costOfGoodsSold": 32184,
        "depreciationAmortization": 813,
        "dilutedAverageSharesOutstanding": 605,
        "dilutedEPS": 1.28,
        "ebit": 1760,
        "grossIncome": 3406,
        "interestExpense": 302,
        "interestIncomeExpense": -296,
        "minorityInterest": -331,
        "netIncome": 772,
        "netIncomeAfterTaxes": 1105,
        "nonRecurringItems": -115,
        "period": "2021-12-31",
        "pretaxIncome": 1348,
        "provisionforIncomeTaxes": 243,
        "revenue": 35590,
        "sgaExpense": 833,
        "totalOperatingExpense": 1646,
        "totalOtherIncomeExpenseNet": -1
      },
      {
        "costOfGoodsSold": 29563,
        "depreciationAmortization": 823,
        "dilutedAverageSharesOutstanding": 637,
        "dilutedEPS": 1.09,
        "ebit": 1353,
        "grossIncome": 3050,
        "interestExpense": 313,
        "interestIncomeExpense": -308,
        "minorityInterest": -336,
        "netIncome": 694,
        "netIncomeAfterTaxes": 1030,
        "nonRecurringItems": -13,
        "period": "2021-09-30",
        "pretaxIncome": 1012,
        "provisionforIncomeTaxes": -18,
        "revenue": 32613,
        "sgaExpense": 874,
        "totalOperatingExpense": 1697,
        "totalOtherIncomeExpenseNet": -20
      },
      {
        "costOfGoodsSold": 27177,
        "depreciationAmortization": 828,
        "dilutedAverageSharesOutstanding": 654,
        "dilutedEPS": 13.01,
        "ebit": 1008,
        "grossIncome": 2650,
        "interestExpense": 318,
        "interestIncomeExpense": -316,
        "minorityInterest": -290,
        "netIncome": 8512,
        "netIncomeAfterTaxes": 588,
        "nonRecurringItems": -43,
        "period": "2021-06-30",
        "pretaxIncome": 593,
        "provisionforIncomeTaxes": 5,
        "revenue": 29827,
        "sgaExpense": 814,
        "totalOperatingExpense": 1642,
        "totalOtherIncomeExpenseNet": -56
      },
      {
        "costOfGoodsSold": 21084,
        "depreciationAmortization": 844,
        "dilutedAverageSharesOutstanding": 651,
        "dilutedEPS": -0.37,
        "ebit": 214,
        "grossIncome": 1795,
        "interestExpense": 334,
        "interestIncomeExpense": -333,
        "minorityInterest": -306,
        "netIncome": -242,
        "netIncomeAfterTaxes": -170,
        "nonRecurringItems": 3,
        "period": "2021-03-31",
        "pretaxIncome": -136,
        "provisionforIncomeTaxes": 34,
        "revenue": 22879,
        "sgaExpense": 737,
        "totalOperatingExpense": 1581,
        "totalOtherIncomeExpenseNet": -20
      },
      {
        "costOfGoodsSold": 17216,
        "depreciationAmortization": 849,
        "dilutedAverageSharesOutstanding": 649,
        "dilutedEPS": 0.43,
        "ebit": -694,
        "grossIncome": 907,
        "interestExpense": 334,
        "interestIncomeExpense": -334,
        "minorityInterest": -289,
        "netIncome": 284,
        "netIncomeAfterTaxes": 250,
        "nonRecurringItems": 1093,
        "period": "2020-12-31",
        "pretaxIncome": 57,
        "provisionforIncomeTaxes": -193,
        "revenue": 18123,
        "sgaExpense": 752,
        "totalOperatingExpense": 1601,
        "totalOtherIncomeExpenseNet": -8
      },
      {
        "costOfGoodsSold": 16673,
        "depreciationAmortization": 830,
        "dilutedAverageSharesOutstanding": 650,
        "dilutedEPS": -1.36,
        "ebit": -807,
        "grossIncome": 874,
        "interestExpense": 344,
        "interestIncomeExpense": -343,
        "minorityInterest": -277,
        "netIncome": -886,
        "netIncomeAfterTaxes": -980,
        "nonRecurringItems": -250,
        "period": "2020-09-30",
        "pretaxIncome": -1416,
        "provisionforIncomeTaxes": -436,
        "revenue": 17547,
        "sgaExpense": 851,
        "totalOperatingExpense": 1681,
        "totalOtherIncomeExpenseNet": -16
      },
      {
        "costOfGoodsSold": 11502,
        "depreciationAmortization": 833,
        "dilutedAverageSharesOutstanding": 650,
        "dilutedEPS": 0.01,
        "ebit": -872,
        "grossIncome": 796,
        "interestExpense": 337,
        "interestIncomeExpense": -335,
        "minorityInterest": -267,
        "netIncome": 9,
        "netIncomeAfterTaxes": 84,
        "nonRecurringItems": 1447,
        "period": "2020-06-30",
        "pretaxIncome": 234,
        "provisionforIncomeTaxes": 150,
        "revenue": 12298,
        "sgaExpense": 835,
        "totalOperatingExpense": 1668,
        "totalOtherIncomeExpenseNet": -6
      },
      {
        "costOfGoodsSold": 20342,
        "depreciationAmortization": 863,
        "dilutedAverageSharesOutstanding": 648,
        "dilutedEPS": -14.25,
        "ebit": -1151,
        "grossIncome": 652,
        "interestExpense": 318,
        "interestIncomeExpense": -312,
        "minorityInterest": 984,
        "netIncome": -9234,
        "netIncomeAfterTaxes": -10536,
        "nonRecurringItems": -11004,
        "period": "2020-03-31",
        "pretaxIncome": -12487,
        "provisionforIncomeTaxes": -1951,
        "revenue": 20994,
        "sgaExpense": 940,
        "totalOperatingExpense": 1803,
        "totalOtherIncomeExpenseNet": -20
      },
      {
        "costOfGoodsSold": 24602,
        "depreciationAmortization": 850,
        "dilutedAverageSharesOutstanding": 652,
        "dilutedEPS": 0.67,
        "ebit": 1697,
        "grossIncome": 3480,
        "interestExpense": 305,
        "interestIncomeExpense": -295,
        "minorityInterest": 181,
        "netIncome": 441,
        "netIncomeAfterTaxes": 77,
        "nonRecurringItems": -1139,
        "period": "2019-12-31",
        "pretaxIncome": 261,
        "provisionforIncomeTaxes": 184,
        "revenue": 28082,
        "sgaExpense": 933,
        "totalOperatingExpense": 1783,
        "totalOtherIncomeExpenseNet": -2
      },
      {
        "costOfGoodsSold": 24345,
        "depreciationAmortization": 761,
        "dilutedAverageSharesOutstanding": 660,
        "dilutedEPS": 1.65,
        "ebit": 1678,
        "grossIncome": 3341,
        "interestExpense": 305,
        "interestIncomeExpense": -293,
        "minorityInterest": -272,
        "netIncome": 1095,
        "netIncomeAfterTaxes": 1113,
        "nonRecurringItems": 2,
        "period": "2019-09-30",
        "pretaxIncome": 1368,
        "provisionforIncomeTaxes": 255,
        "revenue": 27686,
        "sgaExpense": 902,
        "totalOperatingExpense": 1663,
        "totalOtherIncomeExpenseNet": -19
      },
      {
        "costOfGoodsSold": 24401,
        "depreciationAmortization": 695,
        "dilutedAverageSharesOutstanding": 662,
        "dilutedEPS": 1.67,
        "ebit": 1551,
        "grossIncome": 3031,
        "interestExpense": 313,
        "interestIncomeExpense": -304,
        "minorityInterest": -261,
        "netIncome": 1107,
        "netIncomeAfterTaxes": 1000,
        "nonRecurringItems": 4,
        "otherOperatingExpensesTotal": -80,
        "period": "2019-06-30",
        "pretaxIncome": 1241,
        "provisionforIncomeTaxes": 241,
        "revenue": 27432,
        "sgaExpense": 865,
        "totalOperatingExpense": 1480,
        "totalOtherIncomeExpenseNet": -10
      },
      {
        "costOfGoodsSold": 25880,
        "depreciationAmortization": 919,
        "dilutedAverageSharesOutstanding": 673,
        "dilutedEPS": -0.01,
        "ebit": 535,
        "grossIncome": 2507,
        "interestExpense": 308,
        "interestIncomeExpense": -379,
        "minorityInterest": -266,
        "netIncome": -7,
        "netIncomeAfterTaxes": 259,
        "nonRecurringItems": 214,
        "period": "2019-03-31",
        "pretaxIncome": 363,
        "provisionforIncomeTaxes": 104,
        "revenue": 28387,
        "sgaExpense": 1053,
        "totalOperatingExpense": 1972,
        "totalOtherIncomeExpenseNet": -7
      },
      {
        "costOfGoodsSold": 19275,
        "depreciationAmortization": 554,
        "dilutedAverageSharesOutstanding": 706,
        "dilutedEPS": 1.34,
        "ebit": 1136,
        "grossIncome": 2753,
        "interestExpense": 325,
        "interestIncomeExpense": -309,
        "minorityInterest": -244,
        "netIncome": 951,
        "netIncomeAfterTaxes": 522,
        "nonRecurringItems": -60,
        "period": "2018-12-31",
        "pretaxIncome": 761,
        "provisionforIncomeTaxes": 239,
        "revenue": 22028,
        "sgaExpense": 1063,
        "totalOperatingExpense": 1617,
        "totalOtherIncomeExpenseNet": -6
      },
      {
        "costOfGoodsSold": 20537,
        "depreciationAmortization": 555,
        "dilutedAverageSharesOutstanding": 456,
        "dilutedEPS": 1.62,
        "ebit": 1475,
        "grossIncome": 2594,
        "interestExpense": 212,
        "interestIncomeExpense": -255,
        "minorityInterest": -204,
        "netIncome": 737,
        "netIncomeAfterTaxes": 941,
        "nonRecurringItems": -3,
        "period": "2018-09-30",
        "pretaxIncome": 1163,
        "provisionforIncomeTaxes": 222,
        "revenue": 23131,
        "sgaExpense": 564,
        "totalOperatingExpense": 1119,
        "totalOtherIncomeExpenseNet": -54
      },
      {
        "costOfGoodsSold": 19599,
        "depreciationAmortization": 533,
        "dilutedAverageSharesOutstanding": 464,
        "dilutedEPS": 2.27,
        "ebit": 1774,
        "grossIncome": 2843,
        "interestExpense": 213,
        "interestIncomeExpense": -244,
        "minorityInterest": -180,
        "netIncome": 1054,
        "netIncomeAfterTaxes": 1235,
        "nonRecurringItems": -7,
        "period": "2018-06-30",
        "pretaxIncome": 1516,
        "provisionforIncomeTaxes": 281,
        "revenue": 22442,
        "sgaExpense": 536,
        "totalOperatingExpense": 1069,
        "totalOtherIncomeExpenseNet": -7
      },
      {
        "costOfGoodsSold": 17484,
        "depreciationAmortization": 528,
        "dilutedAverageSharesOutstanding": 480,
        "dilutedEPS": 0.08,
        "ebit": 465,
        "grossIncome": 1498,
        "interestExpense": 195,
        "interestIncomeExpense": -202,
        "minorityInterest": -198,
        "netIncome": 37,
        "netIncomeAfterTaxes": 235,
        "nonRecurringItems": -2,
        "period": "2018-03-31",
        "pretaxIncome": 257,
        "provisionforIncomeTaxes": 22,
        "revenue": 18982,
        "sgaExpense": 505,
        "totalOperatingExpense": 1033,
        "totalOtherIncomeExpenseNet": -4
      },
      {
        "costOfGoodsSold": 19009,
        "depreciationAmortization": 540,
        "dilutedAverageSharesOutstanding": 494,
        "dilutedEPS": 4.07,
        "ebit": 1166,
        "grossIncome": 2229,
        "interestExpense": 164,
        "interestIncomeExpense": -149,
        "minorityInterest": -109,
        "netIncome": 2015,
        "netIncomeAfterTaxes": 625,
        "nonRecurringItems": -2,
        "period": "2017-12-31",
        "pretaxIncome": 959,
        "provisionforIncomeTaxes": 334,
        "revenue": 21238,
        "sgaExpense": 523,
        "totalOperatingExpense": 1063,
        "totalOtherIncomeExpenseNet": -56
      },
      {
        "costOfGoodsSold": 16766,
        "depreciationAmortization": 517,
        "dilutedAverageSharesOutstanding": 508,
        "dilutedEPS": 1.78,
        "ebit": 1575,
        "grossIncome": 2620,
        "interestExpense": 158,
        "interestIncomeExpense": -150,
        "minorityInterest": -101,
        "netIncome": 903,
        "netIncomeAfterTaxes": 1004,
        "nonRecurringItems": 0,
        "period": "2017-09-30",
        "pretaxIncome": 1419,
        "provisionforIncomeTaxes": 415,
        "revenue": 19386,
        "sgaExpense": 528,
        "totalOperatingExpense": 1045,
        "totalOtherIncomeExpenseNet": -6
      },
      {
        "costOfGoodsSold": 16244,
        "depreciationAmortization": 521,
        "dilutedAverageSharesOutstanding": 517,
        "dilutedEPS": 0.93,
        "ebit": 1068,
        "grossIncome": 2103,
        "interestExpense": 155,
        "interestIncomeExpense": -158,
        "minorityInterest": -91,
        "netIncome": 483,
        "netIncomeAfterTaxes": 574,
        "nonRecurringItems": -79,
        "period": "2017-06-30",
        "pretaxIncome": 824,
        "provisionforIncomeTaxes": 250,
        "revenue": 18347,
        "sgaExpense": 514,
        "totalOperatingExpense": 1035,
        "totalOtherIncomeExpenseNet": -7
      },
      {
        "costOfGoodsSold": 15044,
        "depreciationAmortization": 536,
        "dilutedAverageSharesOutstanding": 530,
        "dilutedEPS": 0.06,
        "ebit": 311,
        "grossIncome": 1344,
        "interestExpense": 148,
        "interestIncomeExpense": -167,
        "minorityInterest": -71,
        "netIncome": 30,
        "netIncomeAfterTaxes": 101,
        "nonRecurringItems": 5,
        "period": "2017-03-31",
        "pretaxIncome": 142,
        "provisionforIncomeTaxes": 41,
        "revenue": 16388,
        "sgaExpense": 497,
        "totalOperatingExpense": 1033,
        "totalOtherIncomeExpenseNet": -7
      },
      {
        "costOfGoodsSold": 15636,
        "depreciationAmortization": 504,
        "dilutedAverageSharesOutstanding": 529,
        "dilutedEPS": 0.43,
        "ebit": 637,
        "grossIncome": 1642,
        "interestExpense": 130,
        "interestIncomeExpense": -211,
        "minorityInterest": -62,
        "netIncome": 227,
        "netIncomeAfterTaxes": 289,
        "nonRecurringItems": 6,
        "period": "2016-12-31",
        "pretaxIncome": 417,
        "provisionforIncomeTaxes": 128,
        "revenue": 17278,
        "sgaExpense": 501,
        "totalOperatingExpense": 1005,
        "totalOtherIncomeExpenseNet": -15
      },
      {
        "costOfGoodsSold": 14967,
        "depreciationAmortization": 507,
        "dilutedAverageSharesOutstanding": 530,
        "dilutedEPS": 0.27,
        "ebit": 453,
        "grossIncome": 1492,
        "interestExpense": 138,
        "interestIncomeExpense": -154,
        "minorityInterest": -74,
        "netIncome": 145,
        "netIncomeAfterTaxes": 219,
        "nonRecurringItems": 1,
        "period": "2016-09-30",
        "pretaxIncome": 294,
        "provisionforIncomeTaxes": 75,
        "revenue": 16459,
        "sgaExpense": 532,
        "totalOperatingExpense": 1039,
        "totalOtherIncomeExpenseNet": -6
      },
      {
        "costOfGoodsSold": 14842,
        "depreciationAmortization": 500,
        "dilutedAverageSharesOutstanding": 531,
        "dilutedEPS": 1.51,
        "ebit": 936,
        "grossIncome": 1948,
        "interestExpense": 133,
        "interestIncomeExpense": -137,
        "minorityInterest": 18,
        "netIncome": 800,
        "netIncomeAfterTaxes": 783,
        "nonRecurringItems": 384,
        "period": "2016-06-30",
        "pretaxIncome": 1178,
        "provisionforIncomeTaxes": 395,
        "revenue": 16790,
        "sgaExpense": 512,
        "totalOperatingExpense": 1012,
        "totalOtherIncomeExpenseNet": -5
      },
      {
        "costOfGoodsSold": 11573,
        "depreciationAmortization": 490,
        "dilutedAverageSharesOutstanding": 531,
        "dilutedEPS": 0,
        "ebit": 255,
        "grossIncome": 1232,
        "interestExpense": 137,
        "interestIncomeExpense": -197,
        "minorityInterest": 79,
        "netIncome": 1,
        "netIncomeAfterTaxes": -78,
        "nonRecurringItems": -119,
        "period": "2016-03-31",
        "pretaxIncome": -67,
        "provisionforIncomeTaxes": 11,
        "revenue": 12805,
        "sgaExpense": 487,
        "totalOperatingExpense": 977,
        "totalOtherIncomeExpenseNet": -6
      },
      {
        "costOfGoodsSold": 14209,
        "depreciationAmortization": 413,
        "dilutedAverageSharesOutstanding": 536,
        "dilutedEPS": 0.35,
        "ebit": 528,
        "grossIncome": 1469,
        "interestExpense": 89,
        "interestIncomeExpense": 85,
        "minorityInterest": 19,
        "netIncome": 186,
        "netIncomeAfterTaxes": 168,
        "nonRecurringItems": -374,
        "period": "2015-12-31",
        "pretaxIncome": 235,
        "provisionforIncomeTaxes": 67,
        "revenue": 15678,
        "sgaExpense": 528,
        "totalOperatingExpense": 941,
        "totalOtherIncomeExpenseNet": -4
      },
      {
        "costOfGoodsSold": 16354,
        "depreciationAmortization": 508,
        "dilutedAverageSharesOutstanding": 538,
        "dilutedEPS": 1.76,
        "ebit": 1407,
        "grossIncome": 2402,
        "interestExpense": 66,
        "interestIncomeExpense": 76,
        "minorityInterest": -10,
        "netIncome": 947,
        "netIncomeAfterTaxes": 958,
        "nonRecurringItems": 2,
        "period": "2015-09-30",
        "pretaxIncome": 1479,
        "provisionforIncomeTaxes": 521,
        "revenue": 18756,
        "sgaExpense": 487,
        "totalOperatingExpense": 995,
        "totalOtherIncomeExpenseNet": -6
      }
    ],
    "symbol": "MPC"
  }
}