{
  "symbol": "COO",
  "statement": "ic",
  "frequency": "quarterly",
  "timestamp": "2025-09-19T13:58:29.299428",
  "data": {
    "financials": [
      {
        "costOfGoodsSold": 368.3,
        "depreciationAmortization": 50,
        "dilutedAverageSharesOutstanding": 200,
        "dilutedEPS": 0.4915,
        "ebit": 175.7,
        "grossIncome": 692,
        "interestExpense": 25.4,
        "interestIncomeExpense": -26.9,
        "netIncome": 98.3,
        "netIncomeAfterTaxes": 98.3,
        "period": "2025-07-31",
        "pretaxIncome": 151.9,
        "provisionforIncomeTaxes": 53.6,
        "researchDevelopment": 44.6,
        "revenue": 1060.3,
        "sgaExpense": 421.7,
        "totalOperatingExpense": 516.3,
        "totalOtherIncomeExpenseNet": 3.1
      },
      {
        "costOfGoodsSold": 323.2,
        "depreciationAmortization": 49.8,
        "dilutedAverageSharesOutstanding": 200.7,
        "dilutedEPS": 0.437,
        "ebit": 184.8,
        "grossIncome": 679.1,
        "interestExpense": 24.2,
        "interestIncomeExpense": -25.4,
        "netIncome": 87.7,
        "netIncomeAfterTaxes": 87.7,
        "period": "2025-04-30",
        "pretaxIncome": 144.5,
        "provisionforIncomeTaxes": 56.8,
        "researchDevelopment": 45.5,
        "revenue": 1002.3,
        "sgaExpense": 399,
        "totalOperatingExpense": 494.3,
        "totalOtherIncomeExpenseNet": -14.9
      },
      {
        "costOfGoodsSold": 304.5,
        "depreciationAmortization": 49.6,
        "dilutedAverageSharesOutstanding": 201.2,
        "dilutedEPS": 0.5184,
        "ebit": 182,
        "grossIncome": 660.2,
        "interestExpense": 26,
        "interestIncomeExpense": -29,
        "netIncome": 104.3,
        "netIncomeAfterTaxes": 104.3,
        "period": "2025-01-31",
        "pretaxIncome": 153.3,
        "provisionforIncomeTaxes": 49,
        "researchDevelopment": 40.7,
        "revenue": 964.7,
        "sgaExpense": 387.9,
        "totalOperatingExpense": 478.2,
        "totalOtherIncomeExpenseNet": 0.3
      },
      {
        "costOfGoodsSold": 340.7,
        "depreciationAmortization": 50.2,
        "dilutedAverageSharesOutstanding": 200.7,
        "dilutedEPS": 0.59,
        "ebit": 198.4,
        "grossIncome": 677.7,
        "interestExpense": 27,
        "interestIncomeExpense": -29,
        "netIncome": 117.5,
        "netIncomeAfterTaxes": 117.5,
        "period": "2024-10-31",
        "pretaxIncome": 168.6,
        "provisionforIncomeTaxes": 51.1,
        "researchDevelopment": 37.7,
        "revenue": 1018.4,
        "sgaExpense": 391.4,
        "totalOperatingExpense": 479.3,
        "totalOtherIncomeExpenseNet": -0.8
      },
      {
        "costOfGoodsSold": 339.8,
        "depreciationAmortization": 50.4,
        "dilutedAverageSharesOutstanding": 200.6,
        "dilutedEPS": 0.52,
        "ebit": 192.5,
        "grossIncome": 663,
        "interestExpense": 28.5,
        "interestIncomeExpense": -28,
        "netIncome": 104.7,
        "netIncomeAfterTaxes": 104.7,
        "period": "2024-07-31",
        "pretaxIncome": 163.7,
        "provisionforIncomeTaxes": 59,
        "researchDevelopment": 39,
        "revenue": 1002.8,
        "sgaExpense": 381.1,
        "totalOperatingExpense": 470.5,
        "totalOtherIncomeExpenseNet": -0.8
      },
      {
        "costOfGoodsSold": 311.4,
        "depreciationAmortization": 50.3,
        "dilutedAverageSharesOutstanding": 200.5,
        "dilutedEPS": 0.44,
        "ebit": 161.7,
        "grossIncome": 631.2,
        "interestExpense": 28.9,
        "interestIncomeExpense": -31.4,
        "netIncome": 88.9,
        "netIncomeAfterTaxes": 88.9,
        "period": "2024-04-30",
        "pretaxIncome": 130,
        "provisionforIncomeTaxes": 41.1,
        "researchDevelopment": 38.9,
        "revenue": 942.6,
        "sgaExpense": 380.3,
        "totalOperatingExpense": 469.5,
        "totalOtherIncomeExpenseNet": -0.3
      },
      {
        "costOfGoodsSold": 307.8,
        "depreciationAmortization": 50.3,
        "dilutedAverageSharesOutstanding": 199.9,
        "dilutedEPS": 0.41,
        "ebit": 153.1,
        "grossIncome": 623.8,
        "interestExpense": 29.9,
        "interestIncomeExpense": -31.1,
        "netIncome": 81.2,
        "netIncomeAfterTaxes": 81.2,
        "period": "2024-01-31",
        "pretaxIncome": 120,
        "provisionforIncomeTaxes": 38.8,
        "researchDevelopment": 39.5,
        "revenue": 931.6,
        "sgaExpense": 380.9,
        "totalOperatingExpense": 470.7,
        "totalOtherIncomeExpenseNet": -2
      },
      {
        "costOfGoodsSold": 320.6,
        "depreciationAmortization": 46.5,
        "dilutedAverageSharesOutstanding": 199.2,
        "dilutedEPS": 0.42,
        "ebit": 135.7,
        "grossIncome": 606.5,
        "interestExpense": 26.3,
        "interestIncomeExpense": -27.2,
        "netIncome": 84.5,
        "netIncomeAfterTaxes": 84.5,
        "nonRecurringItems": 0,
        "period": "2023-10-31",
        "pretaxIncome": 106.4,
        "provisionforIncomeTaxes": 21.9,
        "researchDevelopment": 36.7,
        "revenue": 927.1,
        "sgaExpense": 387.6,
        "totalOperatingExpense": 470.8,
        "totalOtherIncomeExpenseNet": -2.1
      },
      {
        "costOfGoodsSold": 320.2,
        "depreciationAmortization": 46.7,
        "dilutedAverageSharesOutstanding": 199.6,
        "dilutedEPS": 0.43,
        "ebit": 151.6,
        "grossIncome": 610,
        "interestExpense": 26.8,
        "interestIncomeExpense": -31.1,
        "netIncome": 85.3,
        "netIncomeAfterTaxes": 85.3,
        "period": "2023-07-31",
        "pretaxIncome": 118.8,
        "provisionforIncomeTaxes": 33.5,
        "researchDevelopment": 36.5,
        "revenue": 930.2,
        "sgaExpense": 375.2,
        "totalOperatingExpense": 458.4,
        "totalOtherIncomeExpenseNet": -1.7
      },
      {
        "costOfGoodsSold": 294.5,
        "depreciationAmortization": 46.5,
        "dilutedAverageSharesOutstanding": 199.2,
        "dilutedEPS": 0.2,
        "ebit": 141.3,
        "grossIncome": 582.9,
        "interestExpense": 26.1,
        "interestIncomeExpense": -28.9,
        "netIncome": 39.8,
        "netIncomeAfterTaxes": 39.8,
        "nonRecurringItems": -45,
        "otherOperatingExpensesTotal": 0,
        "period": "2023-04-30",
        "pretaxIncome": 65.6,
        "provisionforIncomeTaxes": 25.8,
        "researchDevelopment": 32.6,
        "revenue": 877.4,
        "sgaExpense": 362.5,
        "totalOperatingExpense": 441.6,
        "totalOtherIncomeExpenseNet": -1.8
      },
      {
        "costOfGoodsSold": 300,
        "depreciationAmortization": 46.5,
        "dilutedAverageSharesOutstanding": 198.8,
        "dilutedEPS": 0.43,
        "ebit": 149.5,
        "grossIncome": 558.5,
        "interestExpense": 26.1,
        "interestIncomeExpense": -25.1,
        "netIncome": 84.6,
        "netIncomeAfterTaxes": 84.6,
        "otherOperatingExpensesTotal": 31.8,
        "period": "2023-01-31",
        "pretaxIncome": 122.1,
        "provisionforIncomeTaxes": 37.5,
        "researchDevelopment": 31.6,
        "revenue": 858.5,
        "sgaExpense": 299.1,
        "totalOperatingExpense": 409,
        "totalOtherIncomeExpenseNet": -2.3
      },
      {
        "costOfGoodsSold": 303.9,
        "depreciationAmortization": 46,
        "dilutedAverageSharesOutstanding": 198.8,
        "dilutedEPS": 0.33,
        "ebit": 112.7,
        "grossIncome": 544.2,
        "interestExpense": 22.8,
        "interestIncomeExpense": -30.3,
        "netIncome": 65.6,
        "netIncomeAfterTaxes": 65.6,
        "nonRecurringItems": -9.2,
        "otherOperatingExpensesTotal": 0.4,
        "period": "2022-10-31",
        "pretaxIncome": 72.4,
        "provisionforIncomeTaxes": 6.8,
        "researchDevelopment": 29.1,
        "revenue": 848.1,
        "sgaExpense": 356,
        "totalOperatingExpense": 431.5,
        "totalOtherIncomeExpenseNet": -0.8
      },
      {
        "costOfGoodsSold": 289.6,
        "depreciationAmortization": 40.1,
        "dilutedAverageSharesOutstanding": 198.4,
        "dilutedEPS": 0.5,
        "ebit": 143.9,
        "grossIncome": 553.8,
        "interestExpense": 17.1,
        "interestIncomeExpense": -22,
        "netIncome": 98.4,
        "netIncomeAfterTaxes": 98.4,
        "nonRecurringItems": -3.3,
        "otherOperatingExpensesTotal": -0.3,
        "period": "2022-07-31",
        "pretaxIncome": 117.3,
        "provisionforIncomeTaxes": 18.9,
        "researchDevelopment": 28.7,
        "revenue": 843.4,
        "sgaExpense": 341.4,
        "totalOperatingExpense": 409.9,
        "totalOtherIncomeExpenseNet": -1.3
      },
      {
        "costOfGoodsSold": 279.9,
        "depreciationAmortization": 51.1,
        "dilutedAverageSharesOutstanding": 198.8,
        "dilutedEPS": 0.64,
        "ebit": 153.4,
        "grossIncome": 549.9,
        "interestExpense": 10.8,
        "interestIncomeExpense": 30.6,
        "netIncome": 126.6,
        "netIncomeAfterTaxes": 126.6,
        "nonRecurringItems": -20.7,
        "otherOperatingExpensesTotal": -13.9,
        "period": "2022-04-30",
        "pretaxIncome": 163.7,
        "provisionforIncomeTaxes": 37.1,
        "researchDevelopment": 26.3,
        "revenue": 829.8,
        "sgaExpense": 333,
        "totalOperatingExpense": 396.5,
        "totalOtherIncomeExpenseNet": 0.4
      },
      {
        "costOfGoodsSold": 268.8,
        "depreciationAmortization": 42.3,
        "dilutedAverageSharesOutstanding": 199.6,
        "dilutedEPS": 0.48,
        "ebit": 136.8,
        "grossIncome": 518.4,
        "interestExpense": 6.6,
        "interestIncomeExpense": -9.9,
        "netIncome": 95.3,
        "netIncomeAfterTaxes": 95.3,
        "nonRecurringItems": -6,
        "otherOperatingExpensesTotal": 3.5,
        "period": "2022-01-31",
        "pretaxIncome": 121.9,
        "provisionforIncomeTaxes": 26.6,
        "researchDevelopment": 26.2,
        "revenue": 787.2,
        "sgaExpense": 309.6,
        "totalOperatingExpense": 381.6,
        "totalOtherIncomeExpenseNet": 1
      },
      {
        "costOfGoodsSold": 257.2,
        "depreciationAmortization": 36.1,
        "dilutedAverageSharesOutstanding": 200.4,
        "dilutedEPS": 0.55,
        "ebit": 128.5,
        "grossIncome": 501.9,
        "interestExpense": 5,
        "interestIncomeExpense": -7.2,
        "netIncome": 110.3,
        "netIncomeAfterTaxes": 110.3,
        "nonRecurringItems": 0,
        "otherOperatingExpensesTotal": 9.3,
        "period": "2021-10-31",
        "pretaxIncome": 121.6,
        "provisionforIncomeTaxes": 11.3,
        "researchDevelopment": 25.7,
        "revenue": 759.1,
        "sgaExpense": 302.3,
        "totalOperatingExpense": 373.4,
        "totalOtherIncomeExpenseNet": 0.3
      },
      {
        "costOfGoodsSold": 247.3,
        "depreciationAmortization": 38.2,
        "dilutedAverageSharesOutstanding": 199.2,
        "dilutedEPS": 3.09,
        "ebit": 101.8,
        "grossIncome": 516.1,
        "interestExpense": 5.6,
        "interestIncomeExpense": -7.6,
        "netIncome": 615.8,
        "netIncomeAfterTaxes": 615.8,
        "nonRecurringItems": -1.2,
        "otherOperatingExpensesTotal": 56.8,
        "period": "2021-07-31",
        "pretaxIncome": 94,
        "provisionforIncomeTaxes": -521.8,
        "researchDevelopment": 24.8,
        "revenue": 763.4,
        "sgaExpense": 294.5,
        "totalOperatingExpense": 414.3,
        "totalOtherIncomeExpenseNet": 1
      },
      {
        "costOfGoodsSold": 232.4,
        "depreciationAmortization": 37.1,
        "dilutedAverageSharesOutstanding": 198.8,
        "dilutedEPS": 0.59,
        "ebit": 149.2,
        "grossIncome": 487.1,
        "interestExpense": 6.1,
        "interestIncomeExpense": -7.4,
        "netIncome": 117.5,
        "netIncomeAfterTaxes": 117.5,
        "nonRecurringItems": -6,
        "period": "2021-04-30",
        "pretaxIncome": 136.4,
        "provisionforIncomeTaxes": 18.9,
        "researchDevelopment": 21,
        "revenue": 719.5,
        "sgaExpense": 279.8,
        "totalOperatingExpense": 337.9,
        "totalOtherIncomeExpenseNet": 0.6
      },
      {
        "costOfGoodsSold": 229.8,
        "depreciationAmortization": 34.7,
        "dilutedAverageSharesOutstanding": 198.8,
        "dilutedEPS": 10.57,
        "ebit": 137,
        "grossIncome": 450.7,
        "interestExpense": 6.4,
        "interestIncomeExpense": 5.2,
        "netIncome": 2101.1,
        "netIncomeAfterTaxes": 2101.1,
        "nonRecurringItems": -3.6,
        "period": "2021-01-31",
        "pretaxIncome": 139.5,
        "provisionforIncomeTaxes": -1961.6,
        "researchDevelopment": 21.4,
        "revenue": 680.5,
        "sgaExpense": 257.6,
        "totalOperatingExpense": 313.7,
        "totalOtherIncomeExpenseNet": 0.9
      },
      {
        "costOfGoodsSold": 257.6,
        "depreciationAmortization": 34.2,
        "dilutedAverageSharesOutstanding": 198.4,
        "dilutedEPS": 0.41,
        "ebit": 100.1,
        "grossIncome": 424,
        "interestExpense": 6.7,
        "interestIncomeExpense": -6.5,
        "netIncome": 81.2,
        "netIncomeAfterTaxes": 81.2,
        "nonRecurringItems": 0,
        "period": "2020-10-31",
        "pretaxIncome": 93.7,
        "provisionforIncomeTaxes": 12.5,
        "researchDevelopment": 25.5,
        "revenue": 681.6,
        "sgaExpense": 264.2,
        "totalOperatingExpense": 323.9,
        "totalOtherIncomeExpenseNet": 0.1
      },
      {
        "costOfGoodsSold": 217.4,
        "depreciationAmortization": 34.2,
        "dilutedAverageSharesOutstanding": 198,
        "dilutedEPS": 0.28,
        "ebit": 72,
        "grossIncome": 360.8,
        "interestExpense": 5.7,
        "interestIncomeExpense": -3.3,
        "netIncome": 55.2,
        "netIncomeAfterTaxes": 55.2,
        "nonRecurringItems": 0,
        "period": "2020-07-31",
        "pretaxIncome": 66.4,
        "provisionforIncomeTaxes": 11.2,
        "researchDevelopment": 21.8,
        "revenue": 578.2,
        "sgaExpense": 232.8,
        "totalOperatingExpense": 288.8,
        "totalOtherIncomeExpenseNet": -2.3
      },
      {
        "costOfGoodsSold": 201.4,
        "depreciationAmortization": 33.9,
        "dilutedAverageSharesOutstanding": 198.4,
        "dilutedEPS": 0.06,
        "ebit": 28.6,
        "grossIncome": 323.5,
        "interestExpense": 12.8,
        "interestIncomeExpense": -15.2,
        "netIncome": 11.5,
        "netIncomeAfterTaxes": 11.5,
        "nonRecurringItems": 0,
        "period": "2020-04-30",
        "pretaxIncome": 9,
        "provisionforIncomeTaxes": -2.5,
        "researchDevelopment": 23.8,
        "revenue": 524.9,
        "sgaExpense": 237.2,
        "totalOperatingExpense": 294.9,
        "totalOtherIncomeExpenseNet": -4.4
      },
      {
        "costOfGoodsSold": 219.7,
        "depreciationAmortization": 34.9,
        "dilutedAverageSharesOutstanding": 198.8,
        "dilutedEPS": 0.46,
        "ebit": 111.1,
        "grossIncome": 426.5,
        "interestExpense": 11.6,
        "interestIncomeExpense": -13,
        "netIncome": 90.5,
        "netIncomeAfterTaxes": 90.5,
        "period": "2020-01-31",
        "pretaxIncome": 97.4,
        "provisionforIncomeTaxes": 6.9,
        "researchDevelopment": 22.2,
        "revenue": 646.2,
        "sgaExpense": 258.3,
        "totalOperatingExpense": 315.4,
        "totalOtherIncomeExpenseNet": -0.7
      },
      {
        "costOfGoodsSold": 236.6,
        "depreciationAmortization": 35.1,
        "dilutedAverageSharesOutstanding": 200,
        "dilutedEPS": 0.6,
        "ebit": 147,
        "grossIncome": 455,
        "interestExpense": 14.7,
        "interestIncomeExpense": -18,
        "netIncome": 121,
        "netIncomeAfterTaxes": 115.2,
        "nonRecurringItems": -0.4,
        "period": "2019-10-31",
        "pretaxIncome": 128.5,
        "provisionforIncomeTaxes": 13.3,
        "researchDevelopment": 23.3,
        "revenue": 691.6,
        "sgaExpense": 249.6,
        "totalOperatingExpense": 308,
        "totalOtherIncomeExpenseNet": -0.1
      },
      {
        "costOfGoodsSold": 228.7,
        "depreciationAmortization": 37.2,
        "dilutedAverageSharesOutstanding": 200.4,
        "dilutedEPS": 0.6,
        "ebit": 142.2,
        "grossIncome": 450.7,
        "interestExpense": 16.7,
        "interestIncomeExpense": -15.6,
        "netIncome": 120.1,
        "netIncomeAfterTaxes": 120.1,
        "nonRecurringItems": 0,
        "period": "2019-07-31",
        "pretaxIncome": 127,
        "provisionforIncomeTaxes": 6.9,
        "researchDevelopment": 21.5,
        "revenue": 679.4,
        "sgaExpense": 249.8,
        "totalOperatingExpense": 308.5,
        "totalOtherIncomeExpenseNet": 0.4
      },
      {
        "costOfGoodsSold": 221.7,
        "depreciationAmortization": 36.9,
        "dilutedAverageSharesOutstanding": 197.6,
        "dilutedEPS": 0.62,
        "ebit": 127.9,
        "grossIncome": 432.6,
        "interestExpense": 18.5,
        "interestIncomeExpense": -18.9,
        "netIncome": 122.4,
        "netIncomeAfterTaxes": 122.4,
        "nonRecurringItems": 19,
        "period": "2019-04-30",
        "pretaxIncome": 128.1,
        "provisionforIncomeTaxes": 5.7,
        "researchDevelopment": 21,
        "revenue": 654.3,
        "sgaExpense": 246.8,
        "totalOperatingExpense": 304.7,
        "totalOtherIncomeExpenseNet": 0.1
      },
      {
        "costOfGoodsSold": 209.6,
        "depreciationAmortization": 36.6,
        "dilutedAverageSharesOutstanding": 199.6,
        "dilutedEPS": 0.52,
        "ebit": 110.9,
        "grossIncome": 418.5,
        "interestExpense": 18.2,
        "interestIncomeExpense": -17.7,
        "netIncome": 103.2,
        "netIncomeAfterTaxes": 103.2,
        "period": "2019-01-31",
        "pretaxIncome": 93.8,
        "provisionforIncomeTaxes": -9.4,
        "researchDevelopment": 21,
        "revenue": 628.1,
        "sgaExpense": 250,
        "totalOperatingExpense": 307.6,
        "totalOtherIncomeExpenseNet": 0.6
      },
      {
        "costOfGoodsSold": 221.4,
        "depreciationAmortization": 36.2,
        "dilutedAverageSharesOutstanding": 200,
        "dilutedEPS": 0.5,
        "ebit": 122.7,
        "grossIncome": 430.1,
        "interestExpense": 22.8,
        "interestIncomeExpense": -24.5,
        "minorityInterest": 0,
        "netIncome": 100.7,
        "netIncomeAfterTaxes": 118.6,
        "nonRecurringItems": 0,
        "period": "2018-10-31",
        "pretaxIncome": 112.7,
        "provisionforIncomeTaxes": -5.9,
        "researchDevelopment": 22.6,
        "revenue": 651.5,
        "sgaExpense": 248.6,
        "totalOperatingExpense": 307.4,
        "totalOtherIncomeExpenseNet": 14.5
      },
      {
        "costOfGoodsSold": 233.2,
        "depreciationAmortization": 37.7,
        "dilutedAverageSharesOutstanding": 198.8,
        "dilutedEPS": 0.5,
        "ebit": 115.6,
        "grossIncome": 426.8,
        "interestExpense": 22.8,
        "interestIncomeExpense": -25.5,
        "netIncome": 100.8,
        "netIncomeAfterTaxes": 95.5,
        "nonRecurringItems": 0,
        "period": "2018-07-31",
        "pretaxIncome": 90.4,
        "provisionforIncomeTaxes": -5.1,
        "researchDevelopment": 22.5,
        "revenue": 660,
        "sgaExpense": 251,
        "totalOperatingExpense": 311.2,
        "totalOtherIncomeExpenseNet": 0.3
      },
      {
        "costOfGoodsSold": 226.8,
        "depreciationAmortization": 36.7,
        "dilutedAverageSharesOutstanding": 198.4,
        "dilutedEPS": 0.31,
        "ebit": 99.1,
        "grossIncome": 404.5,
        "interestExpense": 18.7,
        "interestIncomeExpense": -20.8,
        "netIncome": 60.9,
        "netIncomeAfterTaxes": 60.9,
        "nonRecurringItems": -24.4,
        "period": "2018-04-30",
        "pretaxIncome": 54,
        "provisionforIncomeTaxes": -6.9,
        "researchDevelopment": 20.8,
        "revenue": 631.3,
        "sgaExpense": 247.9,
        "totalOperatingExpense": 305.4,
        "totalOtherIncomeExpenseNet": 0.1
      },
      {
        "costOfGoodsSold": 219.1,
        "depreciationAmortization": 36,
        "dilutedAverageSharesOutstanding": 195.6,
        "dilutedEPS": -0.62,
        "ebit": 90.2,
        "grossIncome": 370.9,
        "interestExpense": 18.4,
        "interestIncomeExpense": -15.3,
        "netIncome": -122.5,
        "netIncomeAfterTaxes": 79.5,
        "period": "2018-01-31",
        "pretaxIncome": 74.8,
        "provisionforIncomeTaxes": -4.7,
        "researchDevelopment": 18.8,
        "revenue": 590,
        "sgaExpense": 225.9,
        "totalOperatingExpense": 280.7,
        "totalOtherIncomeExpenseNet": -0.1
      },
      {
        "costOfGoodsSold": 208.1,
        "depreciationAmortization": 17.8,
        "dilutedAverageSharesOutstanding": 199.6,
        "dilutedEPS": 0.44,
        "ebit": 108.5,
        "grossIncome": 353.4,
        "interestExpense": 10.1,
        "interestIncomeExpense": -11.5,
        "minorityInterest": 0,
        "netIncome": 88.6,
        "netIncomeAfterTaxes": 88.6,
        "period": "2017-10-31",
        "pretaxIncome": 96.6,
        "provisionforIncomeTaxes": 8,
        "researchDevelopment": 18.6,
        "revenue": 561.5,
        "sgaExpense": 208.5,
        "totalOperatingExpense": 244.9,
        "totalOtherIncomeExpenseNet": -0.4
      },
      {
        "costOfGoodsSold": 199.8,
        "depreciationAmortization": 17.2,
        "dilutedAverageSharesOutstanding": 198.4,
        "dilutedEPS": 0.52,
        "ebit": 112.8,
        "grossIncome": 356.2,
        "interestExpense": 8.3,
        "interestIncomeExpense": -11.1,
        "minorityInterest": 0,
        "netIncome": 103.6,
        "netIncomeAfterTaxes": 103.6,
        "period": "2017-07-31",
        "pretaxIncome": 107.7,
        "provisionforIncomeTaxes": 4.1,
        "researchDevelopment": 17.5,
        "revenue": 556,
        "sgaExpense": 208.7,
        "totalOperatingExpense": 243.4,
        "totalOtherIncomeExpenseNet": 6
      },
      {
        "costOfGoodsSold": 178.5,
        "depreciationAmortization": 16.7,
        "dilutedAverageSharesOutstanding": 198,
        "dilutedEPS": 0.53,
        "ebit": 117.1,
        "grossIncome": 343.9,
        "interestExpense": 7.7,
        "interestIncomeExpense": -7.3,
        "minorityInterest": 0,
        "netIncome": 104.9,
        "netIncomeAfterTaxes": 104.9,
        "period": "2017-04-30",
        "pretaxIncome": 109.5,
        "provisionforIncomeTaxes": 4.6,
        "researchDevelopment": 16.8,
        "revenue": 522.4,
        "sgaExpense": 193.3,
        "totalOperatingExpense": 226.8,
        "totalOtherIncomeExpenseNet": -0.3
      },
      {
        "costOfGoodsSold": 186.7,
        "depreciationAmortization": 16.8,
        "dilutedAverageSharesOutstanding": 197.6,
        "dilutedEPS": 0.38,
        "ebit": 90.7,
        "grossIncome": 312.4,
        "interestExpense": 7.3,
        "interestIncomeExpense": -10.5,
        "minorityInterest": 0,
        "netIncome": 75.8,
        "netIncomeAfterTaxes": 75.8,
        "period": "2017-01-31",
        "pretaxIncome": 80.1,
        "provisionforIncomeTaxes": 4.3,
        "researchDevelopment": 16.3,
        "revenue": 499.1,
        "sgaExpense": 188.6,
        "totalOperatingExpense": 221.7,
        "totalOtherIncomeExpenseNet": -0.1
      },
      {
        "costOfGoodsSold": 222.678,
        "depreciationAmortization": 14.722,
        "dilutedAverageSharesOutstanding": 197.592,
        "dilutedEPS": 0.31,
        "ebit": 74.181,
        "grossIncome": 295.976,
        "interestExpense": 5.321,
        "interestIncomeExpense": -5.121,
        "minorityInterest": 0.013,
        "netIncome": 60.508,
        "netIncomeAfterTaxes": 60.495,
        "period": "2016-10-31",
        "pretaxIncome": 68.85,
        "provisionforIncomeTaxes": 8.355,
        "researchDevelopment": 17.941,
        "revenue": 518.654,
        "sgaExpense": 189.132,
        "totalOperatingExpense": 221.795,
        "totalOtherIncomeExpenseNet": -0.21
      },
      {
        "costOfGoodsSold": 198.085,
        "depreciationAmortization": 15.553,
        "dilutedAverageSharesOutstanding": 196.192,
        "dilutedEPS": 0.45,
        "ebit": 102.672,
        "grossIncome": 316.641,
        "interestExpense": 7.983,
        "interestIncomeExpense": -8.883,
        "minorityInterest": -0.315,
        "netIncome": 87.928,
        "netIncomeAfterTaxes": 88.243,
        "period": "2016-07-31",
        "pretaxIncome": 93.415,
        "provisionforIncomeTaxes": 5.172,
        "researchDevelopment": 16.013,
        "revenue": 514.726,
        "sgaExpense": 182.403,
        "totalOperatingExpense": 213.969,
        "totalOtherIncomeExpenseNet": -0.374
      },
      {
        "costOfGoodsSold": 185.295,
        "depreciationAmortization": 14.312,
        "dilutedAverageSharesOutstanding": 195.412,
        "dilutedEPS": 0.38,
        "ebit": 89.831,
        "grossIncome": 298.498,
        "interestExpense": 7.611,
        "interestIncomeExpense": -6.911,
        "minorityInterest": -0.33,
        "netIncome": 74.125,
        "netIncomeAfterTaxes": 74.455,
        "period": "2016-04-30",
        "pretaxIncome": 82.638,
        "provisionforIncomeTaxes": 8.183,
        "researchDevelopment": 16.696,
        "revenue": 483.793,
        "sgaExpense": 177.659,
        "totalOperatingExpense": 208.667,
        "totalOtherIncomeExpenseNet": -0.282
      },
      {
        "costOfGoodsSold": 187.677,
        "depreciationAmortization": 16.203,
        "dilutedAverageSharesOutstanding": 195.36,
        "dilutedEPS": 0.26,
        "ebit": 57.396,
        "grossIncome": 261.964,
        "interestExpense": 5.274,
        "interestIncomeExpense": -6.774,
        "minorityInterest": -0.385,
        "netIncome": 51.356,
        "netIncomeAfterTaxes": 51.741,
        "period": "2016-01-31",
        "pretaxIncome": 50.73,
        "provisionforIncomeTaxes": -1.011,
        "researchDevelopment": 14.761,
        "revenue": 449.641,
        "sgaExpense": 173.604,
        "totalOperatingExpense": 204.568,
        "totalOtherIncomeExpenseNet": 0.108
      },
      {
        "costOfGoodsSold": 202.228,
        "depreciationAmortization": 13.053,
        "dilutedAverageSharesOutstanding": 196.98,
        "dilutedEPS": 0.19,
        "ebit": 42.253,
        "grossIncome": 253.308,
        "interestExpense": 4.78,
        "interestIncomeExpense": -4.78,
        "minorityInterest": -0.336,
        "netIncome": 36.679,
        "netIncomeAfterTaxes": 37.015,
        "nonRecurringItems": 0,
        "period": "2015-10-31",
        "pretaxIncome": 36.427,
        "provisionforIncomeTaxes": -0.588,
        "researchDevelopment": 18.36,
        "revenue": 455.536,
        "sgaExpense": 179.642,
        "totalOperatingExpense": 211.055,
        "totalOtherIncomeExpenseNet": -1.046
      }
    ],
    "symbol": "COO"
  }
}