{
  "symbol": "LYB",
  "statement": "ic",
  "frequency": "quarterly",
  "timestamp": "2025-09-19T14:03:25.361311",
  "data": {
    "financials": [
      {
        "costOfGoodsSold": 6871,
        "dilutedAverageSharesOutstanding": 322,
        "dilutedEPS": 0.34,
        "ebit": 317,
        "grossIncome": 787,
        "interestExpense": 118,
        "interestIncomeExpense": -90,
        "netIncome": 111,
        "netIncomeAfterTaxes": 155,
        "nonRecurringItems": -32,
        "period": "2025-06-30",
        "pretaxIncome": 224,
        "provisionforIncomeTaxes": 69,
        "researchDevelopment": 35,
        "revenue": 7658,
        "sgaExpense": 435,
        "totalOperatingExpense": 470,
        "totalOtherIncomeExpenseNet": 29
      },
      {
        "costOfGoodsSold": 7128,
        "dilutedAverageSharesOutstanding": 324,
        "dilutedEPS": 0.53,
        "ebit": 114,
        "grossIncome": 549,
        "interestExpense": 107,
        "interestIncomeExpense": -76,
        "netIncome": 173,
        "netIncomeAfterTaxes": 23,
        "period": "2025-03-31",
        "pretaxIncome": 59,
        "provisionforIncomeTaxes": 36,
        "researchDevelopment": 34,
        "revenue": 7677,
        "sgaExpense": 401,
        "totalOperatingExpense": 435,
        "totalOtherIncomeExpenseNet": 21
      },
      {
        "costOfGoodsSold": 8747,
        "dilutedAverageSharesOutstanding": 325,
        "dilutedEPS": -1.85,
        "ebit": 285,
        "grossIncome": 750,
        "interestExpense": 116,
        "interestIncomeExpense": -231,
        "netIncome": -604,
        "netIncomeAfterTaxes": -613,
        "nonRecurringItems": -953,
        "period": "2024-12-31",
        "pretaxIncome": -878,
        "provisionforIncomeTaxes": -265,
        "researchDevelopment": 39,
        "revenue": 9497,
        "sgaExpense": 426,
        "totalOperatingExpense": 465,
        "totalOtherIncomeExpenseNet": 21
      },
      {
        "costOfGoodsSold": 9080,
        "dilutedAverageSharesOutstanding": 326,
        "dilutedEPS": 1.76,
        "ebit": 807,
        "grossIncome": 1242,
        "interestExpense": 118,
        "interestIncomeExpense": -102,
        "netIncome": 570,
        "netIncomeAfterTaxes": 577,
        "nonRecurringItems": -5,
        "period": "2024-09-30",
        "pretaxIncome": 711,
        "provisionforIncomeTaxes": 134,
        "researchDevelopment": 31,
        "revenue": 10322,
        "sgaExpense": 404,
        "totalOperatingExpense": 435,
        "totalOtherIncomeExpenseNet": 11
      },
      {
        "costOfGoodsSold": 9148,
        "dilutedAverageSharesOutstanding": 326,
        "dilutedEPS": 2.82,
        "ebit": 970,
        "grossIncome": 1410,
        "interestExpense": 120,
        "interestIncomeExpense": -102,
        "netIncome": 918,
        "netIncomeAfterTaxes": 925,
        "nonRecurringItems": 293,
        "period": "2024-06-30",
        "pretaxIncome": 1174,
        "provisionforIncomeTaxes": 249,
        "researchDevelopment": 33,
        "revenue": 10558,
        "sgaExpense": 407,
        "totalOperatingExpense": 440,
        "totalOtherIncomeExpenseNet": 13
      },
      {
        "costOfGoodsSold": 8763,
        "dilutedAverageSharesOutstanding": 326,
        "dilutedEPS": 1.44,
        "ebit": 704,
        "grossIncome": 1162,
        "interestExpense": 127,
        "interestIncomeExpense": -113,
        "netIncome": 470,
        "netIncomeAfterTaxes": 474,
        "nonRecurringItems": 0,
        "period": "2024-03-31",
        "pretaxIncome": 596,
        "provisionforIncomeTaxes": 122,
        "researchDevelopment": 32,
        "revenue": 9925,
        "sgaExpense": 426,
        "totalOperatingExpense": 458,
        "totalOtherIncomeExpenseNet": 5
      },
      {
        "costOfGoodsSold": 8940,
        "dilutedAverageSharesOutstanding": 326,
        "dilutedEPS": 0.56,
        "ebit": 556,
        "grossIncome": 989,
        "interestExpense": 121,
        "interestIncomeExpense": -111,
        "netIncome": 183,
        "netIncomeAfterTaxes": 186,
        "nonRecurringItems": -241,
        "period": "2023-12-31",
        "pretaxIncome": 179,
        "provisionforIncomeTaxes": -7,
        "researchDevelopment": 34,
        "revenue": 9929,
        "sgaExpense": 399,
        "totalOperatingExpense": 433,
        "totalOtherIncomeExpenseNet": -25
      },
      {
        "costOfGoodsSold": 9177,
        "dilutedAverageSharesOutstanding": 325,
        "dilutedEPS": 2.29,
        "ebit": 1039,
        "grossIncome": 1448,
        "interestExpense": 125,
        "interestIncomeExpense": -82,
        "netIncome": 743,
        "netIncomeAfterTaxes": 748,
        "nonRecurringItems": -25,
        "period": "2023-09-30",
        "pretaxIncome": 901,
        "provisionforIncomeTaxes": 153,
        "researchDevelopment": 31,
        "revenue": 10625,
        "sgaExpense": 378,
        "totalOperatingExpense": 409,
        "totalOtherIncomeExpenseNet": -31
      },
      {
        "costOfGoodsSold": 8868,
        "dilutedAverageSharesOutstanding": 326,
        "dilutedEPS": 2.18,
        "ebit": 1011,
        "grossIncome": 1438,
        "interestExpense": 115,
        "interestIncomeExpense": -99,
        "netIncome": 710,
        "netIncomeAfterTaxes": 717,
        "nonRecurringItems": 0,
        "period": "2023-06-30",
        "pretaxIncome": 905,
        "provisionforIncomeTaxes": 188,
        "researchDevelopment": 32,
        "revenue": 10306,
        "sgaExpense": 395,
        "totalOperatingExpense": 427,
        "totalOtherIncomeExpenseNet": -7
      },
      {
        "costOfGoodsSold": 8864,
        "dilutedAverageSharesOutstanding": 327,
        "dilutedEPS": 1.44,
        "ebit": 965,
        "grossIncome": 1383,
        "interestExpense": 116,
        "interestIncomeExpense": -76,
        "netIncome": 471,
        "netIncomeAfterTaxes": 475,
        "nonRecurringItems": -252,
        "period": "2023-03-31",
        "pretaxIncome": 642,
        "provisionforIncomeTaxes": 167,
        "researchDevelopment": 33,
        "revenue": 10247,
        "sgaExpense": 385,
        "totalOperatingExpense": 418,
        "totalOtherIncomeExpenseNet": 5
      },
      {
        "costOfGoodsSold": 9356,
        "dilutedAverageSharesOutstanding": 310,
        "dilutedEPS": 1.14,
        "ebit": 487,
        "grossIncome": 850,
        "interestExpense": 85,
        "interestIncomeExpense": -103,
        "netIncome": 351,
        "netIncomeAfterTaxes": 355,
        "nonRecurringItems": 0,
        "period": "2022-12-31",
        "pretaxIncome": 389,
        "provisionforIncomeTaxes": 34,
        "researchDevelopment": 29,
        "revenue": 10206,
        "sgaExpense": 334,
        "totalOperatingExpense": 363,
        "totalOtherIncomeExpenseNet": 5
      },
      {
        "costOfGoodsSold": 11088,
        "dilutedAverageSharesOutstanding": 327,
        "dilutedEPS": 1.75,
        "ebit": 812,
        "grossIncome": 1162,
        "interestExpense": 70,
        "interestIncomeExpense": -89,
        "netIncome": 570,
        "netIncomeAfterTaxes": 573,
        "nonRecurringItems": 0,
        "period": "2022-09-30",
        "pretaxIncome": 727,
        "provisionforIncomeTaxes": 154,
        "researchDevelopment": 31,
        "revenue": 12250,
        "sgaExpense": 319,
        "totalOperatingExpense": 350,
        "totalOtherIncomeExpenseNet": 4
      },
      {
        "costOfGoodsSold": 12267,
        "dilutedAverageSharesOutstanding": 329,
        "dilutedEPS": 5,
        "ebit": 2210,
        "grossIncome": 2571,
        "interestExpense": 58,
        "interestIncomeExpense": -32,
        "netIncome": 1643,
        "netIncomeAfterTaxes": 1645,
        "nonRecurringItems": -69,
        "period": "2022-06-30",
        "pretaxIncome": 2023,
        "provisionforIncomeTaxes": 378,
        "researchDevelopment": 32,
        "revenue": 14838,
        "sgaExpense": 329,
        "totalOperatingExpense": 361,
        "totalOtherIncomeExpenseNet": -86
      },
      {
        "costOfGoodsSold": 11136,
        "dilutedAverageSharesOutstanding": 329,
        "dilutedEPS": 4.01,
        "ebit": 1661,
        "grossIncome": 2021,
        "interestExpense": 74,
        "interestIncomeExpense": -43,
        "netIncome": 1318,
        "netIncomeAfterTaxes": 1321,
        "period": "2022-03-31",
        "pretaxIncome": 1637,
        "provisionforIncomeTaxes": 316,
        "researchDevelopment": 32,
        "revenue": 13157,
        "sgaExpense": 328,
        "totalOperatingExpense": 360,
        "totalOtherIncomeExpenseNet": 19
      },
      {
        "costOfGoodsSold": 10934,
        "dilutedAverageSharesOutstanding": 334,
        "dilutedEPS": 2.18,
        "ebit": 1535,
        "grossIncome": 1896,
        "interestExpense": 153,
        "interestIncomeExpense": -84,
        "netIncome": 724,
        "netIncomeAfterTaxes": 731,
        "nonRecurringItems": -624,
        "period": "2021-12-31",
        "pretaxIncome": 866,
        "provisionforIncomeTaxes": 135,
        "researchDevelopment": 33,
        "revenue": 12830,
        "sgaExpense": 328,
        "totalOperatingExpense": 361,
        "totalOtherIncomeExpenseNet": 39
      },
      {
        "costOfGoodsSold": 10109,
        "dilutedAverageSharesOutstanding": 334,
        "dilutedEPS": 5.27,
        "ebit": 2248,
        "grossIncome": 2591,
        "interestExpense": 126,
        "interestIncomeExpense": -17,
        "netIncome": 1760,
        "netIncomeAfterTaxes": 1763,
        "nonRecurringItems": 0,
        "period": "2021-09-30",
        "pretaxIncome": 2215,
        "provisionforIncomeTaxes": 452,
        "researchDevelopment": 30,
        "revenue": 12700,
        "sgaExpense": 313,
        "totalOperatingExpense": 343,
        "totalOtherIncomeExpenseNet": -16
      },
      {
        "costOfGoodsSold": 8676,
        "dilutedAverageSharesOutstanding": 335,
        "dilutedEPS": 6.14,
        "ebit": 2526,
        "grossIncome": 2885,
        "interestExpense": 130,
        "interestIncomeExpense": 18,
        "netIncome": 2058,
        "netIncomeAfterTaxes": 2057,
        "period": "2021-06-30",
        "pretaxIncome": 2563,
        "provisionforIncomeTaxes": 506,
        "researchDevelopment": 32,
        "revenue": 11561,
        "sgaExpense": 327,
        "totalOperatingExpense": 359,
        "totalOtherIncomeExpenseNet": 19
      },
      {
        "costOfGoodsSold": 7678,
        "dilutedAverageSharesOutstanding": 334,
        "dilutedEPS": 3.2,
        "ebit": 1088,
        "grossIncome": 1404,
        "interestExpense": 110,
        "interestIncomeExpense": 32,
        "netIncome": 1068,
        "netIncomeAfterTaxes": 1072,
        "period": "2021-03-31",
        "pretaxIncome": 1142,
        "provisionforIncomeTaxes": 70,
        "researchDevelopment": 29,
        "revenue": 9082,
        "sgaExpense": 287,
        "totalOperatingExpense": 316,
        "totalOtherIncomeExpenseNet": 22
      },
      {
        "costOfGoodsSold": 6712,
        "dilutedAverageSharesOutstanding": 334,
        "dilutedEPS": 2.56,
        "ebit": 893,
        "grossIncome": 1225,
        "interestExpense": 190,
        "interestIncomeExpense": -44,
        "netIncome": 853,
        "netIncomeAfterTaxes": 857,
        "nonRecurringItems": 0,
        "period": "2020-12-31",
        "pretaxIncome": 896,
        "provisionforIncomeTaxes": 39,
        "researchDevelopment": 34,
        "revenue": 7937,
        "sgaExpense": 298,
        "totalOperatingExpense": 332,
        "totalOtherIncomeExpenseNet": 47
      },
      {
        "costOfGoodsSold": 5885,
        "dilutedAverageSharesOutstanding": 334,
        "dilutedEPS": 0.34,
        "ebit": 605,
        "grossIncome": 891,
        "interestExpense": 122,
        "interestIncomeExpense": -54,
        "netIncome": 112,
        "netIncomeAfterTaxes": 114,
        "nonRecurringItems": -582,
        "period": "2020-09-30",
        "pretaxIncome": -11,
        "provisionforIncomeTaxes": -125,
        "researchDevelopment": 27,
        "revenue": 6776,
        "sgaExpense": 259,
        "totalOperatingExpense": 286,
        "totalOtherIncomeExpenseNet": 20
      },
      {
        "costOfGoodsSold": 4894,
        "dilutedAverageSharesOutstanding": 334,
        "dilutedEPS": 0.94,
        "ebit": 339,
        "grossIncome": 652,
        "interestExpense": 125,
        "interestIncomeExpense": -61,
        "netIncome": 313,
        "netIncomeAfterTaxes": 315,
        "period": "2020-06-30",
        "pretaxIncome": 283,
        "provisionforIncomeTaxes": -32,
        "researchDevelopment": 25,
        "revenue": 5546,
        "sgaExpense": 288,
        "totalOperatingExpense": 313,
        "totalOtherIncomeExpenseNet": 5
      },
      {
        "costOfGoodsSold": 6865,
        "dilutedAverageSharesOutstanding": 334,
        "dilutedEPS": 0.42,
        "ebit": 307,
        "grossIncome": 629,
        "interestExpense": 185,
        "interestIncomeExpense": -84,
        "netIncome": 142,
        "netIncomeAfterTaxes": 143,
        "period": "2020-03-31",
        "pretaxIncome": 218,
        "provisionforIncomeTaxes": 75,
        "researchDevelopment": 27,
        "revenue": 7494,
        "sgaExpense": 295,
        "totalOperatingExpense": 322,
        "totalOtherIncomeExpenseNet": -5
      },
      {
        "costOfGoodsSold": 7028,
        "dilutedAverageSharesOutstanding": 332,
        "dilutedEPS": 1.85,
        "ebit": 814,
        "grossIncome": 1151,
        "interestExpense": 109,
        "interestIncomeExpense": -44,
        "minorityInterest": 0,
        "netIncome": 615,
        "netIncomeAfterTaxes": 612,
        "period": "2019-12-31",
        "pretaxIncome": 752,
        "provisionforIncomeTaxes": 140,
        "researchDevelopment": 30,
        "revenue": 8179,
        "sgaExpense": 307,
        "totalOperatingExpense": 337,
        "totalOtherIncomeExpenseNet": -18
      },
      {
        "costOfGoodsSold": 7270,
        "dilutedAverageSharesOutstanding": 337,
        "dilutedEPS": 2.86,
        "ebit": 1123,
        "grossIncome": 1452,
        "interestExpense": 63,
        "interestIncomeExpense": 5,
        "netIncome": 961,
        "netIncomeAfterTaxes": 969,
        "period": "2019-09-30",
        "pretaxIncome": 1105,
        "provisionforIncomeTaxes": 136,
        "researchDevelopment": 26,
        "revenue": 8722,
        "sgaExpense": 303,
        "totalOperatingExpense": 329,
        "totalOtherIncomeExpenseNet": -23
      },
      {
        "costOfGoodsSold": 7520,
        "dilutedAverageSharesOutstanding": 370,
        "dilutedEPS": 2.71,
        "ebit": 1199,
        "grossIncome": 1528,
        "interestExpense": 35,
        "interestIncomeExpense": -19,
        "netIncome": 1000,
        "netIncomeAfterTaxes": 1006,
        "period": "2019-06-30",
        "pretaxIncome": 1175,
        "provisionforIncomeTaxes": 169,
        "researchDevelopment": 27,
        "revenue": 9048,
        "sgaExpense": 302,
        "totalOperatingExpense": 329,
        "totalOtherIncomeExpenseNet": -5
      },
      {
        "costOfGoodsSold": 7449,
        "dilutedAverageSharesOutstanding": 372,
        "dilutedEPS": 2.19,
        "ebit": 1014,
        "grossIncome": 1329,
        "interestExpense": 58,
        "interestIncomeExpense": 28,
        "netIncome": 814,
        "netIncomeAfterTaxes": 817,
        "period": "2019-03-31",
        "pretaxIncome": 1020,
        "provisionforIncomeTaxes": 203,
        "researchDevelopment": 28,
        "revenue": 8778,
        "sgaExpense": 287,
        "totalOperatingExpense": 315,
        "totalOtherIncomeExpenseNet": -22
      },
      {
        "costOfGoodsSold": 7713,
        "dilutedAverageSharesOutstanding": 381.294,
        "dilutedEPS": 1.8,
        "ebit": 809,
        "grossIncome": 1163,
        "interestExpense": 111,
        "interestIncomeExpense": -38,
        "minorityInterest": 0,
        "netIncome": 688,
        "netIncomeAfterTaxes": 702,
        "period": "2018-12-31",
        "pretaxIncome": 796,
        "provisionforIncomeTaxes": 94,
        "researchDevelopment": 28,
        "revenue": 8876,
        "sgaExpense": 326,
        "totalOperatingExpense": 354,
        "totalOtherIncomeExpenseNet": 25
      },
      {
        "costOfGoodsSold": 8506,
        "dilutedAverageSharesOutstanding": 389.825,
        "dilutedEPS": 2.86,
        "ebit": 1310,
        "grossIncome": 1649,
        "interestExpense": 86,
        "interestIncomeExpense": 49,
        "minorityInterest": 0,
        "netIncome": 1111,
        "netIncomeAfterTaxes": 1115,
        "period": "2018-09-30",
        "pretaxIncome": 1347,
        "provisionforIncomeTaxes": 232,
        "researchDevelopment": 30,
        "revenue": 10155,
        "sgaExpense": 309,
        "totalOperatingExpense": 339,
        "totalOtherIncomeExpenseNet": -12
      },
      {
        "costOfGoodsSold": 8303,
        "dilutedAverageSharesOutstanding": 392,
        "dilutedEPS": 4.22,
        "ebit": 1613,
        "grossIncome": 1903,
        "interestExpense": 83,
        "interestIncomeExpense": 55,
        "minorityInterest": 0,
        "netIncome": 1653,
        "netIncomeAfterTaxes": 1655,
        "period": "2018-06-30",
        "pretaxIncome": 1634,
        "provisionforIncomeTaxes": -21,
        "researchDevelopment": 29,
        "revenue": 10206,
        "sgaExpense": 261,
        "totalOperatingExpense": 290,
        "totalOtherIncomeExpenseNet": -34
      },
      {
        "costOfGoodsSold": 8008,
        "dilutedAverageSharesOutstanding": 395,
        "dilutedEPS": 3.11,
        "ebit": 1498,
        "grossIncome": 1759,
        "interestExpense": 52,
        "interestIncomeExpense": 7,
        "minorityInterest": 0,
        "netIncome": 1230,
        "netIncomeAfterTaxes": 1231,
        "period": "2018-03-31",
        "pretaxIncome": 1534,
        "provisionforIncomeTaxes": 303,
        "researchDevelopment": 28,
        "revenue": 9767,
        "sgaExpense": 233,
        "totalOperatingExpense": 261,
        "totalOtherIncomeExpenseNet": 29
      },
      {
        "costOfGoodsSold": 7536,
        "dilutedAverageSharesOutstanding": 396,
        "dilutedEPS": 4.77,
        "ebit": 1333,
        "grossIncome": 1599,
        "interestExpense": 77,
        "interestIncomeExpense": -13,
        "minorityInterest": 0,
        "netIncome": 1892,
        "netIncomeAfterTaxes": 1079,
        "period": "2017-12-31",
        "pretaxIncome": 1342,
        "provisionforIncomeTaxes": 263,
        "researchDevelopment": 29,
        "revenue": 9135,
        "sgaExpense": 237,
        "totalOperatingExpense": 266,
        "totalOtherIncomeExpenseNet": 22
      },
      {
        "costOfGoodsSold": 6945,
        "dilutedAverageSharesOutstanding": 395,
        "dilutedEPS": 2.68,
        "ebit": 1326,
        "grossIncome": 1571,
        "interestExpense": 97,
        "interestIncomeExpense": -8,
        "minorityInterest": 1,
        "netIncome": 1056,
        "netIncomeAfterTaxes": 1058,
        "period": "2017-09-30",
        "pretaxIncome": 1438,
        "provisionforIncomeTaxes": 380,
        "researchDevelopment": 27,
        "revenue": 8516,
        "sgaExpense": 218,
        "totalOperatingExpense": 245,
        "totalOtherIncomeExpenseNet": 120
      },
      {
        "costOfGoodsSold": 6574,
        "dilutedAverageSharesOutstanding": 402,
        "dilutedEPS": 2.82,
        "ebit": 1604,
        "grossIncome": 1829,
        "interestExpense": 114,
        "interestIncomeExpense": -40,
        "minorityInterest": 1,
        "netIncome": 1130,
        "netIncomeAfterTaxes": 1134,
        "period": "2017-06-30",
        "pretaxIncome": 1593,
        "provisionforIncomeTaxes": 459,
        "researchDevelopment": 25,
        "revenue": 8403,
        "sgaExpense": 200,
        "totalOperatingExpense": 225,
        "totalOtherIncomeExpenseNet": 29
      },
      {
        "costOfGoodsSold": 6979,
        "dilutedAverageSharesOutstanding": 403,
        "dilutedEPS": 1.97,
        "ebit": 1222,
        "grossIncome": 1451,
        "interestExpense": 206,
        "interestIncomeExpense": -133,
        "minorityInterest": 0,
        "netIncome": 796,
        "netIncomeAfterTaxes": 805,
        "period": "2017-03-31",
        "pretaxIncome": 1120,
        "provisionforIncomeTaxes": 315,
        "researchDevelopment": 25,
        "revenue": 8430,
        "sgaExpense": 204,
        "totalOperatingExpense": 229,
        "totalOtherIncomeExpenseNet": 31
      },
      {
        "costOfGoodsSold": 6445,
        "dilutedAverageSharesOutstanding": 407,
        "dilutedEPS": 1.89,
        "ebit": 1023,
        "grossIncome": 1302,
        "interestExpense": 61,
        "interestIncomeExpense": 25,
        "minorityInterest": 0,
        "netIncome": 762,
        "netIncomeAfterTaxes": 770,
        "period": "2016-12-31",
        "pretaxIncome": 1052,
        "provisionforIncomeTaxes": 282,
        "researchDevelopment": 26,
        "revenue": 7747,
        "sgaExpense": 253,
        "totalOperatingExpense": 279,
        "totalOtherIncomeExpenseNet": 4
      },
      {
        "costOfGoodsSold": 5890,
        "dilutedAverageSharesOutstanding": 414,
        "dilutedEPS": 2.3,
        "ebit": 1262,
        "grossIncome": 1475,
        "interestExpense": 60,
        "interestIncomeExpense": 1,
        "minorityInterest": -1,
        "netIncome": 951,
        "netIncomeAfterTaxes": 955,
        "period": "2016-09-30",
        "pretaxIncome": 1281,
        "provisionforIncomeTaxes": 326,
        "researchDevelopment": 25,
        "revenue": 7365,
        "sgaExpense": 188,
        "totalOperatingExpense": 213,
        "totalOtherIncomeExpenseNet": 18
      },
      {
        "costOfGoodsSold": 5682,
        "dilutedAverageSharesOutstanding": 425,
        "dilutedEPS": 2.57,
        "ebit": 1423,
        "grossIncome": 1646,
        "interestExpense": 94,
        "interestIncomeExpense": 11,
        "minorityInterest": 0,
        "netIncome": 1091,
        "netIncomeAfterTaxes": 1092,
        "period": "2016-06-30",
        "pretaxIncome": 1438,
        "provisionforIncomeTaxes": 346,
        "researchDevelopment": 24,
        "revenue": 7328,
        "sgaExpense": 199,
        "totalOperatingExpense": 223,
        "totalOtherIncomeExpenseNet": 4
      },
      {
        "costOfGoodsSold": 5152,
        "dilutedAverageSharesOutstanding": 434,
        "dilutedEPS": 2.37,
        "ebit": 1374,
        "grossIncome": 1591,
        "interestExpense": 115,
        "interestIncomeExpense": 19,
        "minorityInterest": 0,
        "netIncome": 1029,
        "netIncomeAfterTaxes": 1030,
        "period": "2016-03-31",
        "pretaxIncome": 1462,
        "provisionforIncomeTaxes": 432,
        "researchDevelopment": 24,
        "revenue": 6743,
        "sgaExpense": 193,
        "totalOperatingExpense": 217,
        "totalOtherIncomeExpenseNet": 69
      },
      {
        "costOfGoodsSold": 5772,
        "dilutedAverageSharesOutstanding": 462,
        "dilutedEPS": 1.72,
        "ebit": 1072,
        "grossIncome": 1299,
        "interestExpense": 59,
        "interestIncomeExpense": 35,
        "minorityInterest": 0,
        "netIncome": 794,
        "netIncomeAfterTaxes": 797,
        "period": "2015-12-31",
        "pretaxIncome": 1059,
        "provisionforIncomeTaxes": 262,
        "researchDevelopment": 26,
        "revenue": 7071,
        "sgaExpense": 201,
        "totalOperatingExpense": 227,
        "totalOtherIncomeExpenseNet": -48
      },
      {
        "costOfGoodsSold": 6451,
        "dilutedAverageSharesOutstanding": 463,
        "dilutedEPS": 2.56,
        "ebit": 1664,
        "grossIncome": 1883,
        "interestExpense": 116,
        "interestIncomeExpense": -2,
        "minorityInterest": -1,
        "netIncome": 1184,
        "netIncomeAfterTaxes": 1189,
        "period": "2015-09-30",
        "pretaxIncome": 1676,
        "provisionforIncomeTaxes": 487,
        "researchDevelopment": 25,
        "revenue": 8334,
        "sgaExpense": 194,
        "totalOperatingExpense": 219,
        "totalOtherIncomeExpenseNet": 14
      }
    ],
    "symbol": "LYB"
  }
}