{
  "symbol": "HUM",
  "statement": "ic",
  "frequency": "annual",
  "timestamp": "2025-09-19T14:01:47.020125",
  "data": {
    "financials": [
      {
        "benefitsClaimsLossAdjustment": 100664,
        "depreciationAmortization": 839,
        "dilutedAverageSharesOutstanding": 120.869,
        "dilutedEPS": 9.986,
        "ebit": 3043,
        "equityEarningsAffiliates": -94,
        "grossPremiumsEarned": 116535,
        "interestExpense": 660,
        "interestIncomeExpense": -660,
        "minorityInterest": -7,
        "netIncome": 1207,
        "netIncomeAfterTaxes": 1308,
        "nonRecurringItems": -481,
        "otherOperatingExpensesTotal": 12967,
        "period": "2024-12-31",
        "pretaxIncome": 1721,
        "provisionforIncomeTaxes": 413,
        "revenue": 117761,
        "sgaExpense": 248,
        "totalOperatingExpense": 114718,
        "totalOtherIncomeExpenseNet": -181,
        "year": 2024
      },
      {
        "benefitsClaimsLossAdjustment": 88394,
        "depreciationAmortization": 779,
        "dilutedAverageSharesOutstanding": 124.441,
        "dilutedEPS": 20.0014,
        "ebit": 4667,
        "equityEarningsAffiliates": -63,
        "grossPremiumsEarned": 105305,
        "interestExpense": 493,
        "interestIncomeExpense": -493,
        "minorityInterest": 5,
        "netIncome": 2489,
        "netIncomeAfterTaxes": 2547,
        "nonRecurringItems": -654,
        "otherOperatingExpensesTotal": 12269,
        "period": "2023-12-31",
        "pretaxIncome": 3383,
        "provisionforIncomeTaxes": 836,
        "revenue": 106374,
        "sgaExpense": 265,
        "totalOperatingExpense": 101707,
        "totalOtherIncomeExpenseNet": -137,
        "year": 2023
      },
      {
        "benefitsClaimsLossAdjustment": 75690,
        "depreciationAmortization": 709,
        "dilutedAverageSharesOutstanding": 127,
        "dilutedEPS": 22.08,
        "ebit": 4153,
        "equityEarningsAffiliates": -4,
        "grossPremiumsEarned": 92488,
        "interestExpense": 401,
        "interestIncomeExpense": -401,
        "minorityInterest": 4,
        "netIncome": 2806,
        "netIncomeAfterTaxes": 2806,
        "nonRecurringItems": -116,
        "otherOperatingExpensesTotal": 12318,
        "period": "2022-12-31",
        "pretaxIncome": 3568,
        "provisionforIncomeTaxes": 762,
        "revenue": 92870,
        "totalOperatingExpense": 88717,
        "totalOtherIncomeExpenseNet": -68,
        "year": 2022
      },
      {
        "benefitsClaimsLossAdjustment": 69199,
        "depreciationAmortization": 596,
        "dilutedAverageSharesOutstanding": 129,
        "dilutedEPS": 22.73,
        "ebit": 3276,
        "equityEarningsAffiliates": 65,
        "grossPremiumsEarned": 82877,
        "interestExpense": 326,
        "interestIncomeExpense": -326,
        "minorityInterest": -1,
        "netIncome": 2933,
        "netIncomeAfterTaxes": 2869,
        "nonRecurringItems": -128,
        "otherOperatingExpensesTotal": 9993,
        "period": "2021-12-31",
        "pretaxIncome": 3354,
        "provisionforIncomeTaxes": 485,
        "revenue": 83064,
        "totalOperatingExpense": 79788,
        "totalOtherIncomeExpenseNet": 532,
        "year": 2021
      },
      {
        "benefitsClaimsLossAdjustment": 61628,
        "depreciationAmortization": 489,
        "dilutedAverageSharesOutstanding": 133,
        "dilutedEPS": 25.31,
        "ebit": 4986,
        "equityEarningsAffiliates": 74,
        "grossPremiumsEarned": 76001,
        "interestExpense": 283,
        "interestIncomeExpense": -283,
        "netIncome": 3367,
        "netIncomeAfterTaxes": 3293,
        "nonRecurringItems": 0,
        "otherOperatingExpensesTotal": 10052,
        "period": "2020-12-31",
        "pretaxIncome": 4600,
        "provisionforIncomeTaxes": 1307,
        "revenue": 77155,
        "totalOperatingExpense": 72169,
        "totalOtherIncomeExpenseNet": -103,
        "year": 2020
      },
      {
        "benefitsClaimsLossAdjustment": 53857,
        "depreciationAmortization": 458,
        "dilutedAverageSharesOutstanding": 135,
        "dilutedEPS": 20.05,
        "ebit": 3192,
        "equityEarningsAffiliates": 14,
        "grossPremiumsEarned": 64387,
        "interestExpense": 242,
        "interestIncomeExpense": -242,
        "netIncome": 2707,
        "netIncomeAfterTaxes": 2693,
        "nonRecurringItems": 0,
        "otherOperatingExpensesTotal": 7145,
        "period": "2019-12-31",
        "pretaxIncome": 3456,
        "provisionforIncomeTaxes": 763,
        "revenue": 64888,
        "sgaExpense": 236,
        "totalOperatingExpense": 61696,
        "totalOtherIncomeExpenseNet": 506,
        "year": 2019
      },
      {
        "benefitsClaimsLossAdjustment": 45882,
        "depreciationAmortization": 405,
        "dilutedAverageSharesOutstanding": 138,
        "dilutedEPS": 12.19,
        "ebit": 3100,
        "equityEarningsAffiliates": 11,
        "grossPremiumsEarned": 56398,
        "interestExpense": 218,
        "interestIncomeExpense": -218,
        "netIncome": 1683,
        "netIncomeAfterTaxes": 1711,
        "nonRecurringItems": -786,
        "otherOperatingExpensesTotal": 7525,
        "period": "2018-12-31",
        "pretaxIncome": 2063,
        "provisionforIncomeTaxes": 352,
        "revenue": 56912,
        "totalOperatingExpense": 53812,
        "totalOtherIncomeExpenseNet": -33,
        "year": 2018
      },
      {
        "benefitsClaimsLossAdjustment": 43496,
        "depreciationAmortization": 378,
        "dilutedAverageSharesOutstanding": 146,
        "dilutedEPS": 16.76,
        "ebit": 3326,
        "grossPremiumsEarned": 53362,
        "interestExpense": 242,
        "interestIncomeExpense": -242,
        "netIncome": 2448,
        "netIncomeAfterTaxes": 2581,
        "nonRecurringItems": 936,
        "otherOperatingExpensesTotal": 6567,
        "period": "2017-12-31",
        "pretaxIncome": 4020,
        "provisionforIncomeTaxes": 1439,
        "revenue": 53767,
        "totalOperatingExpense": 50441,
        "year": 2017
      },
      {
        "benefitsClaimsLossAdjustment": 45007,
        "depreciationAmortization": 354,
        "dilutedAverageSharesOutstanding": 151,
        "dilutedEPS": 4.07,
        "ebit": 1741,
        "grossPremiumsEarned": 53990,
        "interestExpense": 189,
        "interestIncomeExpense": -189,
        "netIncome": 614,
        "netIncomeAfterTaxes": 614,
        "nonRecurringItems": 0,
        "otherOperatingExpensesTotal": 7277,
        "period": "2016-12-31",
        "pretaxIncome": 1552,
        "provisionforIncomeTaxes": 938,
        "revenue": 54379,
        "totalOperatingExpense": 52638,
        "year": 2016
      },
      {
        "benefitsClaimsLossAdjustment": 44269,
        "depreciationAmortization": 355,
        "dilutedAverageSharesOutstanding": 151,
        "dilutedEPS": 8.44,
        "ebit": 2347,
        "grossPremiumsEarned": 53815,
        "interestExpense": 186,
        "interestIncomeExpense": -186,
        "netIncome": 1276,
        "netIncomeAfterTaxes": 1276,
        "nonRecurringItems": 270,
        "otherOperatingExpensesTotal": 7318,
        "period": "2015-12-31",
        "pretaxIncome": 2431,
        "provisionforIncomeTaxes": 1155,
        "revenue": 54289,
        "totalOperatingExpense": 51942,
        "year": 2015
      }
    ],
    "symbol": "HUM"
  }
}