{
  "symbol": "GNRC",
  "statement": "ic",
  "frequency": "quarterly",
  "timestamp": "2025-09-19T14:00:58.833112",
  "data": {
    "financials": [
      {
        "costOfGoodsSold": 644.42,
        "depreciationAmortization": 25.681,
        "dilutedAverageSharesOutstanding": 59.0178,
        "dilutedEPS": 1.2541,
        "ebit": 111.789,
        "grossIncome": 416.749,
        "interestExpense": 18.242,
        "interestIncomeExpense": -18.019,
        "minorityInterest": -0.414,
        "netIncome": 74.016,
        "netIncomeAfterTaxes": 74.43,
        "period": "2025-06-30",
        "pretaxIncome": 89.852,
        "provisionforIncomeTaxes": 15.422,
        "researchDevelopment": 60.354,
        "revenue": 1061.169,
        "sgaExpense": 218.925,
        "totalOperatingExpense": 304.96,
        "totalOtherIncomeExpenseNet": -3.918
      },
      {
        "costOfGoodsSold": 570.135,
        "depreciationAmortization": 25.489,
        "dilutedAverageSharesOutstanding": 59.7476,
        "dilutedEPS": 0.7338,
        "ebit": 83.638,
        "grossIncome": 371.986,
        "interestExpense": 17.11,
        "interestIncomeExpense": -24.832,
        "minorityInterest": -0.438,
        "netIncome": 43.84,
        "netIncomeAfterTaxes": 44.278,
        "period": "2025-03-31",
        "pretaxIncome": 58.514,
        "provisionforIncomeTaxes": 14.236,
        "researchDevelopment": 62.048,
        "revenue": 942.121,
        "sgaExpense": 200.811,
        "totalOperatingExpense": 288.348,
        "totalOtherIncomeExpenseNet": -0.292
      },
      {
        "costOfGoodsSold": 733.384,
        "depreciationAmortization": 24.045,
        "dilutedAverageSharesOutstanding": 59.9752,
        "dilutedEPS": 2.1484,
        "ebit": 198.014,
        "grossIncome": 501.417,
        "interestExpense": 19.88,
        "interestIncomeExpense": -52.629,
        "minorityInterest": -0.443,
        "netIncome": 128.853,
        "netIncomeAfterTaxes": 117.669,
        "nonRecurringItems": 0,
        "period": "2024-12-31",
        "pretaxIncome": 145.005,
        "provisionforIncomeTaxes": 27.336,
        "researchDevelopment": 59.258,
        "revenue": 1234.801,
        "sgaExpense": 220.1,
        "totalOperatingExpense": 303.403,
        "totalOtherIncomeExpenseNet": -0.38
      },
      {
        "costOfGoodsSold": 701.294,
        "depreciationAmortization": 24.157,
        "dilutedAverageSharesOutstanding": 60.3124,
        "dilutedEPS": 1.8859,
        "ebit": 168.624,
        "grossIncome": 472.269,
        "interestExpense": 22.91,
        "interestIncomeExpense": -15.955,
        "minorityInterest": -0.036,
        "netIncome": 113.742,
        "netIncomeAfterTaxes": 113.778,
        "nonRecurringItems": -4.861,
        "period": "2024-09-30",
        "pretaxIncome": 147.231,
        "provisionforIncomeTaxes": 33.453,
        "researchDevelopment": 56.936,
        "revenue": 1173.563,
        "sgaExpense": 222.552,
        "totalOperatingExpense": 303.645,
        "totalOtherIncomeExpenseNet": -0.577
      },
      {
        "costOfGoodsSold": 622.636,
        "depreciationAmortization": 24.791,
        "dilutedAverageSharesOutstanding": 60.6417,
        "dilutedEPS": 0.9748,
        "ebit": 103.235,
        "grossIncome": 375.561,
        "interestExpense": 23.318,
        "interestIncomeExpense": -23.594,
        "minorityInterest": 0.062,
        "netIncome": 59.115,
        "netIncomeAfterTaxes": 59.053,
        "period": "2024-06-30",
        "pretaxIncome": 78.691,
        "provisionforIncomeTaxes": 19.638,
        "researchDevelopment": 53.996,
        "revenue": 998.197,
        "sgaExpense": 193.539,
        "totalOperatingExpense": 272.326,
        "totalOtherIncomeExpenseNet": -0.95
      },
      {
        "costOfGoodsSold": 572.894,
        "depreciationAmortization": 24.75,
        "dilutedAverageSharesOutstanding": 60.4861,
        "dilutedEPS": 0.3893,
        "ebit": 66.869,
        "grossIncome": 316.379,
        "interestExpense": 23.605,
        "interestIncomeExpense": -27.936,
        "minorityInterest": -0.246,
        "netIncome": 23.546,
        "netIncomeAfterTaxes": 26.478,
        "period": "2024-03-31",
        "pretaxIncome": 38.511,
        "provisionforIncomeTaxes": 12.033,
        "researchDevelopment": 49.41,
        "revenue": 889.273,
        "sgaExpense": 175.35,
        "totalOperatingExpense": 249.51,
        "totalOtherIncomeExpenseNet": -0.422
      },
      {
        "costOfGoodsSold": 674.946,
        "depreciationAmortization": 25.26,
        "dilutedAverageSharesOutstanding": 61.1453,
        "dilutedEPS": 1.5695,
        "ebit": 151.428,
        "grossIncome": 388.724,
        "interestExpense": 24.765,
        "interestIncomeExpense": -23.282,
        "minorityInterest": -0.209,
        "netIncome": 95.967,
        "netIncomeAfterTaxes": 96.81,
        "nonRecurringItems": -0.46,
        "period": "2023-12-31",
        "pretaxIncome": 126.806,
        "provisionforIncomeTaxes": 29.996,
        "researchDevelopment": 44.369,
        "revenue": 1063.67,
        "sgaExpense": 167.667,
        "totalOperatingExpense": 237.296,
        "totalOtherIncomeExpenseNet": -0.88
      },
      {
        "costOfGoodsSold": 694.88,
        "depreciationAmortization": 26.718,
        "dilutedAverageSharesOutstanding": 62.0912,
        "dilutedEPS": 0.9717,
        "ebit": 104.776,
        "grossIncome": 375.787,
        "interestExpense": 24.707,
        "interestIncomeExpense": -23.547,
        "minorityInterest": -0.257,
        "netIncome": 60.331,
        "netIncomeAfterTaxes": 60.634,
        "nonRecurringItems": 0,
        "period": "2023-09-30",
        "pretaxIncome": 80.062,
        "provisionforIncomeTaxes": 19.428,
        "researchDevelopment": 43.312,
        "revenue": 1070.667,
        "sgaExpense": 200.981,
        "totalOperatingExpense": 271.011,
        "totalOtherIncomeExpenseNet": -1.167
      },
      {
        "costOfGoodsSold": 671.999,
        "depreciationAmortization": 26.393,
        "dilutedAverageSharesOutstanding": 62.3482,
        "dilutedEPS": 0.6957,
        "ebit": 85.972,
        "grossIncome": 328.421,
        "interestExpense": 25.16,
        "interestIncomeExpense": -24.219,
        "minorityInterest": -0.317,
        "netIncome": 43.377,
        "netIncomeAfterTaxes": 45.515,
        "nonRecurringItems": 0,
        "period": "2023-06-30",
        "pretaxIncome": 61.422,
        "provisionforIncomeTaxes": 15.907,
        "researchDevelopment": 43.942,
        "revenue": 1000.42,
        "sgaExpense": 172.114,
        "totalOperatingExpense": 242.449,
        "totalOtherIncomeExpenseNet": -0.331
      },
      {
        "costOfGoodsSold": 615.411,
        "depreciationAmortization": 25.823,
        "dilutedAverageSharesOutstanding": 62.2945,
        "dilutedEPS": 0.0548,
        "ebit": 44.483,
        "grossIncome": 272.499,
        "interestExpense": 22.995,
        "interestIncomeExpense": -22.307,
        "minorityInterest": -1.731,
        "netIncome": 3.414,
        "netIncomeAfterTaxes": 14.161,
        "period": "2023-03-31",
        "pretaxIncome": 22.01,
        "provisionforIncomeTaxes": 7.849,
        "researchDevelopment": 41.82,
        "revenue": 887.91,
        "sgaExpense": 160.373,
        "totalOperatingExpense": 228.016,
        "totalOtherIncomeExpenseNet": -0.166
      },
      {
        "costOfGoodsSold": 706.065,
        "depreciationAmortization": 25.639,
        "dilutedAverageSharesOutstanding": 64.8344,
        "dilutedEPS": 0.8113,
        "ebit": 108.687,
        "grossIncome": 343.167,
        "interestExpense": 19.523,
        "interestIncomeExpense": -19.014,
        "minorityInterest": -2.876,
        "netIncome": 52.597,
        "netIncomeAfterTaxes": 73.891,
        "nonRecurringItems": -1.459,
        "period": "2022-12-31",
        "pretaxIncome": 87.459,
        "provisionforIncomeTaxes": 13.568,
        "researchDevelopment": 38.446,
        "revenue": 1049.232,
        "sgaExpense": 170.395,
        "totalOperatingExpense": 234.48,
        "totalOtherIncomeExpenseNet": -0.755
      },
      {
        "costOfGoodsSold": 727.154,
        "depreciationAmortization": 25.751,
        "dilutedAverageSharesOutstanding": 64.2676,
        "dilutedEPS": 0.8254,
        "ebit": 87.523,
        "grossIncome": 361.104,
        "interestExpense": 15.514,
        "interestIncomeExpense": -15.063,
        "minorityInterest": -2.176,
        "netIncome": 53.045,
        "netIncomeAfterTaxes": 60.446,
        "nonRecurringItems": 0,
        "period": "2022-09-30",
        "pretaxIncome": 72.04,
        "provisionforIncomeTaxes": 11.594,
        "researchDevelopment": 39.985,
        "revenue": 1088.258,
        "sgaExpense": 207.845,
        "totalOperatingExpense": 273.581,
        "totalOtherIncomeExpenseNet": -0.42
      },
      {
        "costOfGoodsSold": 834.406,
        "depreciationAmortization": 25.876,
        "dilutedAverageSharesOutstanding": 64.7138,
        "dilutedEPS": 2.2053,
        "ebit": 216.844,
        "grossIncome": 456.985,
        "interestExpense": 10.235,
        "interestIncomeExpense": -10.143,
        "minorityInterest": -1.278,
        "netIncome": 142.714,
        "netIncomeAfterTaxes": 157.637,
        "nonRecurringItems": -3.743,
        "period": "2022-06-30",
        "pretaxIncome": 203.463,
        "provisionforIncomeTaxes": 45.826,
        "researchDevelopment": 41.599,
        "revenue": 1291.391,
        "sgaExpense": 172.666,
        "totalOperatingExpense": 240.141,
        "totalOtherIncomeExpenseNet": 0.505
      },
      {
        "costOfGoodsSold": 775.1,
        "depreciationAmortization": 26.1,
        "dilutedAverageSharesOutstanding": 64.8,
        "dilutedEPS": 1.57,
        "ebit": 154.7,
        "grossIncome": 360.7,
        "interestExpense": 9.554,
        "interestIncomeExpense": -9.5,
        "minorityInterest": -3,
        "netIncome": 101.9,
        "netIncomeAfterTaxes": 116.9,
        "period": "2022-03-31",
        "pretaxIncome": 145.5,
        "provisionforIncomeTaxes": 28.6,
        "researchDevelopment": 39.7,
        "revenue": 1135.9,
        "sgaExpense": 140.2,
        "totalOperatingExpense": 206,
        "totalOtherIncomeExpenseNet": 0.2
      },
      {
        "costOfGoodsSold": 704.5,
        "depreciationAmortization": 17.6,
        "dilutedAverageSharesOutstanding": 64.6,
        "dilutedEPS": 2.04,
        "ebit": 197,
        "grossIncome": 362.5,
        "interestExpense": 9.529,
        "interestIncomeExpense": -9.1,
        "minorityInterest": -3.1,
        "netIncome": 131.5,
        "netIncomeAfterTaxes": 146,
        "nonRecurringItems": -21.5,
        "period": "2021-12-31",
        "pretaxIncome": 166.6,
        "provisionforIncomeTaxes": 20.6,
        "researchDevelopment": 29.4,
        "revenue": 1067.1,
        "sgaExpense": 118.5,
        "totalOperatingExpense": 165.6,
        "totalOtherIncomeExpenseNet": 0.2
      },
      {
        "costOfGoodsSold": 606.7,
        "depreciationAmortization": 12.2,
        "dilutedAverageSharesOutstanding": 64.2,
        "dilutedEPS": 1.93,
        "ebit": 173.6,
        "grossIncome": 336,
        "interestExpense": 7.98,
        "interestIncomeExpense": -7.8,
        "minorityInterest": -1.2,
        "netIncome": 124,
        "netIncomeAfterTaxes": 132.8,
        "nonRecurringItems": 0,
        "period": "2021-09-30",
        "pretaxIncome": 165.4,
        "provisionforIncomeTaxes": 32.6,
        "researchDevelopment": 27.2,
        "revenue": 942.7,
        "sgaExpense": 123,
        "totalOperatingExpense": 162.4,
        "totalOtherIncomeExpenseNet": -0.4
      },
      {
        "costOfGoodsSold": 580.2,
        "depreciationAmortization": 11.1,
        "dilutedAverageSharesOutstanding": 64.1,
        "dilutedEPS": 2.01,
        "ebit": 182.9,
        "grossIncome": 339.7,
        "interestExpense": 7.721,
        "interestIncomeExpense": -7.5,
        "minorityInterest": -0.9,
        "netIncome": 128.8,
        "netIncomeAfterTaxes": 127.9,
        "nonRecurringItems": -0.8,
        "period": "2021-06-30",
        "pretaxIncome": 174.3,
        "provisionforIncomeTaxes": 46.4,
        "researchDevelopment": 25.3,
        "revenue": 920,
        "sgaExpense": 120.4,
        "totalOperatingExpense": 156.9,
        "totalOtherIncomeExpenseNet": -0.4
      },
      {
        "costOfGoodsSold": 485.6,
        "depreciationAmortization": 9,
        "dilutedAverageSharesOutstanding": 64.1,
        "dilutedEPS": 2.33,
        "ebit": 189.1,
        "grossIncome": 321.8,
        "interestExpense": 7.723,
        "interestIncomeExpense": -7.1,
        "minorityInterest": -1,
        "netIncome": 149.1,
        "netIncomeAfterTaxes": 149.9,
        "period": "2021-03-31",
        "pretaxIncome": 185.3,
        "provisionforIncomeTaxes": 35.4,
        "researchDevelopment": 22.4,
        "revenue": 807.4,
        "sgaExpense": 101.3,
        "totalOperatingExpense": 132.7,
        "totalOtherIncomeExpenseNet": 3.3
      },
      {
        "costOfGoodsSold": 460.9,
        "depreciationAmortization": 8.9,
        "dilutedAverageSharesOutstanding": 64.3,
        "dilutedEPS": 1.96,
        "ebit": 171.1,
        "grossIncome": 300.2,
        "interestExpense": 7.91,
        "interestIncomeExpense": -7.6,
        "minorityInterest": 0,
        "netIncome": 126,
        "netIncomeAfterTaxes": 125,
        "nonRecurringItems": 0,
        "period": "2020-12-31",
        "pretaxIncome": 164,
        "provisionforIncomeTaxes": 39,
        "researchDevelopment": 21.5,
        "revenue": 761.1,
        "sgaExpense": 98.7,
        "totalOperatingExpense": 129.1,
        "totalOtherIncomeExpenseNet": 0.6
      },
      {
        "costOfGoodsSold": 425.2,
        "depreciationAmortization": 7.9,
        "dilutedAverageSharesOutstanding": 63.8,
        "dilutedEPS": 1.82,
        "ebit": 155.6,
        "grossIncome": 276.1,
        "interestExpense": 8.096,
        "interestIncomeExpense": -7.8,
        "minorityInterest": -0.3,
        "netIncome": 115.8,
        "netIncomeAfterTaxes": 115.2,
        "period": "2020-09-30",
        "pretaxIncome": 147.3,
        "provisionforIncomeTaxes": 32.1,
        "researchDevelopment": 20.7,
        "revenue": 701.4,
        "sgaExpense": 92,
        "totalOperatingExpense": 120.5,
        "totalOtherIncomeExpenseNet": -0.6
      },
      {
        "costOfGoodsSold": 337.9,
        "depreciationAmortization": 7.7,
        "dilutedAverageSharesOutstanding": 63.4,
        "dilutedEPS": 1.02,
        "ebit": 89.6,
        "grossIncome": 209,
        "interestExpense": 7.932,
        "interestIncomeExpense": -7.3,
        "minorityInterest": 2.6,
        "netIncome": 64.6,
        "netIncomeAfterTaxes": 63.6,
        "period": "2020-06-30",
        "pretaxIncome": 82.1,
        "provisionforIncomeTaxes": 18.5,
        "researchDevelopment": 19.5,
        "revenue": 546.8,
        "sgaExpense": 92.3,
        "totalOperatingExpense": 119.4,
        "totalOtherIncomeExpenseNet": -0.2
      },
      {
        "costOfGoodsSold": 303.6,
        "depreciationAmortization": 7.8,
        "dilutedAverageSharesOutstanding": 63.3,
        "dilutedEPS": 0.68,
        "ebit": 62.9,
        "grossIncome": 172.3,
        "interestExpense": 9.053,
        "interestIncomeExpense": -8.1,
        "minorityInterest": 1,
        "netIncome": 42.9,
        "netIncomeAfterTaxes": 43.4,
        "period": "2020-03-31",
        "pretaxIncome": 52.9,
        "provisionforIncomeTaxes": 9.4,
        "researchDevelopment": 18.6,
        "revenue": 475.9,
        "sgaExpense": 83,
        "totalOperatingExpense": 109.5,
        "totalOtherIncomeExpenseNet": -1.9
      },
      {
        "costOfGoodsSold": 368.7,
        "depreciationAmortization": 8.6,
        "dilutedAverageSharesOutstanding": 63.9,
        "dilutedEPS": 1.11,
        "ebit": 104.5,
        "grossIncome": 222.2,
        "interestExpense": 10.116,
        "interestIncomeExpense": -9.2,
        "minorityInterest": -0.3,
        "netIncome": 70.7,
        "netIncomeAfterTaxes": 69.9,
        "nonRecurringItems": -0.9,
        "period": "2019-12-31",
        "pretaxIncome": 83.4,
        "provisionforIncomeTaxes": 13.4,
        "researchDevelopment": 19.5,
        "revenue": 590.9,
        "sgaExpense": 89.6,
        "totalOperatingExpense": 117.8,
        "totalOtherIncomeExpenseNet": -11
      },
      {
        "costOfGoodsSold": 383.6,
        "depreciationAmortization": 7.4,
        "dilutedAverageSharesOutstanding": 62.8,
        "dilutedEPS": 1.18,
        "ebit": 105.6,
        "grossIncome": 217.5,
        "interestExpense": 10.704,
        "interestIncomeExpense": -10.2,
        "minorityInterest": 0.7,
        "netIncome": 74.1,
        "netIncomeAfterTaxes": 74.9,
        "nonRecurringItems": 0,
        "period": "2019-09-30",
        "pretaxIncome": 95,
        "provisionforIncomeTaxes": 20.1,
        "researchDevelopment": 17.6,
        "revenue": 601.1,
        "sgaExpense": 87,
        "totalOperatingExpense": 112,
        "totalOtherIncomeExpenseNet": -0.4
      },
      {
        "costOfGoodsSold": 346.1,
        "depreciationAmortization": 7.3,
        "dilutedAverageSharesOutstanding": 62.4,
        "dilutedEPS": 0.98,
        "ebit": 90.9,
        "grossIncome": 195.8,
        "interestExpense": 10.452,
        "interestIncomeExpense": -10,
        "minorityInterest": 0.3,
        "netIncome": 61.2,
        "netIncomeAfterTaxes": 61.7,
        "nonRecurringItems": 0,
        "period": "2019-06-30",
        "pretaxIncome": 80.5,
        "provisionforIncomeTaxes": 18.8,
        "researchDevelopment": 17.7,
        "revenue": 541.9,
        "sgaExpense": 80,
        "totalOperatingExpense": 104.9,
        "totalOtherIncomeExpenseNet": -0.4
      },
      {
        "costOfGoodsSold": 308.2,
        "depreciationAmortization": 5.3,
        "dilutedAverageSharesOutstanding": 62.2,
        "dilutedEPS": 0.76,
        "ebit": 71.2,
        "grossIncome": 162.2,
        "interestExpense": 10.272,
        "interestIncomeExpense": -9.4,
        "minorityInterest": -0.9,
        "netIncome": 47.3,
        "netIncomeAfterTaxes": 45.8,
        "period": "2019-03-31",
        "pretaxIncome": 60.8,
        "provisionforIncomeTaxes": 15,
        "researchDevelopment": 13.6,
        "revenue": 470.4,
        "sgaExpense": 72.1,
        "totalOperatingExpense": 91,
        "totalOtherIncomeExpenseNet": -1.1
      },
      {
        "costOfGoodsSold": 360.5,
        "depreciationAmortization": 5.3,
        "dilutedAverageSharesOutstanding": 62.1,
        "dilutedEPS": 1.2,
        "ebit": 108.8,
        "grossIncome": 210.9,
        "interestExpense": 10.017,
        "interestIncomeExpense": -9.2,
        "minorityInterest": -1.1,
        "netIncome": 74.5,
        "netIncomeAfterTaxes": 76.7,
        "nonRecurringItems": 0,
        "period": "2018-12-31",
        "pretaxIncome": 96.7,
        "provisionforIncomeTaxes": 20,
        "researchDevelopment": 11.9,
        "revenue": 571.4,
        "sgaExpense": 84.8,
        "totalOperatingExpense": 102,
        "totalOtherIncomeExpenseNet": -2.9
      },
      {
        "costOfGoodsSold": 362.1,
        "depreciationAmortization": 5.7,
        "dilutedAverageSharesOutstanding": 62.2,
        "dilutedEPS": 1.11,
        "ebit": 106.5,
        "grossIncome": 200.3,
        "interestExpense": 9.824,
        "interestIncomeExpense": -9.4,
        "minorityInterest": -0.7,
        "netIncome": 68.9,
        "netIncomeAfterTaxes": 76.5,
        "nonRecurringItems": 0,
        "period": "2018-09-30",
        "pretaxIncome": 96.6,
        "provisionforIncomeTaxes": 20.1,
        "researchDevelopment": 13.7,
        "revenue": 562.4,
        "sgaExpense": 74.5,
        "totalOperatingExpense": 93.8,
        "totalOtherIncomeExpenseNet": -0.5
      },
      {
        "costOfGoodsSold": 319.1,
        "depreciationAmortization": 5.5,
        "dilutedAverageSharesOutstanding": 62.1,
        "dilutedEPS": 0.82,
        "ebit": 85.4,
        "grossIncome": 178.5,
        "interestExpense": 11.002,
        "interestIncomeExpense": -10.6,
        "minorityInterest": -1,
        "netIncome": 51,
        "netIncomeAfterTaxes": 54.2,
        "nonRecurringItems": -1.3,
        "period": "2018-06-30",
        "pretaxIncome": 72.6,
        "provisionforIncomeTaxes": 18.4,
        "researchDevelopment": 12.6,
        "revenue": 497.6,
        "sgaExpense": 74.9,
        "totalOperatingExpense": 93,
        "totalOtherIncomeExpenseNet": -0.9
      },
      {
        "costOfGoodsSold": 258.2,
        "depreciationAmortization": 5.6,
        "dilutedAverageSharesOutstanding": 62.5,
        "dilutedEPS": 0.42,
        "ebit": 56.3,
        "grossIncome": 141.9,
        "interestExpense": 10.113,
        "interestIncomeExpense": -9.8,
        "minorityInterest": -0.1,
        "netIncome": 26,
        "netIncomeAfterTaxes": 33.8,
        "period": "2018-03-31",
        "pretaxIncome": 45.2,
        "provisionforIncomeTaxes": 11.4,
        "researchDevelopment": 11.9,
        "revenue": 400.1,
        "sgaExpense": 68.1,
        "totalOperatingExpense": 85.5,
        "totalOtherIncomeExpenseNet": -1.4
      },
      {
        "costOfGoodsSold": 311.3,
        "depreciationAmortization": 7.3,
        "dilutedAverageSharesOutstanding": 62.5,
        "dilutedEPS": 1.29,
        "ebit": 95.4,
        "grossIncome": 186.8,
        "interestExpense": 10.314,
        "interestIncomeExpense": -10.1,
        "minorityInterest": -1.3,
        "netIncome": 80.9,
        "netIncomeAfterTaxes": 53.8,
        "nonRecurringItems": 0,
        "period": "2017-12-31",
        "pretaxIncome": 84.3,
        "provisionforIncomeTaxes": 30.4,
        "researchDevelopment": 11.2,
        "revenue": 498.2,
        "sgaExpense": 73,
        "totalOperatingExpense": 91.5,
        "totalOtherIncomeExpenseNet": -1
      },
      {
        "costOfGoodsSold": 299.6,
        "depreciationAmortization": 7.2,
        "dilutedAverageSharesOutstanding": 62.3,
        "dilutedEPS": 0.63,
        "ebit": 72.5,
        "grossIncome": 156.2,
        "interestExpense": 10.672,
        "interestIncomeExpense": -10.7,
        "minorityInterest": -0.3,
        "netIncome": 39.4,
        "netIncomeAfterTaxes": 39.8,
        "nonRecurringItems": 0,
        "period": "2017-09-30",
        "pretaxIncome": 60.2,
        "provisionforIncomeTaxes": 20.4,
        "researchDevelopment": 10.9,
        "revenue": 455.8,
        "sgaExpense": 65.6,
        "totalOperatingExpense": 83.7,
        "totalOtherIncomeExpenseNet": -1.7
      },
      {
        "costOfGoodsSold": 262,
        "depreciationAmortization": 7.1,
        "dilutedAverageSharesOutstanding": 62.6,
        "dilutedEPS": 0.4,
        "ebit": 51.8,
        "grossIncome": 132.9,
        "interestExpense": 10.893,
        "interestIncomeExpense": -10.9,
        "minorityInterest": -0.1,
        "netIncome": 25.3,
        "netIncomeAfterTaxes": 25.4,
        "nonRecurringItems": -0.1,
        "period": "2017-06-30",
        "pretaxIncome": 39.3,
        "provisionforIncomeTaxes": 13.9,
        "researchDevelopment": 10.6,
        "revenue": 394.9,
        "sgaExpense": 63.4,
        "totalOperatingExpense": 81.1,
        "totalOtherIncomeExpenseNet": -1.6
      },
      {
        "costOfGoodsSold": 221.7,
        "depreciationAmortization": 7.2,
        "dilutedAverageSharesOutstanding": 62.9,
        "dilutedEPS": 0.19,
        "ebit": 30.9,
        "grossIncome": 108.8,
        "interestExpense": 10.788,
        "interestIncomeExpense": -10.8,
        "minorityInterest": 0,
        "netIncome": 12.2,
        "netIncomeAfterTaxes": 12.2,
        "nonRecurringItems": -0.2,
        "period": "2017-03-31",
        "pretaxIncome": 20,
        "provisionforIncomeTaxes": 7.8,
        "researchDevelopment": 10.3,
        "revenue": 330.5,
        "sgaExpense": 60.4,
        "totalOperatingExpense": 77.9,
        "totalOtherIncomeExpenseNet": 0.1
      },
      {
        "costOfGoodsSold": 263.3,
        "depreciationAmortization": 7.4,
        "dilutedAverageSharesOutstanding": 63.6,
        "dilutedEPS": 0.65,
        "ebit": 77.3,
        "grossIncome": 154.1,
        "interestExpense": 10.854,
        "interestIncomeExpense": -10.8,
        "minorityInterest": -0.1,
        "netIncome": 41.5,
        "netIncomeAfterTaxes": 41.6,
        "nonRecurringItems": -0.7,
        "period": "2016-12-31",
        "pretaxIncome": 66.1,
        "provisionforIncomeTaxes": 24.4,
        "researchDevelopment": 9.7,
        "revenue": 417.4,
        "sgaExpense": 59.8,
        "totalOperatingExpense": 76.9,
        "totalOtherIncomeExpenseNet": 0.3
      },
      {
        "costOfGoodsSold": 235.3,
        "depreciationAmortization": 9.5,
        "dilutedAverageSharesOutstanding": 65.1,
        "dilutedEPS": 0.4,
        "ebit": 56.4,
        "grossIncome": 137.8,
        "interestExpense": 11.299,
        "interestIncomeExpense": -11.3,
        "minorityInterest": 0.2,
        "netIncome": 26.2,
        "netIncomeAfterTaxes": 26,
        "nonRecurringItems": -0.6,
        "period": "2016-09-30",
        "pretaxIncome": 41.5,
        "provisionforIncomeTaxes": 15.5,
        "researchDevelopment": 9.4,
        "revenue": 373.1,
        "sgaExpense": 62.5,
        "totalOperatingExpense": 81.5,
        "totalOtherIncomeExpenseNet": -2.9
      },
      {
        "costOfGoodsSold": 243.2,
        "depreciationAmortization": 8.2,
        "dilutedAverageSharesOutstanding": 66.4,
        "dilutedEPS": 0.31,
        "ebit": 44.1,
        "grossIncome": 124.1,
        "interestExpense": 11.38,
        "interestIncomeExpense": -11.4,
        "minorityInterest": -0.1,
        "netIncome": 20.9,
        "netIncomeAfterTaxes": 20.9,
        "nonRecurringItems": 0,
        "period": "2016-06-30",
        "pretaxIncome": 32.9,
        "provisionforIncomeTaxes": 11.9,
        "researchDevelopment": 9.9,
        "revenue": 367.4,
        "sgaExpense": 62,
        "totalOperatingExpense": 80.1,
        "totalOtherIncomeExpenseNet": 0.2
      },
      {
        "costOfGoodsSold": 188.5,
        "depreciationAmortization": 7.8,
        "dilutedAverageSharesOutstanding": 66.6,
        "dilutedEPS": 0.15,
        "ebit": 26.9,
        "grossIncome": 98.1,
        "interestExpense": 11.035,
        "interestIncomeExpense": -11,
        "minorityInterest": 0,
        "netIncome": 10.2,
        "netIncomeAfterTaxes": 10.2,
        "nonRecurringItems": -0.4,
        "period": "2016-03-31",
        "pretaxIncome": 15.9,
        "provisionforIncomeTaxes": 5.7,
        "researchDevelopment": 8.2,
        "revenue": 286.5,
        "sgaExpense": 55.1,
        "totalOperatingExpense": 71.1,
        "totalOtherIncomeExpenseNet": 0.4
      },
      {
        "costOfGoodsSold": 226.7,
        "depreciationAmortization": 6.1,
        "dilutedAverageSharesOutstanding": 67.5,
        "dilutedEPS": 0.14,
        "ebit": 68,
        "grossIncome": 131.1,
        "interestExpense": 10.602,
        "interestIncomeExpense": -10.6,
        "netIncome": 9.2,
        "netIncomeAfterTaxes": 9.2,
        "nonRecurringItems": -41.7,
        "period": "2015-12-31",
        "pretaxIncome": 15.6,
        "provisionforIncomeTaxes": 6.4,
        "researchDevelopment": 8,
        "revenue": 357.8,
        "sgaExpense": 49,
        "totalOperatingExpense": 63.2,
        "totalOtherIncomeExpenseNet": -0.1
      },
      {
        "costOfGoodsSold": 229,
        "depreciationAmortization": 6.3,
        "dilutedAverageSharesOutstanding": 69.2,
        "dilutedEPS": 0.49,
        "ebit": 67.9,
        "grossIncome": 130.3,
        "interestExpense": 10.21,
        "interestIncomeExpense": -10.2,
        "netIncome": 34,
        "netIncomeAfterTaxes": 34,
        "nonRecurringItems": -0.2,
        "period": "2015-09-30",
        "pretaxIncome": 53.3,
        "provisionforIncomeTaxes": 19.2,
        "researchDevelopment": 8.3,
        "revenue": 359.3,
        "sgaExpense": 47.8,
        "totalOperatingExpense": 62.4,
        "totalOtherIncomeExpenseNet": -4.3
      }
    ],
    "symbol": "GNRC"
  }
}