{
  "symbol": "REGN",
  "statement": "ic",
  "frequency": "annual",
  "timestamp": "2025-09-19T14:06:09.037360",
  "data": {
    "financials": [
      {
        "costOfGoodsSold": 1844.2,
        "dilutedAverageSharesOutstanding": 115.1,
        "dilutedEPS": 38.3371,
        "ebit": 4218,
        "grossIncome": 12357.8,
        "interestExpense": 55.2,
        "interestIncomeExpense": 773.4,
        "netIncome": 4412.6,
        "netIncomeAfterTaxes": 4412.6,
        "nonRecurringItems": -227.3,
        "otherOperatingExpensesTotal": 53.4,
        "period": "2024-12-31",
        "pretaxIncome": 4779.9,
        "provisionforIncomeTaxes": 367.3,
        "researchDevelopment": 5132,
        "revenue": 14202,
        "sgaExpense": 2954.4,
        "totalOperatingExpense": 8139.8,
        "totalOtherIncomeExpenseNet": 15.8,
        "year": 2024
      },
      {
        "costOfGoodsSold": 1713.5,
        "dilutedAverageSharesOutstanding": 113.7,
        "dilutedEPS": 34.7722,
        "ebit": 4335.5,
        "grossIncome": 11403.7,
        "interestExpense": 73,
        "interestIncomeExpense": 172.2,
        "netIncome": 3953.6,
        "netIncomeAfterTaxes": 3953.6,
        "nonRecurringItems": -288.4,
        "otherOperatingExpensesTotal": -2.1,
        "period": "2023-12-31",
        "pretaxIncome": 4199.3,
        "provisionforIncomeTaxes": 245.7,
        "researchDevelopment": 4439,
        "revenue": 13117.2,
        "sgaExpense": 2631.3,
        "totalOperatingExpense": 7068.2,
        "totalOtherIncomeExpenseNet": -20,
        "year": 2023
      },
      {
        "costOfGoodsSold": 1560,
        "dilutedAverageSharesOutstanding": 114,
        "dilutedEPS": 38.05,
        "ebit": 4994,
        "grossIncome": 10613,
        "interestExpense": 59.4,
        "interestIncomeExpense": -20,
        "netIncome": 4338,
        "netIncomeAfterTaxes": 4338,
        "nonRecurringItems": -255,
        "otherOperatingExpensesTotal": -90,
        "period": "2022-12-31",
        "pretaxIncome": 4859,
        "provisionforIncomeTaxes": 520,
        "researchDevelopment": 3593,
        "revenue": 12173,
        "sgaExpense": 2116,
        "totalOperatingExpense": 5619,
        "totalOtherIncomeExpenseNet": 140,
        "year": 2022
      },
      {
        "costOfGoodsSold": 2438,
        "dilutedAverageSharesOutstanding": 112,
        "dilutedEPS": 72.09,
        "ebit": 8947,
        "grossIncome": 13634,
        "interestExpense": 57.3,
        "interestIncomeExpense": 329,
        "netIncome": 8075,
        "netIncomeAfterTaxes": 8075,
        "otherOperatingExpensesTotal": -46,
        "period": "2021-12-31",
        "pretaxIncome": 9326,
        "provisionforIncomeTaxes": 1251,
        "researchDevelopment": 2908,
        "revenue": 16072,
        "sgaExpense": 1825,
        "totalOperatingExpense": 4687,
        "totalOtherIncomeExpenseNet": 50,
        "year": 2021
      },
      {
        "costOfGoodsSold": 1120,
        "dilutedAverageSharesOutstanding": 115,
        "dilutedEPS": 30.54,
        "ebit": 3577,
        "grossIncome": 7377,
        "interestExpense": 56.9,
        "interestIncomeExpense": 139,
        "netIncome": 3513,
        "netIncomeAfterTaxes": 3513,
        "otherOperatingExpensesTotal": -280,
        "period": "2020-12-31",
        "pretaxIncome": 3810,
        "provisionforIncomeTaxes": 297,
        "researchDevelopment": 2735,
        "revenue": 8497,
        "sgaExpense": 1346,
        "totalOperatingExpense": 3801,
        "totalOtherIncomeExpenseNet": 95,
        "year": 2020
      },
      {
        "costOfGoodsSold": 782,
        "dilutedAverageSharesOutstanding": 115,
        "dilutedEPS": 18.39,
        "ebit": 2210,
        "grossIncome": 7081,
        "interestExpense": 30.2,
        "interestIncomeExpense": 88,
        "netIncome": 2116,
        "netIncomeAfterTaxes": 2116,
        "period": "2019-12-31",
        "pretaxIncome": 2429,
        "provisionforIncomeTaxes": 313,
        "researchDevelopment": 3037,
        "revenue": 7863,
        "sgaExpense": 1835,
        "totalOperatingExpense": 4872,
        "totalOtherIncomeExpenseNet": 131,
        "year": 2019
      },
      {
        "costOfGoodsSold": 434,
        "dilutedAverageSharesOutstanding": 115,
        "dilutedEPS": 21.25,
        "ebit": 2534,
        "grossIncome": 6277,
        "interestExpense": 28.2,
        "interestIncomeExpense": 14,
        "netIncome": 2444,
        "netIncomeAfterTaxes": 2376,
        "period": "2018-12-31",
        "pretaxIncome": 2554,
        "provisionforIncomeTaxes": 177,
        "researchDevelopment": 2186,
        "revenue": 6711,
        "sgaExpense": 1556,
        "totalOperatingExpense": 3742,
        "totalOtherIncomeExpenseNet": 5,
        "year": 2018
      },
      {
        "costOfGoodsSold": 397,
        "dilutedAverageSharesOutstanding": 116,
        "dilutedEPS": 10.33,
        "ebit": 2080,
        "grossIncome": 5475,
        "interestExpense": 25.119,
        "interestIncomeExpense": -25,
        "netIncome": 1199,
        "netIncomeAfterTaxes": 1525,
        "period": "2017-12-31",
        "pretaxIncome": 2079,
        "provisionforIncomeTaxes": 554,
        "researchDevelopment": 2075,
        "revenue": 5872,
        "sgaExpense": 1320,
        "totalOperatingExpense": 3396,
        "totalOtherIncomeExpenseNet": 24,
        "year": 2017
      },
      {
        "costOfGoodsSold": 300,
        "dilutedAverageSharesOutstanding": 116,
        "dilutedEPS": 7.72,
        "ebit": 1331,
        "grossIncome": 4561,
        "interestExpense": 7.195,
        "interestIncomeExpense": -7,
        "netIncome": 896,
        "netIncomeAfterTaxes": 896,
        "period": "2016-12-31",
        "pretaxIncome": 1330,
        "provisionforIncomeTaxes": 434,
        "researchDevelopment": 2052,
        "revenue": 4860,
        "sgaExpense": 1178,
        "totalOperatingExpense": 3230,
        "totalOtherIncomeExpenseNet": 6,
        "year": 2016
      },
      {
        "costOfGoodsSold": 393,
        "dilutedAverageSharesOutstanding": 115,
        "dilutedEPS": 5.52,
        "ebit": 1252,
        "grossIncome": 3711,
        "interestExpense": 14.241,
        "interestIncomeExpense": -14,
        "netIncome": 636,
        "netIncomeAfterTaxes": 636,
        "nonRecurringItems": -19,
        "period": "2015-12-31",
        "pretaxIncome": 1225,
        "provisionforIncomeTaxes": 589,
        "researchDevelopment": 1621,
        "revenue": 4104,
        "sgaExpense": 839,
        "totalOperatingExpense": 2459,
        "totalOtherIncomeExpenseNet": 6,
        "year": 2015
      }
    ],
    "symbol": "REGN"
  }
}