{
  "symbol": "OXY",
  "statement": "ic",
  "frequency": "quarterly",
  "timestamp": "2025-09-19T14:05:00.090660",
  "data": {
    "financials": [
      {
        "costOfGoodsSold": 2391,
        "depreciationAmortization": 1936,
        "dilutedAverageSharesOutstanding": 1010.4,
        "dilutedEPS": 0.2583,
        "ebit": 954,
        "grossIncome": 4023,
        "interestIncomeExpense": -210,
        "minorityInterest": -10,
        "netIncome": 261,
        "netIncomeAfterTaxes": 468,
        "nonRecurringItems": -6,
        "otherOperatingExpensesTotal": 497,
        "period": "2025-06-30",
        "pretaxIncome": 738,
        "provisionforIncomeTaxes": 270,
        "researchDevelopment": 83,
        "revenue": 6414,
        "sgaExpense": 553,
        "totalOperatingExpense": 3069
      },
      {
        "costOfGoodsSold": 2431,
        "depreciationAmortization": 1917,
        "dilutedAverageSharesOutstanding": 982.9,
        "dilutedEPS": 0.77,
        "ebit": 1477,
        "grossIncome": 4372,
        "interestExpense": 318,
        "interestIncomeExpense": -139,
        "minorityInterest": -9,
        "netIncome": 761,
        "netIncomeAfterTaxes": 945,
        "nonRecurringItems": -6,
        "otherOperatingExpensesTotal": 392,
        "period": "2025-03-31",
        "pretaxIncome": 1332,
        "provisionforIncomeTaxes": 387,
        "researchDevelopment": 55,
        "revenue": 6803,
        "sgaExpense": 531,
        "totalOperatingExpense": 2895
      },
      {
        "costOfGoodsSold": 2465,
        "depreciationAmortization": 1977,
        "dilutedAverageSharesOutstanding": 940.9,
        "dilutedEPS": -0.31,
        "ebit": 1197,
        "grossIncome": 4295,
        "interestExpense": 327,
        "interestIncomeExpense": -97,
        "minorityInterest": -7,
        "netIncome": -295,
        "netIncomeAfterTaxes": -120,
        "nonRecurringItems": -1269,
        "otherOperatingExpensesTotal": 493,
        "period": "2024-12-31",
        "pretaxIncome": -169,
        "provisionforIncomeTaxes": -49,
        "researchDevelopment": 69,
        "revenue": 6760,
        "sgaExpense": 559,
        "totalOperatingExpense": 3098
      },
      {
        "costOfGoodsSold": 2503,
        "depreciationAmortization": 1926,
        "dilutedAverageSharesOutstanding": 975.7,
        "dilutedEPS": 0.98,
        "ebit": 1829,
        "grossIncome": 4670,
        "interestExpense": 312,
        "interestIncomeExpense": -165,
        "minorityInterest": -7,
        "netIncome": 959,
        "netIncomeAfterTaxes": 1140,
        "nonRecurringItems": -70,
        "otherOperatingExpensesTotal": 334,
        "period": "2024-09-30",
        "pretaxIncome": 1594,
        "provisionforIncomeTaxes": 454,
        "researchDevelopment": 57,
        "revenue": 7173,
        "sgaExpense": 524,
        "totalOperatingExpense": 2841
      },
      {
        "costOfGoodsSold": 2494,
        "depreciationAmortization": 1775,
        "dilutedAverageSharesOutstanding": 958.9,
        "dilutedEPS": 1.03,
        "ebit": 1597,
        "grossIncome": 4323,
        "interestExpense": 252,
        "interestIncomeExpense": 52,
        "minorityInterest": -8,
        "netIncome": 985,
        "netIncomeAfterTaxes": 1170,
        "nonRecurringItems": -14,
        "otherOperatingExpensesTotal": 344,
        "period": "2024-06-30",
        "pretaxIncome": 1635,
        "provisionforIncomeTaxes": 465,
        "researchDevelopment": 83,
        "revenue": 6817,
        "sgaExpense": 524,
        "totalOperatingExpense": 2726
      },
      {
        "costOfGoodsSold": 2342,
        "depreciationAmortization": 1693,
        "dilutedAverageSharesOutstanding": 948.6,
        "dilutedEPS": 0.75,
        "ebit": 970,
        "grossIncome": 3633,
        "interestExpense": 284,
        "interestIncomeExpense": 52,
        "netIncome": 714,
        "netIncomeAfterTaxes": 706,
        "nonRecurringItems": -12,
        "otherOperatingExpensesTotal": 410,
        "period": "2024-03-31",
        "pretaxIncome": 1010,
        "provisionforIncomeTaxes": 304,
        "researchDevelopment": 66,
        "revenue": 5975,
        "sgaExpense": 494,
        "totalOperatingExpense": 2663
      },
      {
        "costOfGoodsSold": 3035,
        "depreciationAmortization": 1723,
        "dilutedAverageSharesOutstanding": 950.4,
        "dilutedEPS": 1.08,
        "ebit": 1332,
        "grossIncome": 4137,
        "interestExpense": 247,
        "interestIncomeExpense": 253,
        "netIncome": 1029,
        "netIncomeAfterTaxes": 1198,
        "nonRecurringItems": -26,
        "otherOperatingExpensesTotal": 438,
        "period": "2023-12-31",
        "pretaxIncome": 1559,
        "provisionforIncomeTaxes": 361,
        "researchDevelopment": 112,
        "revenue": 7172,
        "sgaExpense": 532,
        "totalOperatingExpense": 2805
      },
      {
        "costOfGoodsSold": 2754,
        "depreciationAmortization": 1712,
        "dilutedAverageSharesOutstanding": 958.2,
        "dilutedEPS": 1.21,
        "ebit": 1691,
        "grossIncome": 4404,
        "interestExpense": 230,
        "interestIncomeExpense": 118,
        "netIncome": 1156,
        "netIncomeAfterTaxes": 1375,
        "nonRecurringItems": 0,
        "otherOperatingExpensesTotal": 328,
        "period": "2023-09-30",
        "pretaxIncome": 1809,
        "provisionforIncomeTaxes": 434,
        "researchDevelopment": 125,
        "revenue": 7158,
        "sgaExpense": 548,
        "totalOperatingExpense": 2713
      },
      {
        "costOfGoodsSold": 2786,
        "depreciationAmortization": 1709,
        "dilutedAverageSharesOutstanding": 958.8,
        "dilutedEPS": 0.63,
        "ebit": 1552,
        "grossIncome": 3916,
        "interestExpense": 230,
        "interestIncomeExpense": -16,
        "netIncome": 605,
        "netIncomeAfterTaxes": 860,
        "nonRecurringItems": -209,
        "otherOperatingExpensesTotal": 10,
        "period": "2023-06-30",
        "pretaxIncome": 1327,
        "provisionforIncomeTaxes": 467,
        "researchDevelopment": 102,
        "revenue": 6702,
        "sgaExpense": 543,
        "totalOperatingExpense": 2364
      },
      {
        "costOfGoodsSold": 2708,
        "depreciationAmortization": 1721,
        "dilutedAverageSharesOutstanding": 975.3,
        "dilutedEPS": 1.01,
        "ebit": 1839,
        "grossIncome": 4517,
        "interestExpense": 238,
        "interestIncomeExpense": -105,
        "netIncome": 983,
        "netIncomeAfterTaxes": 1263,
        "nonRecurringItems": 0,
        "otherOperatingExpensesTotal": 308,
        "period": "2023-03-31",
        "pretaxIncome": 1734,
        "provisionforIncomeTaxes": 471,
        "researchDevelopment": 102,
        "revenue": 7225,
        "sgaExpense": 547,
        "totalOperatingExpense": 2678
      },
      {
        "costOfGoodsSold": 2934,
        "depreciationAmortization": 1819,
        "dilutedAverageSharesOutstanding": 990.3,
        "dilutedEPS": 1.74,
        "ebit": 2368,
        "grossIncome": 5285,
        "interestExpense": 260,
        "interestIncomeExpense": 39,
        "netIncome": 1727,
        "netIncomeAfterTaxes": 1927,
        "nonRecurringItems": -7,
        "otherOperatingExpensesTotal": 362,
        "period": "2022-12-31",
        "pretaxIncome": 2400,
        "provisionforIncomeTaxes": 473,
        "researchDevelopment": 118,
        "revenue": 8219,
        "sgaExpense": 618,
        "totalOperatingExpense": 2917
      },
      {
        "costOfGoodsSold": 3054,
        "depreciationAmortization": 1736,
        "dilutedAverageSharesOutstanding": 1002.5,
        "dilutedEPS": 2.54,
        "ebit": 3560,
        "grossIncome": 6336,
        "interestExpense": 285,
        "interestIncomeExpense": 92,
        "netIncome": 2546,
        "netIncomeAfterTaxes": 2746,
        "nonRecurringItems": -4,
        "otherOperatingExpensesTotal": 319,
        "period": "2022-09-30",
        "pretaxIncome": 3648,
        "provisionforIncomeTaxes": 902,
        "researchDevelopment": 47,
        "revenue": 9390,
        "sgaExpense": 674,
        "totalOperatingExpense": 2776
      },
      {
        "costOfGoodsSold": 3235,
        "depreciationAmortization": 1728,
        "dilutedAverageSharesOutstanding": 1018.3,
        "dilutedEPS": 3.49,
        "ebit": 4726,
        "grossIncome": 7441,
        "interestExpense": 114,
        "interestIncomeExpense": 273,
        "netIncome": 3555,
        "netIncomeAfterTaxes": 3755,
        "nonRecurringItems": -13,
        "otherOperatingExpensesTotal": 291,
        "period": "2022-06-30",
        "pretaxIncome": 4986,
        "provisionforIncomeTaxes": 1231,
        "researchDevelopment": 26,
        "revenue": 10676,
        "sgaExpense": 670,
        "totalOperatingExpense": 2715
      },
      {
        "costOfGoodsSold": 2840,
        "depreciationAmortization": 1643,
        "dilutedAverageSharesOutstanding": 1005.591,
        "dilutedEPS": 4.65,
        "ebit": 3011,
        "grossIncome": 5509,
        "interestExpense": 371,
        "interestIncomeExpense": 137,
        "netIncome": 4676,
        "netIncomeAfterTaxes": 4876,
        "nonRecurringItems": -65,
        "otherOperatingExpensesTotal": 299,
        "period": "2022-03-31",
        "pretaxIncome": 3083,
        "provisionforIncomeTaxes": -1793,
        "researchDevelopment": 25,
        "revenue": 8349,
        "sgaExpense": 531,
        "totalOperatingExpense": 2498
      },
      {
        "costOfGoodsSold": 2655,
        "depreciationAmortization": 1966,
        "dilutedAverageSharesOutstanding": 972.6,
        "dilutedEPS": 1.37,
        "ebit": 2340,
        "grossIncome": 5258,
        "interestExpense": 385,
        "interestIncomeExpense": -148,
        "minorityInterest": 0,
        "netIncome": 1337,
        "netIncomeAfterTaxes": 1561,
        "nonRecurringItems": -162,
        "otherOperatingExpensesTotal": 303,
        "period": "2021-12-31",
        "pretaxIncome": 2030,
        "provisionforIncomeTaxes": 469,
        "researchDevelopment": 107,
        "revenue": 7913,
        "sgaExpense": 542,
        "totalOperatingExpense": 2918
      },
      {
        "costOfGoodsSold": 2508,
        "depreciationAmortization": 1916,
        "dilutedAverageSharesOutstanding": 957.7,
        "dilutedEPS": 0.66,
        "ebit": 1552,
        "grossIncome": 4284,
        "interestExpense": 449,
        "interestIncomeExpense": -289,
        "netIncome": 628,
        "netIncomeAfterTaxes": 830,
        "nonRecurringItems": -46,
        "otherOperatingExpensesTotal": 256,
        "period": "2021-09-30",
        "pretaxIncome": 1217,
        "provisionforIncomeTaxes": 387,
        "researchDevelopment": 31,
        "revenue": 6792,
        "sgaExpense": 529,
        "totalOperatingExpense": 2732
      },
      {
        "costOfGoodsSold": 2239,
        "depreciationAmortization": 2371,
        "dilutedAverageSharesOutstanding": 934.2,
        "dilutedEPS": -0.11,
        "ebit": 593,
        "grossIncome": 3719,
        "interestExpense": 385,
        "interestIncomeExpense": -377,
        "netIncome": -97,
        "netIncomeAfterTaxes": 100,
        "nonRecurringItems": -73,
        "otherOperatingExpensesTotal": 248,
        "period": "2021-06-30",
        "pretaxIncome": 143,
        "provisionforIncomeTaxes": 43,
        "researchDevelopment": 86,
        "revenue": 5958,
        "sgaExpense": 421,
        "totalOperatingExpense": 3126
      },
      {
        "costOfGoodsSold": 2257,
        "depreciationAmortization": 2194,
        "dilutedAverageSharesOutstanding": 933.1,
        "dilutedEPS": -0.37,
        "ebit": 180,
        "grossIncome": 3036,
        "interestExpense": 395,
        "interestIncomeExpense": 311,
        "netIncome": -346,
        "netIncomeAfterTaxes": 299,
        "nonRecurringItems": -176,
        "otherOperatingExpensesTotal": 258,
        "period": "2021-03-31",
        "pretaxIncome": 315,
        "provisionforIncomeTaxes": 16,
        "researchDevelopment": 28,
        "revenue": 5293,
        "sgaExpense": 376,
        "totalOperatingExpense": 2856
      },
      {
        "costOfGoodsSold": 2090,
        "depreciationAmortization": 1754,
        "dilutedAverageSharesOutstanding": 933.1,
        "dilutedEPS": -1.4,
        "ebit": -417,
        "grossIncome": 2070,
        "interestExpense": 409,
        "interestIncomeExpense": -884,
        "minorityInterest": 0,
        "netIncome": -1312,
        "netIncomeAfterTaxes": -1149,
        "nonRecurringItems": -124,
        "otherOperatingExpensesTotal": 342,
        "period": "2020-12-31",
        "pretaxIncome": -1425,
        "provisionforIncomeTaxes": -276,
        "researchDevelopment": 33,
        "revenue": 4160,
        "sgaExpense": 358,
        "totalOperatingExpense": 2487
      },
      {
        "costOfGoodsSold": 1950,
        "depreciationAmortization": 1915,
        "dilutedAverageSharesOutstanding": 929.3,
        "dilutedEPS": -4.06,
        "ebit": -363,
        "grossIncome": 2158,
        "interestExpense": 353,
        "interestIncomeExpense": -967,
        "minorityInterest": 0,
        "netIncome": -3778,
        "netIncomeAfterTaxes": -3655,
        "nonRecurringItems": -2728,
        "otherOperatingExpensesTotal": 231,
        "period": "2020-09-30",
        "pretaxIncome": -4058,
        "provisionforIncomeTaxes": -403,
        "researchDevelopment": 29,
        "revenue": 4108,
        "sgaExpense": 346,
        "totalOperatingExpense": 2521
      },
      {
        "costOfGoodsSold": 1789,
        "depreciationAmortization": 2119,
        "dilutedAverageSharesOutstanding": 915.5,
        "dilutedEPS": -9.12,
        "ebit": -1420,
        "grossIncome": 1139,
        "interestExpense": 310,
        "interestIncomeExpense": -145,
        "netIncome": -8353,
        "netIncomeAfterTaxes": -6716,
        "nonRecurringItems": -6619,
        "otherOperatingExpensesTotal": 114,
        "period": "2020-06-30",
        "pretaxIncome": -8184,
        "provisionforIncomeTaxes": -1468,
        "researchDevelopment": 33,
        "revenue": 2928,
        "sgaExpense": 293,
        "totalOperatingExpense": 2559
      },
      {
        "costOfGoodsSold": 2639,
        "depreciationAmortization": 2309,
        "dilutedAverageSharesOutstanding": 910.85,
        "dilutedEPS": -2.45,
        "ebit": 942,
        "grossIncome": 3974,
        "interestExpense": 352,
        "interestIncomeExpense": -1029,
        "netIncome": -2232,
        "netIncomeAfterTaxes": -2013,
        "nonRecurringItems": -1951,
        "otherOperatingExpensesTotal": 197,
        "period": "2020-03-31",
        "pretaxIncome": -2038,
        "provisionforIncomeTaxes": -25,
        "researchDevelopment": 37,
        "revenue": 6613,
        "sgaExpense": 489,
        "totalOperatingExpense": 3032
      },
      {
        "costOfGoodsSold": 2483,
        "depreciationAmortization": 2369,
        "dilutedAverageSharesOutstanding": 894.7,
        "dilutedEPS": -1.5,
        "ebit": 395,
        "grossIncome": 4145,
        "interestExpense": 434,
        "interestIncomeExpense": 445,
        "minorityInterest": -103,
        "netIncome": -1338,
        "netIncomeAfterTaxes": -1036,
        "nonRecurringItems": -1709,
        "otherOperatingExpensesTotal": 561,
        "period": "2019-12-31",
        "pretaxIncome": -869,
        "provisionforIncomeTaxes": 167,
        "researchDevelopment": 113,
        "revenue": 6628,
        "sgaExpense": 707,
        "totalOperatingExpense": 3750
      },
      {
        "costOfGoodsSold": 2377,
        "depreciationAmortization": 1767,
        "dilutedAverageSharesOutstanding": 845.7,
        "dilutedEPS": -1.06,
        "ebit": 801,
        "grossIncome": 3482,
        "interestExpense": 381,
        "interestIncomeExpense": -126,
        "minorityInterest": -42,
        "netIncome": -912,
        "netIncomeAfterTaxes": -737,
        "nonRecurringItems": -1249,
        "otherOperatingExpensesTotal": 362,
        "period": "2019-09-30",
        "pretaxIncome": -574,
        "provisionforIncomeTaxes": 163,
        "researchDevelopment": 63,
        "revenue": 5859,
        "sgaExpense": 489,
        "totalOperatingExpense": 2681
      },
      {
        "costOfGoodsSold": 1756,
        "depreciationAmortization": 1031,
        "dilutedAverageSharesOutstanding": 886.345,
        "dilutedEPS": 0.72,
        "ebit": 972,
        "grossIncome": 2645,
        "interestExpense": 153,
        "interestIncomeExpense": 19,
        "netIncome": 637,
        "netIncomeAfterTaxes": 635,
        "nonRecurringItems": -50,
        "otherOperatingExpensesTotal": 260,
        "period": "2019-06-30",
        "pretaxIncome": 941,
        "provisionforIncomeTaxes": 306,
        "researchDevelopment": 35,
        "revenue": 4401,
        "sgaExpense": 347,
        "totalOperatingExpense": 1673
      },
      {
        "costOfGoodsSold": 1633,
        "depreciationAmortization": 973,
        "dilutedAverageSharesOutstanding": 750.5,
        "dilutedEPS": 0.84,
        "ebit": 934,
        "grossIncome": 2509,
        "interestExpense": 98,
        "interestIncomeExpense": -78,
        "netIncome": 628,
        "netIncomeAfterTaxes": 631,
        "nonRecurringItems": 0,
        "otherOperatingExpensesTotal": 238,
        "period": "2019-03-31",
        "pretaxIncome": 856,
        "provisionforIncomeTaxes": 225,
        "researchDevelopment": 36,
        "revenue": 4142,
        "sgaExpense": 328,
        "totalOperatingExpense": 1575
      },
      {
        "costOfGoodsSold": 1954,
        "depreciationAmortization": 1086,
        "dilutedAverageSharesOutstanding": 755.8,
        "dilutedEPS": 0.93,
        "ebit": 901,
        "equityEarningsAffiliates": 103,
        "grossIncome": 2616,
        "interestExpense": 99,
        "interestIncomeExpense": 133,
        "netIncome": 705,
        "netIncomeAfterTaxes": 578,
        "nonRecurringItems": -305,
        "period": "2018-12-31",
        "pretaxIncome": 729,
        "provisionforIncomeTaxes": 151,
        "researchDevelopment": 50,
        "revenue": 4570,
        "sgaExpense": 579,
        "totalOperatingExpense": 1715
      },
      {
        "costOfGoodsSold": 1786,
        "depreciationAmortization": 1023,
        "dilutedAverageSharesOutstanding": 763.3,
        "dilutedEPS": 2.44,
        "ebit": 1841,
        "equityEarningsAffiliates": 87,
        "grossIncome": 3429,
        "interestExpense": 96,
        "interestIncomeExpense": 865,
        "netIncome": 1861,
        "netIncomeAfterTaxes": 1782,
        "nonRecurringItems": -214,
        "period": "2018-09-30",
        "pretaxIncome": 2492,
        "provisionforIncomeTaxes": 710,
        "researchDevelopment": 24,
        "revenue": 5215,
        "sgaExpense": 541,
        "totalOperatingExpense": 1588
      },
      {
        "costOfGoodsSold": 1465,
        "depreciationAmortization": 947,
        "dilutedAverageSharesOutstanding": 767.4,
        "dilutedEPS": 1.1,
        "ebit": 1225,
        "equityEarningsAffiliates": 78,
        "grossIncome": 2710,
        "interestExpense": 97,
        "interestIncomeExpense": -141,
        "netIncome": 843,
        "netIncomeAfterTaxes": 770,
        "nonRecurringItems": -12,
        "period": "2018-06-30",
        "pretaxIncome": 1072,
        "provisionforIncomeTaxes": 302,
        "researchDevelopment": 21,
        "revenue": 4175,
        "sgaExpense": 517,
        "totalOperatingExpense": 1485
      },
      {
        "costOfGoodsSold": 1363,
        "depreciationAmortization": 921,
        "dilutedAverageSharesOutstanding": 767,
        "dilutedEPS": 0.92,
        "ebit": 1097,
        "equityEarningsAffiliates": 63,
        "grossIncome": 2448,
        "interestExpense": 97,
        "interestIncomeExpense": -83,
        "netIncome": 705,
        "netIncomeAfterTaxes": 645,
        "nonRecurringItems": -30,
        "period": "2018-03-31",
        "pretaxIncome": 984,
        "provisionforIncomeTaxes": 339,
        "researchDevelopment": 15,
        "revenue": 3811,
        "sgaExpense": 415,
        "totalOperatingExpense": 1351
      },
      {
        "costOfGoodsSold": 1325,
        "depreciationAmortization": 1076,
        "dilutedAverageSharesOutstanding": 766.5,
        "dilutedEPS": 0.63,
        "ebit": 542,
        "equityEarningsAffiliates": 80,
        "grossIncome": 2211,
        "interestExpense": 87,
        "interestIncomeExpense": -35,
        "netIncome": 495,
        "netIncomeAfterTaxes": 407,
        "nonRecurringItems": -521,
        "period": "2017-12-31",
        "pretaxIncome": -14,
        "provisionforIncomeTaxes": -421,
        "researchDevelopment": 55,
        "revenue": 3536,
        "sgaExpense": 538,
        "totalOperatingExpense": 1669
      },
      {
        "costOfGoodsSold": 1357,
        "depreciationAmortization": 995,
        "dilutedAverageSharesOutstanding": 766.4,
        "dilutedEPS": 0.25,
        "ebit": 279,
        "equityEarningsAffiliates": 60,
        "grossIncome": 1710,
        "interestExpense": 91,
        "interestIncomeExpense": -53,
        "netIncome": 189,
        "netIncomeAfterTaxes": 130,
        "nonRecurringItems": -11,
        "period": "2017-09-30",
        "pretaxIncome": 215,
        "provisionforIncomeTaxes": 85,
        "researchDevelopment": 8,
        "revenue": 3067,
        "sgaExpense": 428,
        "totalOperatingExpense": 1431
      },
      {
        "costOfGoodsSold": 1486,
        "depreciationAmortization": 989,
        "dilutedAverageSharesOutstanding": 765.9,
        "dilutedEPS": 0.66,
        "ebit": 172,
        "equityEarningsAffiliates": 187,
        "grossIncome": 1598,
        "interestExpense": 86,
        "interestIncomeExpense": 433,
        "netIncome": 505,
        "netIncomeAfterTaxes": 320,
        "nonRecurringItems": 0,
        "period": "2017-06-30",
        "pretaxIncome": 605,
        "provisionforIncomeTaxes": 285,
        "researchDevelopment": 8,
        "revenue": 3084,
        "sgaExpense": 429,
        "totalOperatingExpense": 1426
      },
      {
        "costOfGoodsSold": 1426,
        "depreciationAmortization": 942,
        "dilutedAverageSharesOutstanding": 765.2,
        "dilutedEPS": 0.15,
        "ebit": 247,
        "equityEarningsAffiliates": 30,
        "grossIncome": 1540,
        "interestExpense": 81,
        "interestIncomeExpense": -69,
        "netIncome": 117,
        "netIncomeAfterTaxes": 87,
        "nonRecurringItems": -13,
        "period": "2017-03-31",
        "pretaxIncome": 165,
        "provisionforIncomeTaxes": 78,
        "researchDevelopment": 11,
        "revenue": 2966,
        "sgaExpense": 340,
        "totalOperatingExpense": 1293
      },
      {
        "costOfGoodsSold": 1326,
        "depreciationAmortization": 1050,
        "dilutedAverageSharesOutstanding": 764.1,
        "dilutedEPS": -0.35,
        "ebit": -42,
        "equityEarningsAffiliates": 39,
        "grossIncome": 1496,
        "interestExpense": 76,
        "interestIncomeExpense": -72,
        "minorityInterest": 0,
        "netIncome": -272,
        "netIncomeAfterTaxes": -307,
        "nonRecurringItems": -526,
        "period": "2016-12-31",
        "pretaxIncome": -640,
        "provisionforIncomeTaxes": -333,
        "researchDevelopment": 17,
        "revenue": 2822,
        "sgaExpense": 471,
        "totalOperatingExpense": 1538
      },
      {
        "costOfGoodsSold": 1338,
        "depreciationAmortization": 1046,
        "dilutedAverageSharesOutstanding": 764,
        "dilutedEPS": -0.31,
        "ebit": -97,
        "equityEarningsAffiliates": 58,
        "grossIncome": 1335,
        "interestExpense": 68,
        "interestIncomeExpense": -8,
        "netIncome": -241,
        "netIncomeAfterTaxes": -296,
        "nonRecurringItems": -221,
        "period": "2016-09-30",
        "pretaxIncome": -326,
        "provisionforIncomeTaxes": -30,
        "researchDevelopment": 9,
        "revenue": 2673,
        "sgaExpense": 377,
        "totalOperatingExpense": 1432
      },
      {
        "costOfGoodsSold": 1244,
        "depreciationAmortization": 1070,
        "dilutedAverageSharesOutstanding": 763.6,
        "dilutedEPS": -0.18,
        "ebit": -195,
        "equityEarningsAffiliates": 51,
        "grossIncome": 1314,
        "interestExpense": 88,
        "interestIncomeExpense": -88,
        "netIncome": -139,
        "netIncomeAfterTaxes": -187,
        "nonRecurringItems": 0,
        "period": "2016-06-30",
        "pretaxIncome": -283,
        "provisionforIncomeTaxes": -96,
        "researchDevelopment": 27,
        "revenue": 2558,
        "sgaExpense": 412,
        "totalOperatingExpense": 1509
      },
      {
        "costOfGoodsSold": 1281,
        "depreciationAmortization": 1102,
        "dilutedAverageSharesOutstanding": 763.4,
        "dilutedEPS": 0.1,
        "ebit": -596,
        "equityEarningsAffiliates": 33,
        "grossIncome": 862,
        "interestExpense": 60,
        "interestIncomeExpense": 78,
        "netIncome": 78,
        "netIncomeAfterTaxes": -393,
        "nonRecurringItems": -78,
        "period": "2016-03-31",
        "pretaxIncome": -596,
        "provisionforIncomeTaxes": -203,
        "researchDevelopment": 9,
        "revenue": 2143,
        "sgaExpense": 347,
        "totalOperatingExpense": 1458
      },
      {
        "costOfGoodsSold": 1354,
        "depreciationAmortization": 1276,
        "dilutedAverageSharesOutstanding": 763.2,
        "dilutedEPS": -6.78,
        "ebit": -177,
        "equityEarningsAffiliates": 54,
        "grossIncome": 1482,
        "interestExpense": 61,
        "interestIncomeExpense": -54,
        "minorityInterest": 0,
        "netIncome": -5178,
        "netIncomeAfterTaxes": -5559,
        "nonRecurringItems": -6518,
        "period": "2015-12-31",
        "pretaxIncome": -6749,
        "provisionforIncomeTaxes": -1190,
        "researchDevelopment": 13,
        "revenue": 2836,
        "sgaExpense": 370,
        "totalOperatingExpense": 1659
      },
      {
        "costOfGoodsSold": 1413,
        "depreciationAmortization": 1123,
        "dilutedAverageSharesOutstanding": 763.3,
        "dilutedEPS": -3.41,
        "ebit": 235,
        "equityEarningsAffiliates": 60,
        "grossIncome": 1734,
        "interestExpense": 48,
        "interestIncomeExpense": 51,
        "minorityInterest": 0,
        "netIncome": -2609,
        "netIncomeAfterTaxes": -2666,
        "nonRecurringItems": -3397,
        "period": "2015-09-30",
        "pretaxIncome": -3111,
        "provisionforIncomeTaxes": -445,
        "researchDevelopment": 5,
        "revenue": 3147,
        "sgaExpense": 371,
        "totalOperatingExpense": 1499
      }
    ],
    "symbol": "OXY"
  }
}