{
  "symbol": "PHM",
  "statement": "ic",
  "frequency": "annual",
  "timestamp": "2025-09-19T14:05:55.443669",
  "data": {
    "financials": [
      {
        "costOfGoodsSold": 12713.757,
        "depreciationAmortization": 10.034,
        "dilutedAverageSharesOutstanding": 209.829,
        "dilutedEPS": 14.6942,
        "ebit": 3933.147,
        "grossIncome": 5233.193,
        "interestExpense": 0.479,
        "interestIncomeExpense": 103.208,
        "netIncome": 3083.262,
        "netIncomeAfterTaxes": 3083.262,
        "nonRecurringItems": -30.476,
        "otherOperatingExpensesTotal": -31.264,
        "period": "2024-12-31",
        "pretaxIncome": 4005.879,
        "provisionforIncomeTaxes": 922.617,
        "revenue": 17946.95,
        "sgaExpense": 1321.276,
        "totalOperatingExpense": 1300.046,
        "year": 2024
      },
      {
        "costOfGoodsSold": 11322.49,
        "depreciationAmortization": 10.538,
        "dilutedAverageSharesOutstanding": 221.163,
        "dilutedEPS": 11.7241,
        "ebit": 3426.094,
        "grossIncome": 4739.088,
        "interestExpense": 0.469,
        "interestIncomeExpense": 65.625,
        "netIncome": 2592.871,
        "netIncomeAfterTaxes": 2602.372,
        "nonRecurringItems": -42.452,
        "otherOperatingExpensesTotal": -10.186,
        "period": "2023-12-31",
        "pretaxIncome": 3449.267,
        "provisionforIncomeTaxes": 846.895,
        "revenue": 16061.578,
        "sgaExpense": 1312.642,
        "totalOperatingExpense": 1312.994,
        "year": 2023
      },
      {
        "costOfGoodsSold": 11168.374,
        "depreciationAmortization": 11.118,
        "dilutedAverageSharesOutstanding": 236.166,
        "dilutedEPS": 11.0145,
        "ebit": 3450.857,
        "grossIncome": 4834.605,
        "interestExpense": 0.284,
        "interestIncomeExpense": 52.367,
        "netIncome": 2601.141,
        "netIncomeAfterTaxes": 2617.317,
        "nonRecurringItems": -63.666,
        "otherOperatingExpensesTotal": -8.592,
        "period": "2022-12-31",
        "pretaxIncome": 3439.558,
        "provisionforIncomeTaxes": 822.241,
        "revenue": 16002.979,
        "sgaExpense": 1381.222,
        "totalOperatingExpense": 1383.748,
        "year": 2022
      },
      {
        "costOfGoodsSold": 9954.554,
        "depreciationAmortization": 16.502,
        "dilutedAverageSharesOutstanding": 259.928,
        "dilutedEPS": 7.4252,
        "ebit": 2564.965,
        "grossIncome": 3782.441,
        "interestExpense": 0.502,
        "interestIncomeExpense": 18.651,
        "netIncome": 1929.985,
        "netIncomeAfterTaxes": 1946.32,
        "nonRecurringItems": -73.771,
        "otherOperatingExpensesTotal": -7.724,
        "period": "2021-12-31",
        "pretaxIncome": 2509.845,
        "provisionforIncomeTaxes": 563.525,
        "revenue": 13736.995,
        "sgaExpense": 1208.698,
        "totalOperatingExpense": 1217.476,
        "year": 2021
      },
      {
        "costOfGoodsSold": 8258,
        "depreciationAmortization": 20,
        "dilutedAverageSharesOutstanding": 269,
        "dilutedEPS": 5.18,
        "ebit": 1758,
        "grossIncome": 2778,
        "interestExpense": 4.248,
        "interestIncomeExpense": 4,
        "netIncome": 1394,
        "netIncomeAfterTaxes": 1407,
        "nonRecurringItems": -33,
        "otherOperatingExpensesTotal": -10,
        "period": "2020-12-31",
        "pretaxIncome": 1729,
        "provisionforIncomeTaxes": 322,
        "revenue": 11036,
        "sgaExpense": 1011,
        "totalOperatingExpense": 1020,
        "year": 2020
      },
      {
        "costOfGoodsSold": 7816,
        "depreciationAmortization": 14,
        "dilutedAverageSharesOutstanding": 275,
        "dilutedEPS": 3.66,
        "ebit": 1341,
        "grossIncome": 2397,
        "interestExpense": 0.584,
        "interestIncomeExpense": 17,
        "netIncome": 1006,
        "netIncomeAfterTaxes": 1017,
        "nonRecurringItems": -18,
        "otherOperatingExpensesTotal": -2,
        "period": "2019-12-31",
        "pretaxIncome": 1340,
        "provisionforIncomeTaxes": 323,
        "revenue": 10213,
        "sgaExpense": 1044,
        "totalOperatingExpense": 1056,
        "year": 2019
      },
      {
        "costOfGoodsSold": 7815,
        "depreciationAmortization": 14,
        "dilutedAverageSharesOutstanding": 285,
        "dilutedEPS": 3.55,
        "ebit": 1355,
        "grossIncome": 2373,
        "interestExpense": 0.618,
        "interestIncomeExpense": 10,
        "netIncome": 1011,
        "netIncomeAfterTaxes": 1022,
        "nonRecurringItems": -17,
        "otherOperatingExpensesTotal": -8,
        "period": "2018-12-31",
        "pretaxIncome": 1348,
        "provisionforIncomeTaxes": 326,
        "revenue": 10188,
        "sgaExpense": 1012,
        "totalOperatingExpense": 1019,
        "year": 2018
      },
      {
        "costOfGoodsSold": 6715,
        "depreciationAmortization": 14,
        "dilutedAverageSharesOutstanding": 307,
        "dilutedEPS": 1.44,
        "ebit": 952,
        "grossIncome": 1858,
        "interestExpense": 0.503,
        "interestIncomeExpense": 0,
        "netIncome": 443,
        "netIncomeAfterTaxes": 619,
        "nonRecurringItems": -13,
        "otherOperatingExpensesTotal": 1,
        "period": "2017-12-31",
        "pretaxIncome": 939,
        "provisionforIncomeTaxes": 320,
        "revenue": 8573,
        "sgaExpense": 892,
        "totalOperatingExpense": 906,
        "year": 2017
      },
      {
        "costOfGoodsSold": 5729,
        "depreciationAmortization": 14,
        "dilutedAverageSharesOutstanding": 342,
        "dilutedEPS": 1.75,
        "ebit": 952,
        "grossIncome": 1940,
        "interestExpense": 0.686,
        "interestIncomeExpense": 11,
        "netIncome": 598,
        "netIncomeAfterTaxes": 603,
        "nonRecurringItems": -29,
        "otherOperatingExpensesTotal": 16,
        "period": "2016-12-31",
        "pretaxIncome": 934,
        "provisionforIncomeTaxes": 331,
        "revenue": 7668,
        "sgaExpense": 957,
        "totalOperatingExpense": 988,
        "year": 2016
      },
      {
        "costOfGoodsSold": 4559,
        "depreciationAmortization": 13,
        "dilutedAverageSharesOutstanding": 360,
        "dilutedEPS": 1.36,
        "ebit": 813,
        "grossIncome": 1423,
        "interestExpense": 0.788,
        "interestIncomeExpense": 10,
        "netIncome": 491,
        "netIncomeAfterTaxes": 494,
        "nonRecurringItems": -7,
        "otherOperatingExpensesTotal": 7,
        "period": "2015-12-31",
        "pretaxIncome": 816,
        "provisionforIncomeTaxes": 322,
        "revenue": 5982,
        "sgaExpense": 590,
        "totalOperatingExpense": 610,
        "year": 2015
      }
    ],
    "symbol": "PHM"
  }
}