{
  "symbol": "MS",
  "statement": "ic",
  "frequency": "quarterly",
  "timestamp": "2025-09-19T14:04:20.677467",
  "data": {
    "financials": [
      {
        "costOfGoodsSold": 13746,
        "dilutedAverageSharesOutstanding": 1593,
        "dilutedEPS": 2.13,
        "ebit": 4622,
        "grossIncome": 15604,
        "minorityInterest": -36,
        "netIncome": 3392,
        "netIncomeAfterTaxes": 3575,
        "otherOperatingExpensesTotal": 1236,
        "period": "2025-06-30",
        "pretaxIncome": 4622,
        "provisionforIncomeTaxes": 1047,
        "revenue": 29350,
        "sgaExpense": 9746,
        "totalOperatingExpense": 10982
      },
      {
        "costOfGoodsSold": 12617,
        "dilutedAverageSharesOutstanding": 1600,
        "dilutedEPS": 2.6,
        "ebit": 5544,
        "grossIncome": 16517,
        "minorityInterest": -56,
        "netIncome": 4157,
        "netIncomeAfterTaxes": 4371,
        "otherOperatingExpensesTotal": 1041,
        "period": "2025-03-31",
        "pretaxIncome": 5544,
        "provisionforIncomeTaxes": 1173,
        "revenue": 29134,
        "sgaExpense": 9932,
        "totalOperatingExpense": 10973
      },
      {
        "costOfGoodsSold": 12119,
        "dilutedAverageSharesOutstanding": 1608,
        "dilutedEPS": 2.22,
        "ebit": 4906,
        "grossIncome": 15043,
        "minorityInterest": -10,
        "netIncome": 3564,
        "netIncomeAfterTaxes": 3724,
        "otherOperatingExpensesTotal": 1185,
        "period": "2024-12-31",
        "pretaxIncome": 4906,
        "provisionforIncomeTaxes": 1182,
        "revenue": 27162,
        "sgaExpense": 8952,
        "totalOperatingExpense": 10137
      },
      {
        "costOfGoodsSold": 13033,
        "dilutedAverageSharesOutstanding": 1609,
        "dilutedEPS": 1.88,
        "ebit": 4221,
        "grossIncome": 14339,
        "minorityInterest": -38,
        "netIncome": 3028,
        "netIncomeAfterTaxes": 3226,
        "otherOperatingExpensesTotal": 935,
        "period": "2024-09-30",
        "pretaxIncome": 4221,
        "provisionforIncomeTaxes": 995,
        "revenue": 27372,
        "sgaExpense": 9183,
        "totalOperatingExpense": 10118
      },
      {
        "costOfGoodsSold": 12457,
        "dilutedAverageSharesOutstanding": 1611,
        "dilutedEPS": 1.83,
        "ebit": 4074,
        "grossIncome": 14024,
        "minorityInterest": -41,
        "netIncome": 2942,
        "netIncomeAfterTaxes": 3117,
        "otherOperatingExpensesTotal": 1017,
        "period": "2024-06-30",
        "pretaxIncome": 4074,
        "provisionforIncomeTaxes": 957,
        "revenue": 26481,
        "sgaExpense": 8933,
        "totalOperatingExpense": 9950
      },
      {
        "costOfGoodsSold": 12055,
        "dilutedAverageSharesOutstanding": 1616,
        "dilutedEPS": 2.02,
        "ebit": 4395,
        "grossIncome": 14215,
        "minorityInterest": -50,
        "netIncome": 3266,
        "netIncomeAfterTaxes": 3462,
        "otherOperatingExpensesTotal": 851,
        "period": "2024-03-31",
        "pretaxIncome": 4395,
        "provisionforIncomeTaxes": 933,
        "revenue": 26270,
        "sgaExpense": 8969,
        "totalOperatingExpense": 9820
      },
      {
        "costOfGoodsSold": 13026,
        "dilutedAverageSharesOutstanding": 1625,
        "dilutedEPS": 0.85,
        "ebit": 2676,
        "grossIncome": 12031,
        "minorityInterest": -24,
        "netIncome": 1383,
        "netIncomeAfterTaxes": 1541,
        "nonRecurringItems": -580,
        "otherOperatingExpensesTotal": 888,
        "period": "2023-12-31",
        "pretaxIncome": 2096,
        "provisionforIncomeTaxes": 555,
        "revenue": 25057,
        "sgaExpense": 8467,
        "totalOperatingExpense": 9355
      },
      {
        "costOfGoodsSold": 12183,
        "dilutedAverageSharesOutstanding": 1643,
        "dilutedEPS": 1.38,
        "ebit": 3145,
        "grossIncome": 12418,
        "minorityInterest": -27,
        "netIncome": 2262,
        "netIncomeAfterTaxes": 2435,
        "nonRecurringItems": 0,
        "otherOperatingExpensesTotal": 985,
        "period": "2023-09-30",
        "pretaxIncome": 3145,
        "provisionforIncomeTaxes": 710,
        "revenue": 24601,
        "sgaExpense": 8288,
        "totalOperatingExpense": 9273
      },
      {
        "costOfGoodsSold": 10913,
        "dilutedAverageSharesOutstanding": 1651,
        "dilutedEPS": 1.24,
        "ebit": 3120,
        "grossIncome": 12582,
        "minorityInterest": -39,
        "netIncome": 2049,
        "netIncomeAfterTaxes": 2221,
        "nonRecurringItems": -308,
        "otherOperatingExpensesTotal": 1108,
        "period": "2023-06-30",
        "pretaxIncome": 2812,
        "provisionforIncomeTaxes": 591,
        "revenue": 23495,
        "sgaExpense": 8354,
        "totalOperatingExpense": 9462
      },
      {
        "costOfGoodsSold": 9405,
        "dilutedAverageSharesOutstanding": 1663,
        "dilutedEPS": 1.71,
        "ebit": 3760,
        "grossIncome": 13636,
        "minorityInterest": -53,
        "netIncome": 2836,
        "netIncomeAfterTaxes": 3033,
        "otherOperatingExpensesTotal": 1154,
        "period": "2023-03-31",
        "pretaxIncome": 3760,
        "provisionforIncomeTaxes": 727,
        "revenue": 23041,
        "sgaExpense": 8722,
        "totalOperatingExpense": 9876
      },
      {
        "costOfGoodsSold": 7764,
        "dilutedAverageSharesOutstanding": 1677,
        "dilutedEPS": 1.26,
        "ebit": 2794,
        "grossIncome": 11898,
        "minorityInterest": -30,
        "netIncome": 2113,
        "netIncomeAfterTaxes": 2266,
        "otherOperatingExpensesTotal": 965,
        "period": "2022-12-31",
        "pretaxIncome": 2794,
        "provisionforIncomeTaxes": 528,
        "revenue": 19662,
        "sgaExpense": 8139,
        "totalOperatingExpense": 9104
      },
      {
        "costOfGoodsSold": 4438,
        "dilutedAverageSharesOutstanding": 1697,
        "dilutedEPS": 1.47,
        "ebit": 3388,
        "grossIncome": 12139,
        "minorityInterest": -30,
        "netIncome": 2494,
        "netIncomeAfterTaxes": 2662,
        "otherOperatingExpensesTotal": 864,
        "period": "2022-09-30",
        "pretaxIncome": 3388,
        "provisionforIncomeTaxes": 726,
        "revenue": 16577,
        "sgaExpense": 7887,
        "totalOperatingExpense": 8751
      },
      {
        "costOfGoodsSold": 2208,
        "dilutedAverageSharesOutstanding": 1723,
        "dilutedEPS": 1.39,
        "ebit": 3319,
        "grossIncome": 12254,
        "minorityInterest": -41,
        "netIncome": 2391,
        "netIncomeAfterTaxes": 2536,
        "otherOperatingExpensesTotal": 1121,
        "period": "2022-06-30",
        "pretaxIncome": 3319,
        "provisionforIncomeTaxes": 783,
        "revenue": 14462,
        "sgaExpense": 7814,
        "totalOperatingExpense": 8935
      },
      {
        "costOfGoodsSold": 1316,
        "dilutedAverageSharesOutstanding": 1755,
        "dilutedEPS": 2.02,
        "ebit": 4588,
        "grossIncome": 13919,
        "minorityInterest": -49,
        "netIncome": 3542,
        "netIncomeAfterTaxes": 3715,
        "otherOperatingExpensesTotal": 921,
        "period": "2022-03-31",
        "pretaxIncome": 4588,
        "provisionforIncomeTaxes": 873,
        "revenue": 15235,
        "sgaExpense": 8410,
        "totalOperatingExpense": 9331
      },
      {
        "costOfGoodsSold": 1133,
        "dilutedAverageSharesOutstanding": 1784,
        "dilutedEPS": 2.01,
        "ebit": 4884,
        "grossIncome": 13713,
        "minorityInterest": -20,
        "netIncome": 3592,
        "netIncomeAfterTaxes": 3716,
        "otherOperatingExpensesTotal": 996,
        "period": "2021-12-31",
        "pretaxIncome": 4884,
        "provisionforIncomeTaxes": 1168,
        "revenue": 14846,
        "sgaExpense": 7833,
        "totalOperatingExpense": 8829
      },
      {
        "costOfGoodsSold": 1113,
        "dilutedAverageSharesOutstanding": 1812,
        "dilutedEPS": 1.98,
        "ebit": 4874,
        "grossIncome": 13928,
        "minorityInterest": -17,
        "netIncome": 3584,
        "netIncomeAfterTaxes": 3724,
        "otherOperatingExpensesTotal": 1039,
        "period": "2021-09-30",
        "pretaxIncome": 4874,
        "provisionforIncomeTaxes": 1150,
        "revenue": 15041,
        "sgaExpense": 8015,
        "totalOperatingExpense": 9054
      },
      {
        "costOfGoodsSold": 1142,
        "dilutedAverageSharesOutstanding": 1841,
        "dilutedEPS": 1.85,
        "ebit": 4566,
        "grossIncome": 13964,
        "minorityInterest": -1,
        "netIncome": 3408,
        "netIncomeAfterTaxes": 3512,
        "otherOperatingExpensesTotal": 904,
        "period": "2021-06-30",
        "pretaxIncome": 4566,
        "provisionforIncomeTaxes": 1054,
        "revenue": 15106,
        "sgaExpense": 8494,
        "totalOperatingExpense": 9398
      },
      {
        "costOfGoodsSold": 1319,
        "dilutedAverageSharesOutstanding": 1818,
        "dilutedEPS": 2.19,
        "ebit": 5344,
        "grossIncome": 14809,
        "minorityInterest": -48,
        "netIncome": 3982,
        "netIncomeAfterTaxes": 4168,
        "otherOperatingExpensesTotal": 759,
        "period": "2021-03-31",
        "pretaxIncome": 5344,
        "provisionforIncomeTaxes": 1176,
        "revenue": 16128,
        "sgaExpense": 8706,
        "totalOperatingExpense": 9465
      },
      {
        "costOfGoodsSold": 1150,
        "dilutedAverageSharesOutstanding": 1801,
        "dilutedEPS": 1.81,
        "ebit": 4430,
        "grossIncome": 12821,
        "minorityInterest": -27,
        "netIncome": 3266,
        "netIncomeAfterTaxes": 3412,
        "otherOperatingExpensesTotal": 948,
        "period": "2020-12-31",
        "pretaxIncome": 4430,
        "provisionforIncomeTaxes": 1018,
        "revenue": 13971,
        "sgaExpense": 7443,
        "totalOperatingExpense": 8391
      },
      {
        "costOfGoodsSold": 1267,
        "dilutedAverageSharesOutstanding": 1566,
        "dilutedEPS": 1.66,
        "ebit": 3487,
        "grossIncome": 11024,
        "minorityInterest": -34,
        "netIncome": 2597,
        "netIncomeAfterTaxes": 2751,
        "otherOperatingExpensesTotal": 842,
        "period": "2020-09-30",
        "pretaxIncome": 3487,
        "provisionforIncomeTaxes": 736,
        "revenue": 12291,
        "sgaExpense": 6695,
        "totalOperatingExpense": 7537
      },
      {
        "costOfGoodsSold": 1474,
        "dilutedAverageSharesOutstanding": 1557,
        "dilutedEPS": 1.96,
        "ebit": 4355,
        "grossIncome": 12944,
        "minorityInterest": -40,
        "netIncome": 3047,
        "netIncomeAfterTaxes": 3236,
        "otherOperatingExpensesTotal": 1002,
        "period": "2020-06-30",
        "pretaxIncome": 4355,
        "provisionforIncomeTaxes": 1119,
        "revenue": 14418,
        "sgaExpense": 7587,
        "totalOperatingExpense": 8589
      },
      {
        "costOfGoodsSold": 2887,
        "dilutedAverageSharesOutstanding": 1573,
        "dilutedEPS": 1.01,
        "ebit": 2146,
        "grossIncome": 9039,
        "minorityInterest": -82,
        "netIncome": 1590,
        "netIncomeAfterTaxes": 1780,
        "otherOperatingExpensesTotal": 1101,
        "period": "2020-03-31",
        "pretaxIncome": 2146,
        "provisionforIncomeTaxes": 366,
        "revenue": 11926,
        "sgaExpense": 5792,
        "totalOperatingExpense": 6893
      },
      {
        "costOfGoodsSold": 3152,
        "dilutedAverageSharesOutstanding": 1601,
        "dilutedEPS": 1.3,
        "ebit": 2733,
        "grossIncome": 10224,
        "minorityInterest": -66,
        "netIncome": 2085,
        "netIncomeAfterTaxes": 2305,
        "otherOperatingExpensesTotal": 566,
        "period": "2019-12-31",
        "pretaxIncome": 2733,
        "provisionforIncomeTaxes": 428,
        "revenue": 13376,
        "sgaExpense": 6925,
        "totalOperatingExpense": 7491
      },
      {
        "costOfGoodsSold": 3769,
        "dilutedAverageSharesOutstanding": 1627,
        "dilutedEPS": 1.27,
        "ebit": 2710,
        "grossIncome": 9395,
        "minorityInterest": -45,
        "netIncome": 2060,
        "netIncomeAfterTaxes": 2218,
        "otherOperatingExpensesTotal": 660,
        "period": "2019-09-30",
        "pretaxIncome": 2710,
        "provisionforIncomeTaxes": 492,
        "revenue": 13164,
        "sgaExpense": 6025,
        "totalOperatingExpense": 6685
      },
      {
        "costOfGoodsSold": 4107,
        "dilutedAverageSharesOutstanding": 1655,
        "dilutedEPS": 1.23,
        "ebit": 2903,
        "grossIncome": 9614,
        "minorityInterest": -45,
        "netIncome": 2031,
        "netIncomeAfterTaxes": 2246,
        "otherOperatingExpensesTotal": 590,
        "period": "2019-06-30",
        "pretaxIncome": 2903,
        "provisionforIncomeTaxes": 657,
        "revenue": 13721,
        "sgaExpense": 6121,
        "totalOperatingExpense": 6711
      },
      {
        "costOfGoodsSold": 3869,
        "dilutedAverageSharesOutstanding": 1677,
        "dilutedEPS": 1.39,
        "ebit": 2955,
        "grossIncome": 9693,
        "minorityInterest": -39,
        "netIncome": 2336,
        "netIncomeAfterTaxes": 2468,
        "otherOperatingExpensesTotal": 553,
        "period": "2019-03-31",
        "pretaxIncome": 2955,
        "provisionforIncomeTaxes": 487,
        "revenue": 13562,
        "sgaExpense": 6185,
        "totalOperatingExpense": 6738
      },
      {
        "costOfGoodsSold": 3720,
        "dilutedAverageSharesOutstanding": 1705,
        "dilutedEPS": 0.8,
        "ebit": 1857,
        "grossIncome": 7950,
        "minorityInterest": -27,
        "netIncome": 1361,
        "netIncomeAfterTaxes": 1557,
        "otherOperatingExpensesTotal": 594,
        "period": "2018-12-31",
        "pretaxIncome": 1857,
        "provisionforIncomeTaxes": 300,
        "revenue": 11670,
        "sgaExpense": 5499,
        "totalOperatingExpense": 6093
      },
      {
        "costOfGoodsSold": 3250,
        "dilutedAverageSharesOutstanding": 1727,
        "dilutedEPS": 1.17,
        "ebit": 2851,
        "grossIncome": 9313,
        "minorityInterest": -42,
        "netIncome": 2019,
        "netIncomeAfterTaxes": 2155,
        "otherOperatingExpensesTotal": 566,
        "period": "2018-09-30",
        "pretaxIncome": 2851,
        "provisionforIncomeTaxes": 696,
        "revenue": 12563,
        "sgaExpense": 5896,
        "totalOperatingExpense": 6462
      },
      {
        "costOfGoodsSold": 2997,
        "dilutedAverageSharesOutstanding": 1748,
        "dilutedEPS": 1.3,
        "ebit": 3109,
        "grossIncome": 10001,
        "minorityInterest": -30,
        "netIncome": 2267,
        "netIncomeAfterTaxes": 2469,
        "otherOperatingExpensesTotal": 670,
        "period": "2018-06-30",
        "pretaxIncome": 3109,
        "provisionforIncomeTaxes": 640,
        "revenue": 12998,
        "sgaExpense": 6222,
        "totalOperatingExpense": 6892
      },
      {
        "costOfGoodsSold": 2512,
        "dilutedAverageSharesOutstanding": 1771,
        "dilutedEPS": 1.46,
        "ebit": 3420,
        "grossIncome": 10450,
        "minorityInterest": -36,
        "netIncome": 2575,
        "netIncomeAfterTaxes": 2706,
        "otherOperatingExpensesTotal": 652,
        "period": "2018-03-31",
        "pretaxIncome": 3420,
        "provisionforIncomeTaxes": 714,
        "revenue": 12962,
        "sgaExpense": 6378,
        "totalOperatingExpense": 7030
      },
      {
        "costOfGoodsSold": 2128,
        "dilutedAverageSharesOutstanding": 1794,
        "dilutedEPS": 0.26,
        "ebit": 2471,
        "grossIncome": 8963,
        "minorityInterest": -20,
        "netIncome": 473,
        "netIncomeAfterTaxes": 1861,
        "otherOperatingExpensesTotal": 666,
        "period": "2017-12-31",
        "pretaxIncome": 2471,
        "provisionforIncomeTaxes": 610,
        "revenue": 11091,
        "sgaExpense": 5826,
        "totalOperatingExpense": 6492
      },
      {
        "costOfGoodsSold": 2079,
        "dilutedAverageSharesOutstanding": 1818,
        "dilutedEPS": 0.93,
        "ebit": 2482,
        "grossIncome": 8675,
        "minorityInterest": -10,
        "netIncome": 1688,
        "netIncomeAfterTaxes": 1785,
        "otherOperatingExpensesTotal": 573,
        "period": "2017-09-30",
        "pretaxIncome": 2482,
        "provisionforIncomeTaxes": 697,
        "revenue": 10754,
        "sgaExpense": 5620,
        "totalOperatingExpense": 6193
      },
      {
        "costOfGoodsSold": 1880,
        "dilutedAverageSharesOutstanding": 1830,
        "dilutedEPS": 0.87,
        "ebit": 2642,
        "grossIncome": 8978,
        "minorityInterest": -34,
        "netIncome": 1587,
        "netIncomeAfterTaxes": 1796,
        "otherOperatingExpensesTotal": 602,
        "period": "2017-06-30",
        "pretaxIncome": 2642,
        "provisionforIncomeTaxes": 846,
        "revenue": 10858,
        "sgaExpense": 5734,
        "totalOperatingExpense": 6336
      },
      {
        "costOfGoodsSold": 1703,
        "dilutedAverageSharesOutstanding": 1842,
        "dilutedEPS": 1.01,
        "ebit": 2808,
        "grossIncome": 9236,
        "minorityInterest": -41,
        "netIncome": 1840,
        "netIncomeAfterTaxes": 1993,
        "otherOperatingExpensesTotal": 544,
        "period": "2017-03-31",
        "pretaxIncome": 2808,
        "provisionforIncomeTaxes": 815,
        "revenue": 10939,
        "sgaExpense": 5884,
        "totalOperatingExpense": 6428
      },
      {
        "costOfGoodsSold": 1465,
        "dilutedAverageSharesOutstanding": 1854,
        "dilutedEPS": 0.81,
        "ebit": 2246,
        "grossIncome": 8541,
        "minorityInterest": -14,
        "netIncome": 1509,
        "netIncomeAfterTaxes": 1680,
        "otherOperatingExpensesTotal": 694,
        "period": "2016-12-31",
        "pretaxIncome": 2246,
        "provisionforIncomeTaxes": 566,
        "revenue": 10006,
        "sgaExpense": 5601,
        "totalOperatingExpense": 6295
      },
      {
        "costOfGoodsSold": 1222,
        "dilutedAverageSharesOutstanding": 1879,
        "dilutedEPS": 0.8,
        "ebit": 2381,
        "grossIncome": 8418,
        "minorityInterest": -43,
        "netIncome": 1518,
        "netIncomeAfterTaxes": 1632,
        "otherOperatingExpensesTotal": 526,
        "period": "2016-09-30",
        "pretaxIncome": 2381,
        "provisionforIncomeTaxes": 749,
        "revenue": 9640,
        "sgaExpense": 5511,
        "totalOperatingExpense": 6037
      },
      {
        "costOfGoodsSold": 1238,
        "dilutedAverageSharesOutstanding": 1899,
        "dilutedEPS": 0.75,
        "ebit": 2483,
        "grossIncome": 8425,
        "minorityInterest": -64,
        "netIncome": 1425,
        "netIncomeAfterTaxes": 1650,
        "otherOperatingExpensesTotal": 468,
        "period": "2016-06-30",
        "pretaxIncome": 2483,
        "provisionforIncomeTaxes": 833,
        "revenue": 9663,
        "sgaExpense": 5474,
        "totalOperatingExpense": 5942
      },
      {
        "costOfGoodsSold": 1313,
        "dilutedAverageSharesOutstanding": 1914.841,
        "dilutedEPS": 0.55,
        "ebit": 1738,
        "grossIncome": 7327,
        "minorityInterest": -23,
        "netIncome": 1055,
        "netIncomeAfterTaxes": 1160,
        "otherOperatingExpensesTotal": 487,
        "period": "2016-03-31",
        "pretaxIncome": 1738,
        "provisionforIncomeTaxes": 578,
        "revenue": 8640,
        "sgaExpense": 5102,
        "totalOperatingExpense": 5589
      },
      {
        "costOfGoodsSold": 934,
        "dilutedAverageSharesOutstanding": 1938.628,
        "dilutedEPS": 0.39,
        "ebit": 1439,
        "grossIncome": 7281,
        "minorityInterest": -28,
        "netIncome": 753,
        "netIncomeAfterTaxes": 943,
        "otherOperatingExpensesTotal": 545,
        "period": "2015-12-31",
        "pretaxIncome": 1439,
        "provisionforIncomeTaxes": 496,
        "revenue": 8215,
        "sgaExpense": 5297,
        "totalOperatingExpense": 5842
      },
      {
        "costOfGoodsSold": 1174,
        "dilutedAverageSharesOutstanding": 1949.282,
        "dilutedEPS": 0.48,
        "ebit": 1474,
        "grossIncome": 7282,
        "minorityInterest": -31,
        "netIncome": 939,
        "netIncomeAfterTaxes": 1051,
        "otherOperatingExpensesTotal": 849,
        "period": "2015-09-30",
        "pretaxIncome": 1474,
        "provisionforIncomeTaxes": 423,
        "revenue": 8456,
        "sgaExpense": 4959,
        "totalOperatingExpense": 5808
      }
    ],
    "symbol": "MS"
  }
}