{
  "symbol": "APH",
  "statement": "ic",
  "frequency": "annual",
  "timestamp": "2025-09-19T13:56:00.213961",
  "data": {
    "financials": [
      {
        "costOfGoodsSold": 10083,
        "dilutedAverageSharesOutstanding": 1263.6,
        "dilutedEPS": 1.9183,
        "ebit": 3284.3,
        "grossIncome": 5139.7,
        "interestExpense": 217,
        "interestIncomeExpense": -217,
        "minorityInterest": -17.6,
        "netIncome": 2424,
        "netIncomeAfterTaxes": 2441.6,
        "nonRecurringItems": -127.4,
        "period": "2024-12-31",
        "pretaxIncome": 3011.9,
        "provisionforIncomeTaxes": 570.3,
        "researchDevelopment": 453,
        "revenue": 15222.7,
        "sgaExpense": 1402.4,
        "totalOperatingExpense": 1855.4,
        "totalOtherIncomeExpenseNet": 72,
        "year": 2024
      },
      {
        "costOfGoodsSold": 8470.6,
        "dilutedAverageSharesOutstanding": 1241.2,
        "dilutedEPS": 1.55,
        "ebit": 2594.2,
        "grossIncome": 4084.1,
        "interestExpense": 139.5,
        "interestIncomeExpense": -139.5,
        "minorityInterest": -17.5,
        "netIncome": 1928,
        "netIncomeAfterTaxes": 1945.5,
        "nonRecurringItems": -29.2,
        "period": "2023-12-31",
        "pretaxIncome": 2454.8,
        "provisionforIncomeTaxes": 509.3,
        "researchDevelopment": 342.2,
        "revenue": 12554.7,
        "sgaExpense": 1147.7,
        "totalOperatingExpense": 1489.9,
        "totalOtherIncomeExpenseNet": 29.3,
        "year": 2023
      },
      {
        "costOfGoodsSold": 8594.8,
        "dilutedAverageSharesOutstanding": 1242,
        "dilutedEPS": 1.53,
        "ebit": 2607.3,
        "grossIncome": 4028.2,
        "interestExpense": 128.4,
        "interestIncomeExpense": -128.4,
        "minorityInterest": -14.5,
        "netIncome": 1902.3,
        "netIncomeAfterTaxes": 1916.8,
        "nonRecurringItems": -21.5,
        "period": "2022-12-31",
        "pretaxIncome": 2467.4,
        "provisionforIncomeTaxes": 550.6,
        "researchDevelopment": 323.6,
        "revenue": 12623,
        "sgaExpense": 1097.3,
        "totalOperatingExpense": 1420.9,
        "totalOtherIncomeExpenseNet": 10,
        "year": 2022
      },
      {
        "costOfGoodsSold": 7474.5,
        "dilutedAverageSharesOutstanding": 1251,
        "dilutedEPS": 1.27,
        "ebit": 2175.5,
        "grossIncome": 3401.8,
        "interestExpense": 115.5,
        "interestIncomeExpense": -115.5,
        "minorityInterest": -10.7,
        "netIncome": 1590.8,
        "netIncomeAfterTaxes": 1580.1,
        "nonRecurringItems": -70.4,
        "period": "2021-12-31",
        "pretaxIncome": 1989.2,
        "provisionforIncomeTaxes": 409.1,
        "researchDevelopment": 317.7,
        "revenue": 10876.3,
        "sgaExpense": 908.6,
        "totalOperatingExpense": 1226.3,
        "totalOtherIncomeExpenseNet": -0.4,
        "year": 2021
      },
      {
        "costOfGoodsSold": 5934.8,
        "dilutedAverageSharesOutstanding": 1230,
        "dilutedEPS": 0.98,
        "ebit": 1649.9,
        "grossIncome": 2664.1,
        "interestExpense": 115.4,
        "interestIncomeExpense": -115.4,
        "minorityInterest": -9.9,
        "netIncome": 1203.4,
        "netIncomeAfterTaxes": 1213.3,
        "nonRecurringItems": -11.5,
        "period": "2020-12-31",
        "pretaxIncome": 1526.6,
        "provisionforIncomeTaxes": 313.3,
        "researchDevelopment": 260.7,
        "revenue": 8598.9,
        "sgaExpense": 753.5,
        "totalOperatingExpense": 1014.2,
        "totalOtherIncomeExpenseNet": 3.6,
        "year": 2020
      },
      {
        "costOfGoodsSold": 5609.4,
        "dilutedAverageSharesOutstanding": 1231.6,
        "dilutedEPS": 0.94,
        "ebit": 1644.6,
        "grossIncome": 2616,
        "interestExpense": 117.6,
        "interestIncomeExpense": -117.6,
        "minorityInterest": -9,
        "netIncome": 1155,
        "netIncomeAfterTaxes": 1164,
        "nonRecurringItems": -39.7,
        "period": "2019-12-31",
        "pretaxIncome": 1495.9,
        "provisionforIncomeTaxes": 331.9,
        "revenue": 8225.4,
        "sgaExpense": 971.4,
        "totalOperatingExpense": 971.4,
        "totalOtherIncomeExpenseNet": 8.6,
        "year": 2019
      },
      {
        "costOfGoodsSold": 5547.1,
        "dilutedAverageSharesOutstanding": 1250.4,
        "dilutedEPS": 0.96,
        "ebit": 1695.4,
        "grossIncome": 2654.9,
        "interestExpense": 101.7,
        "interestIncomeExpense": -101.7,
        "minorityInterest": -11.9,
        "netIncome": 1205,
        "netIncomeAfterTaxes": 1303.9,
        "nonRecurringItems": -8.5,
        "period": "2018-12-31",
        "pretaxIncome": 1588.4,
        "provisionforIncomeTaxes": 284.5,
        "revenue": 8202,
        "sgaExpense": 959.5,
        "totalOperatingExpense": 959.5,
        "totalOtherIncomeExpenseNet": 3.2,
        "year": 2018
      },
      {
        "costOfGoodsSold": 4701.4,
        "dilutedAverageSharesOutstanding": 1266,
        "dilutedEPS": 0.51,
        "ebit": 1431.6,
        "grossIncome": 2309.9,
        "interestExpense": 92.3,
        "interestIncomeExpense": -72.1,
        "minorityInterest": -10.2,
        "netIncome": 650.5,
        "netIncomeAfterTaxes": 1059.2,
        "nonRecurringItems": -4,
        "period": "2017-12-31",
        "pretaxIncome": 1352.4,
        "provisionforIncomeTaxes": 293.2,
        "revenue": 7011.3,
        "sgaExpense": 878.3,
        "totalOperatingExpense": 878.3,
        "totalOtherIncomeExpenseNet": -3.1,
        "year": 2017
      },
      {
        "costOfGoodsSold": 4246.4,
        "dilutedAverageSharesOutstanding": 1260.8,
        "dilutedEPS": 0.65,
        "ebit": 1241.8,
        "grossIncome": 2040,
        "interestExpense": 72.6,
        "interestIncomeExpense": -61.1,
        "minorityInterest": -9.7,
        "netIncome": 822.9,
        "netIncomeAfterTaxes": 832.6,
        "nonRecurringItems": -36.6,
        "period": "2016-12-31",
        "pretaxIncome": 1141.1,
        "provisionforIncomeTaxes": 308.5,
        "revenue": 6286.4,
        "sgaExpense": 798.2,
        "totalOperatingExpense": 798.2,
        "totalOtherIncomeExpenseNet": -3,
        "year": 2016
      },
      {
        "costOfGoodsSold": 3789.2,
        "dilutedAverageSharesOutstanding": 1266,
        "dilutedEPS": 0.6,
        "ebit": 1110.4,
        "grossIncome": 1779.5,
        "interestExpense": 68.3,
        "interestIncomeExpense": -49.9,
        "minorityInterest": -8.8,
        "netIncome": 763.5,
        "netIncomeAfterTaxes": 772.3,
        "nonRecurringItems": -5.7,
        "period": "2015-12-31",
        "pretaxIncome": 1052.8,
        "provisionforIncomeTaxes": 280.5,
        "revenue": 5568.7,
        "sgaExpense": 669.1,
        "totalOperatingExpense": 669.1,
        "totalOtherIncomeExpenseNet": -2,
        "year": 2015
      }
    ],
    "symbol": "APH"
  }
}