{
  "symbol": "PRU",
  "statement": "ic",
  "frequency": "quarterly",
  "timestamp": "2025-09-19T14:05:48.877849",
  "data": {
    "financials": [
      {
        "benefitsClaimsLossAdjustment": 9144,
        "deferredPolicyAcquisitionExpense": 407,
        "dilutedAverageSharesOutstanding": 354.9,
        "dilutedEPS": 1.4849,
        "ebit": 740,
        "equityEarningsAffiliates": 21,
        "grossPremiumsEarned": 9643,
        "minorityInterest": -33,
        "netIncome": 527,
        "netIncomeAfterTaxes": 545,
        "otherOperatingExpensesTotal": -982,
        "period": "2025-06-30",
        "pretaxIncome": 740,
        "provisionforIncomeTaxes": 195,
        "revenue": 12744,
        "sgaExpense": 3435,
        "totalOperatingExpense": 12004
      },
      {
        "benefitsClaimsLossAdjustment": 8915,
        "deferredPolicyAcquisitionExpense": 407,
        "dilutedAverageSharesOutstanding": 356.1,
        "dilutedEPS": 1.96,
        "ebit": 920,
        "equityEarningsAffiliates": 29,
        "grossPremiumsEarned": 8437,
        "minorityInterest": -35,
        "netIncome": 697,
        "netIncomeAfterTaxes": 713,
        "otherOperatingExpensesTotal": -984,
        "period": "2025-03-31",
        "pretaxIncome": 920,
        "provisionforIncomeTaxes": 207,
        "revenue": 12486,
        "sgaExpense": 3228,
        "totalOperatingExpense": 11566
      },
      {
        "benefitsClaimsLossAdjustment": 8944,
        "deferredPolicyAcquisitionExpense": 375,
        "dilutedAverageSharesOutstanding": 355.1,
        "dilutedEPS": -0.16,
        "ebit": -149,
        "equityEarningsAffiliates": 36,
        "grossPremiumsEarned": 7364,
        "minorityInterest": -130,
        "netIncome": -56,
        "netIncomeAfterTaxes": 37,
        "nonRecurringItems": 0,
        "otherOperatingExpensesTotal": -1106,
        "period": "2024-12-31",
        "pretaxIncome": -149,
        "provisionforIncomeTaxes": -186,
        "revenue": 11417,
        "sgaExpense": 3353,
        "totalOperatingExpense": 11566
      },
      {
        "benefitsClaimsLossAdjustment": 15070,
        "deferredPolicyAcquisitionExpense": 367,
        "dilutedAverageSharesOutstanding": 358.7,
        "dilutedEPS": 1.24,
        "ebit": 553,
        "equityEarningsAffiliates": 38,
        "grossPremiumsEarned": 15441,
        "minorityInterest": -3,
        "netIncome": 443,
        "netIncomeAfterTaxes": 413,
        "otherOperatingExpensesTotal": -984,
        "period": "2024-09-30",
        "pretaxIncome": 553,
        "provisionforIncomeTaxes": 140,
        "revenue": 18506,
        "sgaExpense": 3500,
        "totalOperatingExpense": 17953
      },
      {
        "benefitsClaimsLossAdjustment": 9790,
        "deferredPolicyAcquisitionExpense": 375,
        "dilutedAverageSharesOutstanding": 360.5,
        "dilutedEPS": 3.28,
        "ebit": 1415,
        "equityEarningsAffiliates": 20,
        "grossPremiumsEarned": 10497,
        "minorityInterest": 27,
        "netIncome": 1184,
        "netIncomeAfterTaxes": 1151,
        "period": "2024-06-30",
        "pretaxIncome": 1415,
        "provisionforIncomeTaxes": 264,
        "revenue": 14883,
        "sgaExpense": 3303,
        "totalOperatingExpense": 13468
      },
      {
        "benefitsClaimsLossAdjustment": 17860,
        "deferredPolicyAcquisitionExpense": 375,
        "dilutedAverageSharesOutstanding": 360.5,
        "dilutedEPS": 3.12,
        "ebit": 1390,
        "equityEarningsAffiliates": 50,
        "grossPremiumsEarned": 18930,
        "minorityInterest": -13,
        "netIncome": 1123,
        "netIncomeAfterTaxes": 1101,
        "period": "2024-03-31",
        "pretaxIncome": 1390,
        "provisionforIncomeTaxes": 289,
        "revenue": 23509,
        "sgaExpense": 3884,
        "totalOperatingExpense": 22119
      },
      {
        "benefitsClaimsLossAdjustment": 8890,
        "deferredPolicyAcquisitionExpense": 367,
        "dilutedAverageSharesOutstanding": 361,
        "dilutedEPS": 3.61,
        "ebit": 1839,
        "equityEarningsAffiliates": 23,
        "grossPremiumsEarned": 9932,
        "minorityInterest": -9,
        "netIncome": 1305,
        "netIncomeAfterTaxes": 1303,
        "nonRecurringItems": -177,
        "otherOperatingExpensesTotal": -930,
        "period": "2023-12-31",
        "pretaxIncome": 1662,
        "provisionforIncomeTaxes": 359,
        "revenue": 14154,
        "sgaExpense": 3988,
        "totalOperatingExpense": 12315
      },
      {
        "benefitsClaimsLossAdjustment": 5986,
        "deferredPolicyAcquisitionExpense": 361,
        "dilutedAverageSharesOutstanding": 362.6,
        "dilutedEPS": -2.23,
        "ebit": -1058,
        "equityEarningsAffiliates": 16,
        "grossPremiumsEarned": 6434,
        "minorityInterest": -11,
        "netIncome": -807,
        "netIncomeAfterTaxes": -807,
        "period": "2023-09-30",
        "pretaxIncome": -1058,
        "provisionforIncomeTaxes": -251,
        "revenue": 8352,
        "sgaExpense": 3063,
        "totalOperatingExpense": 9410
      },
      {
        "benefitsClaimsLossAdjustment": 9065,
        "deferredPolicyAcquisitionExpense": 366,
        "dilutedAverageSharesOutstanding": 364.702,
        "dilutedEPS": 1.41,
        "ebit": 621,
        "equityEarningsAffiliates": -2,
        "grossPremiumsEarned": 8109,
        "minorityInterest": 15,
        "netIncome": 517,
        "netIncomeAfterTaxes": 498,
        "otherOperatingExpensesTotal": -1835,
        "period": "2023-06-30",
        "pretaxIncome": 621,
        "provisionforIncomeTaxes": 123,
        "revenue": 11663,
        "sgaExpense": 3446,
        "totalOperatingExpense": 11042
      },
      {
        "benefitsClaimsLossAdjustment": 11310,
        "deferredPolicyAcquisitionExpense": 365,
        "dilutedAverageSharesOutstanding": 367.7,
        "dilutedEPS": 3.93,
        "ebit": 1847,
        "equityEarningsAffiliates": 12,
        "grossPremiumsEarned": 12433,
        "minorityInterest": -15,
        "netIncome": 1444,
        "netIncomeAfterTaxes": 1465,
        "period": "2023-03-31",
        "pretaxIncome": 1847,
        "provisionforIncomeTaxes": 382,
        "revenue": 17045,
        "sgaExpense": 3523,
        "totalOperatingExpense": 15198
      },
      {
        "benefitsClaimsLossAdjustment": 8786,
        "deferredPolicyAcquisitionExpense": 341,
        "dilutedAverageSharesOutstanding": 367.8,
        "dilutedEPS": -0.16,
        "ebit": 863,
        "equityEarningsAffiliates": -9,
        "grossPremiumsEarned": 9115,
        "minorityInterest": -8,
        "netIncome": -58,
        "netIncomeAfterTaxes": -35,
        "nonRecurringItems": -903,
        "otherOperatingExpensesTotal": -976,
        "period": "2022-12-31",
        "pretaxIncome": -40,
        "provisionforIncomeTaxes": -5,
        "revenue": 12457,
        "sgaExpense": 3443,
        "totalOperatingExpense": 11594
      },
      {
        "benefitsClaimsLossAdjustment": 16808,
        "deferredPolicyAcquisitionExpense": 363,
        "dilutedAverageSharesOutstanding": 371,
        "dilutedEPS": -0.26,
        "ebit": -126,
        "equityEarningsAffiliates": 7,
        "grossPremiumsEarned": 17058,
        "minorityInterest": 16,
        "netIncome": -98,
        "netIncomeAfterTaxes": -115,
        "period": "2022-09-30",
        "pretaxIncome": -126,
        "provisionforIncomeTaxes": -11,
        "revenue": 20201,
        "sgaExpense": 3156,
        "totalOperatingExpense": 20327
      },
      {
        "benefitsClaimsLossAdjustment": 9379,
        "deferredPolicyAcquisitionExpense": 358,
        "dilutedAverageSharesOutstanding": 374.4,
        "dilutedEPS": -2.71,
        "ebit": -1068,
        "equityEarningsAffiliates": -68,
        "grossPremiumsEarned": 9800,
        "minorityInterest": 7,
        "netIncome": -1016,
        "netIncomeAfterTaxes": -949,
        "period": "2022-06-30",
        "pretaxIncome": -1068,
        "provisionforIncomeTaxes": -119,
        "revenue": 11392,
        "sgaExpense": 2723,
        "totalOperatingExpense": 12460
      },
      {
        "benefitsClaimsLossAdjustment": 8690,
        "deferredPolicyAcquisitionExpense": 371,
        "dilutedAverageSharesOutstanding": 376.1,
        "dilutedEPS": -1.33,
        "ebit": -658,
        "equityEarningsAffiliates": 8,
        "grossPremiumsEarned": 8811,
        "minorityInterest": 13,
        "netIncome": -500,
        "netIncomeAfterTaxes": -514,
        "period": "2022-03-31",
        "pretaxIncome": -658,
        "provisionforIncomeTaxes": -144,
        "revenue": 11855,
        "sgaExpense": 3452,
        "totalOperatingExpense": 12513
      },
      {
        "benefitsClaimsLossAdjustment": 8502,
        "deferredPolicyAcquisitionExpense": -180,
        "dilutedAverageSharesOutstanding": 380.8,
        "dilutedEPS": 6.09,
        "ebit": 3902,
        "equityEarningsAffiliates": 35,
        "grossPremiumsEarned": 9535,
        "minorityInterest": -34,
        "netIncome": 2319,
        "netIncomeAfterTaxes": 2351,
        "nonRecurringItems": -1060,
        "period": "2021-12-31",
        "pretaxIncome": 2842,
        "provisionforIncomeTaxes": 491,
        "revenue": 16737,
        "sgaExpense": 4513,
        "totalOperatingExpense": 12835
      },
      {
        "benefitsClaimsLossAdjustment": 15318,
        "deferredPolicyAcquisitionExpense": 529,
        "dilutedAverageSharesOutstanding": 386.8,
        "dilutedEPS": 3.89,
        "ebit": 1806,
        "equityEarningsAffiliates": 18,
        "grossPremiumsEarned": 16492,
        "minorityInterest": -35,
        "netIncome": 1506,
        "netIncomeAfterTaxes": 1547,
        "period": "2021-09-30",
        "pretaxIncome": 1806,
        "provisionforIncomeTaxes": 259,
        "revenue": 21641,
        "sgaExpense": 3988,
        "totalOperatingExpense": 19835
      },
      {
        "benefitsClaimsLossAdjustment": 8689,
        "deferredPolicyAcquisitionExpense": 392,
        "dilutedAverageSharesOutstanding": 394.1,
        "dilutedEPS": 5.4,
        "ebit": 2773,
        "equityEarningsAffiliates": 19,
        "grossPremiumsEarned": 10730,
        "minorityInterest": -25,
        "netIncome": 2127,
        "netIncomeAfterTaxes": 2164,
        "period": "2021-06-30",
        "pretaxIncome": 2773,
        "provisionforIncomeTaxes": 609,
        "revenue": 15917,
        "sgaExpense": 4063,
        "totalOperatingExpense": 13144
      },
      {
        "benefitsClaimsLossAdjustment": 8878,
        "deferredPolicyAcquisitionExpense": 741,
        "dilutedAverageSharesOutstanding": 398.8,
        "dilutedEPS": 6.98,
        "ebit": 3414,
        "equityEarningsAffiliates": 26,
        "grossPremiumsEarned": 10491,
        "minorityInterest": 24,
        "netIncome": 2784,
        "netIncomeAfterTaxes": 2778,
        "period": "2021-03-31",
        "pretaxIncome": 3414,
        "provisionforIncomeTaxes": 636,
        "revenue": 16952,
        "sgaExpense": 3919,
        "totalOperatingExpense": 13538
      },
      {
        "benefitsClaimsLossAdjustment": 10454,
        "deferredPolicyAcquisitionExpense": 339,
        "dilutedAverageSharesOutstanding": 396.4,
        "dilutedEPS": 2.05,
        "ebit": 900,
        "equityEarningsAffiliates": 34,
        "grossPremiumsEarned": 13176,
        "minorityInterest": -203,
        "netIncome": 814,
        "netIncomeAfterTaxes": 988,
        "period": "2020-12-31",
        "pretaxIncome": 900,
        "provisionforIncomeTaxes": -88,
        "revenue": 16029,
        "sgaExpense": 4336,
        "totalOperatingExpense": 15129
      },
      {
        "benefitsClaimsLossAdjustment": 9463,
        "deferredPolicyAcquisitionExpense": 638,
        "dilutedAverageSharesOutstanding": 397.1,
        "dilutedEPS": 3.7,
        "ebit": 1447,
        "equityEarningsAffiliates": 10,
        "grossPremiumsEarned": 11058,
        "minorityInterest": -20,
        "netIncome": 1469,
        "netIncomeAfterTaxes": 1497,
        "period": "2020-09-30",
        "pretaxIncome": 1447,
        "provisionforIncomeTaxes": -50,
        "revenue": 15425,
        "sgaExpense": 3877,
        "totalOperatingExpense": 13978
      },
      {
        "benefitsClaimsLossAdjustment": 10282,
        "deferredPolicyAcquisitionExpense": 287,
        "dilutedAverageSharesOutstanding": 400.046,
        "dilutedEPS": -6,
        "ebit": -2332,
        "equityEarningsAffiliates": 42,
        "grossPremiumsEarned": 11681,
        "minorityInterest": -4,
        "netIncome": -2402,
        "netIncomeAfterTaxes": -2447,
        "period": "2020-06-30",
        "pretaxIncome": -2332,
        "provisionforIncomeTaxes": 115,
        "revenue": 12115,
        "sgaExpense": 3878,
        "totalOperatingExpense": 14447
      },
      {
        "benefitsClaimsLossAdjustment": 9398,
        "deferredPolicyAcquisitionExpense": 957,
        "dilutedAverageSharesOutstanding": 395.2,
        "dilutedEPS": -0.7,
        "ebit": -338,
        "equityEarningsAffiliates": 10,
        "grossPremiumsEarned": 7595,
        "minorityInterest": -1,
        "netIncome": -276,
        "netIncomeAfterTaxes": -280,
        "period": "2020-03-31",
        "pretaxIncome": -338,
        "provisionforIncomeTaxes": -58,
        "revenue": 13464,
        "sgaExpense": 3447,
        "totalOperatingExpense": 13802
      },
      {
        "benefitsClaimsLossAdjustment": 12934,
        "deferredPolicyAcquisitionExpense": 524,
        "dilutedAverageSharesOutstanding": 404,
        "dilutedEPS": 2.76,
        "ebit": 1417,
        "equityEarningsAffiliates": 15,
        "grossPremiumsEarned": 14892,
        "minorityInterest": -10,
        "netIncome": 1115,
        "netIncomeAfterTaxes": 1123,
        "nonRecurringItems": -73,
        "period": "2019-12-31",
        "pretaxIncome": 1344,
        "provisionforIncomeTaxes": 221,
        "revenue": 19296,
        "sgaExpense": 4421,
        "totalOperatingExpense": 17879
      },
      {
        "benefitsClaimsLossAdjustment": 8828,
        "deferredPolicyAcquisitionExpense": 591,
        "dilutedAverageSharesOutstanding": 408.5,
        "dilutedEPS": 3.44,
        "ebit": 1868,
        "equityEarningsAffiliates": 32,
        "grossPremiumsEarned": 9814,
        "minorityInterest": -7,
        "netIncome": 1403,
        "netIncomeAfterTaxes": 1393,
        "nonRecurringItems": -143,
        "period": "2019-09-30",
        "pretaxIncome": 1725,
        "provisionforIncomeTaxes": 332,
        "revenue": 15248,
        "sgaExpense": 3961,
        "totalOperatingExpense": 13380
      },
      {
        "benefitsClaimsLossAdjustment": 10155,
        "deferredPolicyAcquisitionExpense": 782,
        "dilutedAverageSharesOutstanding": 413.9,
        "dilutedEPS": 1.71,
        "ebit": 928,
        "equityEarningsAffiliates": 24,
        "grossPremiumsEarned": 11334,
        "minorityInterest": -30,
        "netIncome": 700,
        "netIncomeAfterTaxes": 714,
        "nonRecurringItems": -52,
        "period": "2019-06-30",
        "pretaxIncome": 876,
        "provisionforIncomeTaxes": 162,
        "revenue": 15440,
        "sgaExpense": 3575,
        "totalOperatingExpense": 14512
      },
      {
        "benefitsClaimsLossAdjustment": 9783,
        "deferredPolicyAcquisitionExpense": 435,
        "dilutedAverageSharesOutstanding": 417.6,
        "dilutedEPS": 2.22,
        "ebit": 1187,
        "equityEarningsAffiliates": 29,
        "grossPremiumsEarned": 11641,
        "minorityInterest": -5,
        "netIncome": 922,
        "netIncomeAfterTaxes": 908,
        "nonRecurringItems": -47,
        "period": "2019-03-31",
        "pretaxIncome": 1140,
        "provisionforIncomeTaxes": 232,
        "revenue": 15138,
        "sgaExpense": 3733,
        "totalOperatingExpense": 13951
      },
      {
        "benefitsClaimsLossAdjustment": 13628,
        "deferredPolicyAcquisitionExpense": 509,
        "dilutedAverageSharesOutstanding": 421.4,
        "dilutedEPS": 1.96,
        "ebit": 1203,
        "equityEarningsAffiliates": 14,
        "grossPremiumsEarned": 13680,
        "minorityInterest": -7,
        "netIncome": 831,
        "netIncomeAfterTaxes": 826,
        "nonRecurringItems": -150,
        "period": "2018-12-31",
        "pretaxIncome": 1053,
        "provisionforIncomeTaxes": 227,
        "revenue": 18582,
        "sgaExpense": 3242,
        "totalOperatingExpense": 17379
      },
      {
        "benefitsClaimsLossAdjustment": 10341,
        "deferredPolicyAcquisitionExpense": 563,
        "dilutedAverageSharesOutstanding": 424.7,
        "dilutedEPS": 3.89,
        "ebit": 1870,
        "equityEarningsAffiliates": 21,
        "grossPremiumsEarned": 11951,
        "minorityInterest": -3,
        "netIncome": 1653,
        "netIncomeAfterTaxes": 1537,
        "nonRecurringItems": -32,
        "period": "2018-09-30",
        "pretaxIncome": 1838,
        "provisionforIncomeTaxes": 301,
        "revenue": 16180,
        "sgaExpense": 3406,
        "totalOperatingExpense": 14310
      },
      {
        "benefitsClaimsLossAdjustment": 10406,
        "deferredPolicyAcquisitionExpense": 613,
        "dilutedAverageSharesOutstanding": 428,
        "dilutedEPS": 0.45,
        "ebit": 308,
        "equityEarningsAffiliates": 18,
        "grossPremiumsEarned": 9874,
        "minorityInterest": -3,
        "netIncome": 193,
        "netIncomeAfterTaxes": 175,
        "nonRecurringItems": -58,
        "period": "2018-06-30",
        "pretaxIncome": 250,
        "provisionforIncomeTaxes": 75,
        "revenue": 14713,
        "sgaExpense": 3386,
        "totalOperatingExpense": 14405
      },
      {
        "benefitsClaimsLossAdjustment": 8225,
        "deferredPolicyAcquisitionExpense": 588,
        "dilutedAverageSharesOutstanding": 430.9,
        "dilutedEPS": 3.12,
        "ebit": 1732,
        "equityEarningsAffiliates": 23,
        "grossPremiumsEarned": 9334,
        "minorityInterest": -1,
        "netIncome": 1347,
        "netIncomeAfterTaxes": 1321,
        "nonRecurringItems": -39,
        "period": "2018-03-31",
        "pretaxIncome": 1693,
        "provisionforIncomeTaxes": 372,
        "revenue": 13796,
        "sgaExpense": 3251,
        "totalOperatingExpense": 12064
      },
      {
        "benefitsClaimsLossAdjustment": 11148,
        "deferredPolicyAcquisitionExpense": 414,
        "dilutedAverageSharesOutstanding": 432.7,
        "dilutedEPS": 8.59,
        "ebit": 1261,
        "equityEarningsAffiliates": -9,
        "grossPremiumsEarned": 12567,
        "minorityInterest": -100,
        "netIncome": 3720,
        "netIncomeAfterTaxes": 994,
        "nonRecurringItems": -145,
        "period": "2017-12-31",
        "pretaxIncome": 1116,
        "provisionforIncomeTaxes": 122,
        "revenue": 16410,
        "sgaExpense": 3587,
        "totalOperatingExpense": 15149
      },
      {
        "benefitsClaimsLossAdjustment": 9228,
        "deferredPolicyAcquisitionExpense": 643,
        "dilutedAverageSharesOutstanding": 435,
        "dilutedEPS": 5.09,
        "ebit": 3043,
        "equityEarningsAffiliates": 20,
        "grossPremiumsEarned": 10629,
        "minorityInterest": -3,
        "netIncome": 2211,
        "netIncomeAfterTaxes": 2221,
        "nonRecurringItems": -22,
        "period": "2017-09-30",
        "pretaxIncome": 3021,
        "provisionforIncomeTaxes": 800,
        "revenue": 16335,
        "sgaExpense": 3421,
        "totalOperatingExpense": 13292
      },
      {
        "benefitsClaimsLossAdjustment": 9275,
        "deferredPolicyAcquisitionExpense": 84,
        "dilutedAverageSharesOutstanding": 437.2,
        "dilutedEPS": 1.12,
        "ebit": 654,
        "equityEarningsAffiliates": 13,
        "grossPremiumsEarned": 10444,
        "minorityInterest": -5,
        "netIncome": 485,
        "netIncomeAfterTaxes": 483,
        "nonRecurringItems": -46,
        "period": "2017-06-30",
        "pretaxIncome": 608,
        "provisionforIncomeTaxes": 125,
        "revenue": 13487,
        "sgaExpense": 3474,
        "totalOperatingExpense": 12833
      },
      {
        "benefitsClaimsLossAdjustment": 7965,
        "deferredPolicyAcquisitionExpense": 439,
        "dilutedAverageSharesOutstanding": 439.1,
        "dilutedEPS": 3.09,
        "ebit": 1796,
        "equityEarningsAffiliates": 25,
        "grossPremiumsEarned": 9182,
        "minorityInterest": -3,
        "netIncome": 1352,
        "netIncomeAfterTaxes": 1347,
        "nonRecurringItems": -54,
        "period": "2017-03-31",
        "pretaxIncome": 1742,
        "provisionforIncomeTaxes": 395,
        "revenue": 13724,
        "sgaExpense": 3524,
        "totalOperatingExpense": 11928
      },
      {
        "benefitsClaimsLossAdjustment": 9050,
        "deferredPolicyAcquisitionExpense": 133,
        "dilutedAverageSharesOutstanding": 439.7,
        "dilutedEPS": 0.65,
        "ebit": 373,
        "equityEarningsAffiliates": 11,
        "grossPremiumsEarned": 10995,
        "minorityInterest": -9,
        "netIncome": 281,
        "netIncomeAfterTaxes": 282,
        "nonRecurringItems": -56,
        "period": "2016-12-31",
        "pretaxIncome": 317,
        "provisionforIncomeTaxes": 35,
        "revenue": 13106,
        "sgaExpense": 3550,
        "totalOperatingExpense": 12733
      },
      {
        "benefitsClaimsLossAdjustment": 10979,
        "deferredPolicyAcquisitionExpense": 115,
        "dilutedAverageSharesOutstanding": 444.3,
        "dilutedEPS": 4.07,
        "ebit": 2344,
        "equityEarningsAffiliates": 18,
        "grossPremiumsEarned": 12075,
        "minorityInterest": -5,
        "netIncome": 1806,
        "netIncomeAfterTaxes": 1814,
        "nonRecurringItems": -29,
        "period": "2016-09-30",
        "pretaxIncome": 2315,
        "provisionforIncomeTaxes": 501,
        "revenue": 16990,
        "sgaExpense": 3552,
        "totalOperatingExpense": 14646
      },
      {
        "benefitsClaimsLossAdjustment": 9047,
        "deferredPolicyAcquisitionExpense": 427,
        "dilutedAverageSharesOutstanding": 449.3,
        "dilutedEPS": 2.04,
        "ebit": 1352,
        "equityEarningsAffiliates": 15,
        "grossPremiumsEarned": 9217,
        "minorityInterest": -4,
        "netIncome": 910,
        "netIncomeAfterTaxes": 910,
        "nonRecurringItems": -11,
        "period": "2016-06-30",
        "pretaxIncome": 1341,
        "provisionforIncomeTaxes": 431,
        "revenue": 14450,
        "sgaExpense": 3624,
        "totalOperatingExpense": 13098
      },
      {
        "benefitsClaimsLossAdjustment": 8317,
        "deferredPolicyAcquisitionExpense": 1202,
        "dilutedAverageSharesOutstanding": 453.2,
        "dilutedEPS": 2.93,
        "ebit": 1858,
        "equityEarningsAffiliates": 5,
        "grossPremiumsEarned": 8778,
        "minorityInterest": -33,
        "netIncome": 1321,
        "netIncomeAfterTaxes": 1364,
        "nonRecurringItems": -126,
        "period": "2016-03-31",
        "pretaxIncome": 1732,
        "provisionforIncomeTaxes": 368,
        "revenue": 14455,
        "sgaExpense": 3078,
        "totalOperatingExpense": 12597
      },
      {
        "benefitsClaimsLossAdjustment": 9618,
        "deferredPolicyAcquisitionExpense": 274,
        "dilutedAverageSharesOutstanding": 435.8,
        "dilutedEPS": 1.67,
        "ebit": 874,
        "equityEarningsAffiliates": 7,
        "grossPremiumsEarned": 10773,
        "minorityInterest": -5,
        "netIncome": 728,
        "netIncomeAfterTaxes": 733,
        "nonRecurringItems": -31,
        "period": "2015-12-31",
        "pretaxIncome": 843,
        "provisionforIncomeTaxes": 110,
        "revenue": 14287,
        "sgaExpense": 3521,
        "totalOperatingExpense": 13413
      },
      {
        "benefitsClaimsLossAdjustment": 7488,
        "deferredPolicyAcquisitionExpense": 922,
        "dilutedAverageSharesOutstanding": 462,
        "dilutedEPS": 3.16,
        "ebit": 2122,
        "equityEarningsAffiliates": 2,
        "grossPremiumsEarned": 8158,
        "minorityInterest": -2,
        "netIncome": 1451,
        "netIncomeAfterTaxes": 1465,
        "nonRecurringItems": -73,
        "period": "2015-09-30",
        "pretaxIncome": 2049,
        "provisionforIncomeTaxes": 584,
        "revenue": 13672,
        "sgaExpense": 3140,
        "totalOperatingExpense": 11550
      }
    ],
    "symbol": "PRU"
  }
}