{
  "symbol": "IBKR",
  "statement": "ic",
  "frequency": "annual",
  "timestamp": "2025-09-19T14:02:06.076777",
  "data": {
    "financials": [
      {
        "costOfGoodsSold": 4638,
        "depreciationAmortization": 67,
        "dilutedAverageSharesOutstanding": 436.0118,
        "dilutedEPS": 1.73,
        "ebit": 3695,
        "grossIncome": 4738,
        "minorityInterest": -2652,
        "netIncome": 755,
        "netIncomeAfterTaxes": 3407,
        "period": "2024-12-31",
        "pretaxIncome": 3695,
        "provisionforIncomeTaxes": 288,
        "revenue": 9376,
        "sgaExpense": 976,
        "totalOperatingExpense": 1043,
        "year": 2024
      },
      {
        "costOfGoodsSold": 3822,
        "depreciationAmortization": 65,
        "dilutedAverageSharesOutstanding": 423.3875,
        "dilutedEPS": 1.42,
        "ebit": 3069,
        "grossIncome": 3954,
        "minorityInterest": -2212,
        "netIncome": 600,
        "netIncomeAfterTaxes": 2812,
        "period": "2023-12-31",
        "pretaxIncome": 3069,
        "provisionforIncomeTaxes": 257,
        "revenue": 7776,
        "sgaExpense": 820,
        "totalOperatingExpense": 885,
        "year": 2023
      },
      {
        "costOfGoodsSold": 1342,
        "depreciationAmortization": 58,
        "dilutedAverageSharesOutstanding": 405.1984,
        "dilutedEPS": 0.94,
        "ebit": 1998,
        "grossIncome": 2743,
        "minorityInterest": -1462,
        "netIncome": 380,
        "netIncomeAfterTaxes": 1842,
        "period": "2022-12-31",
        "pretaxIncome": 1998,
        "provisionforIncomeTaxes": 156,
        "revenue": 4085,
        "sgaExpense": 687,
        "totalOperatingExpense": 745,
        "year": 2022
      },
      {
        "costOfGoodsSold": 460,
        "depreciationAmortization": 50,
        "dilutedAverageSharesOutstanding": 380.0399,
        "dilutedEPS": 0.81,
        "ebit": 1787,
        "grossIncome": 2478,
        "minorityInterest": -1328,
        "netIncome": 308,
        "netIncomeAfterTaxes": 1636,
        "period": "2021-12-31",
        "pretaxIncome": 1787,
        "provisionforIncomeTaxes": 151,
        "revenue": 2938,
        "sgaExpense": 641,
        "totalOperatingExpense": 691,
        "year": 2021
      },
      {
        "costOfGoodsSold": 554,
        "depreciationAmortization": 42,
        "dilutedAverageSharesOutstanding": 322.5556,
        "dilutedEPS": 0.6,
        "ebit": 1256,
        "grossIncome": 1925,
        "minorityInterest": -984,
        "netIncome": 195,
        "netIncomeAfterTaxes": 1179,
        "period": "2020-12-31",
        "pretaxIncome": 1256,
        "provisionforIncomeTaxes": 77,
        "revenue": 2479,
        "sgaExpense": 627,
        "totalOperatingExpense": 669,
        "year": 2020
      },
      {
        "costOfGoodsSold": 894,
        "depreciationAmortization": 31,
        "dilutedAverageSharesOutstanding": 307.3034,
        "dilutedEPS": 0.52,
        "ebit": 1117,
        "grossIncome": 1646,
        "interestIncomeExpense": 40,
        "minorityInterest": -928,
        "netIncome": 161,
        "netIncomeAfterTaxes": 1089,
        "period": "2019-12-31",
        "pretaxIncome": 1157,
        "provisionforIncomeTaxes": 68,
        "revenue": 2540,
        "sgaExpense": 498,
        "totalOperatingExpense": 529,
        "year": 2019
      },
      {
        "costOfGoodsSold": 732,
        "depreciationAmortization": 26,
        "dilutedAverageSharesOutstanding": 297.0655,
        "dilutedEPS": 0.57,
        "ebit": 1172,
        "grossIncome": 1610,
        "interestIncomeExpense": 24,
        "minorityInterest": -956,
        "netIncome": 169,
        "netIncomeAfterTaxes": 1125,
        "nonRecurringItems": 0,
        "period": "2018-12-31",
        "pretaxIncome": 1196,
        "provisionforIncomeTaxes": 71,
        "revenue": 2342,
        "sgaExpense": 412,
        "totalOperatingExpense": 438,
        "year": 2018
      },
      {
        "costOfGoodsSold": 466,
        "depreciationAmortization": 25,
        "dilutedAverageSharesOutstanding": 283.6197,
        "dilutedEPS": 0.26,
        "ebit": 955,
        "grossIncome": 1367,
        "interestIncomeExpense": 1,
        "minorityInterest": -717,
        "netIncome": 76,
        "netIncomeAfterTaxes": 970,
        "nonRecurringItems": 93,
        "period": "2017-12-31",
        "pretaxIncome": 1049,
        "provisionforIncomeTaxes": 79,
        "revenue": 1833,
        "sgaExpense": 387,
        "totalOperatingExpense": 412,
        "year": 2017
      },
      {
        "costOfGoodsSold": 323,
        "depreciationAmortization": 25,
        "dilutedAverageSharesOutstanding": 269.1977,
        "dilutedEPS": 0.31,
        "ebit": 761,
        "grossIncome": 1152,
        "minorityInterest": -615,
        "netIncome": 84,
        "netIncomeAfterTaxes": 699,
        "period": "2016-12-31",
        "pretaxIncome": 761,
        "provisionforIncomeTaxes": 62,
        "revenue": 1475,
        "sgaExpense": 366,
        "totalOperatingExpense": 391,
        "year": 2016
      },
      {
        "costOfGoodsSold": 298,
        "dilutedAverageSharesOutstanding": 250.0392,
        "dilutedEPS": 0.2,
        "ebit": 458,
        "grossIncome": 958,
        "minorityInterest": -366,
        "netIncome": 49,
        "netIncomeAfterTaxes": 415,
        "period": "2015-12-31",
        "pretaxIncome": 458,
        "provisionforIncomeTaxes": 43,
        "revenue": 1256,
        "sgaExpense": 500,
        "totalOperatingExpense": 500,
        "year": 2015
      }
    ],
    "symbol": "IBKR"
  }
}