{
  "symbol": "CVX",
  "statement": "ic",
  "frequency": "quarterly",
  "timestamp": "2025-09-19T13:57:47.847497",
  "data": {
    "financials": [
      {
        "costOfGoodsSold": 26858,
        "depreciationAmortization": 4344,
        "dilutedAverageSharesOutstanding": 1724.397,
        "dilutedEPS": 1.44,
        "ebit": 3885,
        "grossIncome": 17517,
        "interestIncomeExpense": 262,
        "minorityInterest": -25,
        "netIncome": 2490,
        "netIncomeAfterTaxes": 2515,
        "otherOperatingExpensesTotal": 89,
        "period": "2025-06-30",
        "pretaxIncome": 4147,
        "provisionforIncomeTaxes": 1632,
        "researchDevelopment": 252,
        "revenue": 44375,
        "sgaExpense": 8947,
        "totalOperatingExpense": 13632
      },
      {
        "costOfGoodsSold": 28610,
        "depreciationAmortization": 4123,
        "dilutedAverageSharesOutstanding": 1751.441,
        "dilutedEPS": 2,
        "ebit": 4917,
        "grossIncome": 17491,
        "interestExpense": 212,
        "interestIncomeExpense": 677,
        "minorityInterest": -12,
        "netIncome": 3500,
        "netIncomeAfterTaxes": 3512,
        "otherOperatingExpensesTotal": 5788,
        "period": "2025-03-31",
        "pretaxIncome": 5583,
        "provisionforIncomeTaxes": 2071,
        "researchDevelopment": 187,
        "revenue": 46101,
        "sgaExpense": 2476,
        "totalOperatingExpense": 12574,
        "totalOtherIncomeExpenseNet": -11
      },
      {
        "costOfGoodsSold": 30148,
        "depreciationAmortization": 4973,
        "dilutedAverageSharesOutstanding": 1778.672,
        "dilutedEPS": 1.82,
        "ebit": 6600,
        "grossIncome": 18186,
        "interestExpense": 199,
        "interestIncomeExpense": 489,
        "minorityInterest": -20,
        "netIncome": 3239,
        "netIncomeAfterTaxes": 3259,
        "nonRecurringItems": -980,
        "otherOperatingExpensesTotal": 3712,
        "period": "2024-12-31",
        "pretaxIncome": 6059,
        "provisionforIncomeTaxes": 2800,
        "researchDevelopment": 449,
        "revenue": 48334,
        "sgaExpense": 2452,
        "totalOperatingExpense": 11586,
        "totalOtherIncomeExpenseNet": -50
      },
      {
        "costOfGoodsSold": 30450,
        "depreciationAmortization": 4214,
        "dilutedAverageSharesOutstanding": 1807.03,
        "dilutedEPS": 2.48,
        "ebit": 5441,
        "grossIncome": 18476,
        "interestExpense": 164,
        "interestIncomeExpense": 1097,
        "minorityInterest": -9,
        "netIncome": 4487,
        "netIncomeAfterTaxes": 4496,
        "otherOperatingExpensesTotal": 6213,
        "period": "2024-09-30",
        "pretaxIncome": 6489,
        "provisionforIncomeTaxes": 1993,
        "researchDevelopment": 154,
        "revenue": 48926,
        "sgaExpense": 2454,
        "totalOperatingExpense": 13035,
        "totalOtherIncomeExpenseNet": -49
      },
      {
        "costOfGoodsSold": 30867,
        "depreciationAmortization": 4004,
        "dilutedAverageSharesOutstanding": 1833.431,
        "dilutedEPS": 2.42,
        "ebit": 5991,
        "grossIncome": 18707,
        "interestExpense": 113,
        "interestIncomeExpense": 1093,
        "minorityInterest": -9,
        "netIncome": 4434,
        "netIncomeAfterTaxes": 4443,
        "otherOperatingExpensesTotal": 6213,
        "period": "2024-06-30",
        "pretaxIncome": 7036,
        "provisionforIncomeTaxes": 2593,
        "researchDevelopment": 263,
        "revenue": 49574,
        "sgaExpense": 2236,
        "totalOperatingExpense": 12716,
        "totalOtherIncomeExpenseNet": -48
      },
      {
        "costOfGoodsSold": 27741,
        "depreciationAmortization": 4091,
        "dilutedAverageSharesOutstanding": 1849.116,
        "dilutedEPS": 2.97,
        "ebit": 6647,
        "grossIncome": 18839,
        "interestExpense": 118,
        "interestIncomeExpense": 1323,
        "minorityInterest": -50,
        "netIncome": 5501,
        "netIncomeAfterTaxes": 5551,
        "otherOperatingExpensesTotal": 5838,
        "period": "2024-03-31",
        "pretaxIncome": 7922,
        "provisionforIncomeTaxes": 2371,
        "researchDevelopment": 129,
        "revenue": 46580,
        "sgaExpense": 2134,
        "totalOperatingExpense": 12192,
        "totalOtherIncomeExpenseNet": -48
      },
      {
        "costOfGoodsSold": 28477,
        "depreciationAmortization": 6254,
        "dilutedAverageSharesOutstanding": 1866.779,
        "dilutedEPS": 1.21,
        "ebit": 2664,
        "grossIncome": 20456,
        "interestExpense": 120,
        "interestIncomeExpense": 870,
        "minorityInterest": 16,
        "netIncome": 2259,
        "netIncomeAfterTaxes": 2243,
        "otherOperatingExpensesTotal": 9253,
        "period": "2023-12-31",
        "pretaxIncome": 3490,
        "provisionforIncomeTaxes": 1247,
        "researchDevelopment": 254,
        "revenue": 48933,
        "sgaExpense": 2031,
        "totalOperatingExpense": 17792,
        "totalOtherIncomeExpenseNet": -44
      },
      {
        "costOfGoodsSold": 32328,
        "depreciationAmortization": 4025,
        "dilutedAverageSharesOutstanding": 1877.104,
        "dilutedEPS": 3.48,
        "ebit": 7630,
        "grossIncome": 19594,
        "interestExpense": 114,
        "interestIncomeExpense": 1199,
        "minorityInterest": -29,
        "netIncome": 6526,
        "netIncomeAfterTaxes": 6555,
        "otherOperatingExpensesTotal": 5454,
        "period": "2023-09-30",
        "pretaxIncome": 8738,
        "provisionforIncomeTaxes": 2183,
        "researchDevelopment": 301,
        "revenue": 51922,
        "sgaExpense": 2184,
        "totalOperatingExpense": 11964,
        "totalOtherIncomeExpenseNet": -91
      },
      {
        "costOfGoodsSold": 28984,
        "depreciationAmortization": 3521,
        "dilutedAverageSharesOutstanding": 1875.508,
        "dilutedEPS": 3.2,
        "ebit": 6756,
        "grossIncome": 18232,
        "interestExpense": 120,
        "interestIncomeExpense": 1120,
        "minorityInterest": 2,
        "netIncome": 6010,
        "netIncomeAfterTaxes": 6008,
        "otherOperatingExpensesTotal": 5617,
        "period": "2023-06-30",
        "pretaxIncome": 7837,
        "provisionforIncomeTaxes": 1829,
        "researchDevelopment": 169,
        "revenue": 47216,
        "sgaExpense": 2169,
        "totalOperatingExpense": 11476,
        "totalOtherIncomeExpenseNet": -39
      },
      {
        "costOfGoodsSold": 29407,
        "depreciationAmortization": 3526,
        "dilutedAverageSharesOutstanding": 1900.785,
        "dilutedEPS": 3.46,
        "ebit": 8084,
        "grossIncome": 19435,
        "interestExpense": 115,
        "interestIncomeExpense": 1473,
        "minorityInterest": -31,
        "netIncome": 6574,
        "netIncomeAfterTaxes": 6605,
        "otherOperatingExpensesTotal": 5658,
        "period": "2023-03-31",
        "pretaxIncome": 9519,
        "provisionforIncomeTaxes": 2914,
        "researchDevelopment": 190,
        "revenue": 48842,
        "sgaExpense": 1977,
        "totalOperatingExpense": 11351,
        "totalOtherIncomeExpenseNet": -38
      },
      {
        "costOfGoodsSold": 34674,
        "depreciationAmortization": 4764,
        "dilutedAverageSharesOutstanding": 1918.397,
        "dilutedEPS": 3.31,
        "ebit": 8344,
        "grossIncome": 19849,
        "interestExpense": 123,
        "interestIncomeExpense": 1500,
        "minorityInterest": -25,
        "netIncome": 6353,
        "netIncomeAfterTaxes": 6378,
        "otherOperatingExpensesTotal": 6074,
        "period": "2022-12-31",
        "pretaxIncome": 9808,
        "provisionforIncomeTaxes": 3430,
        "researchDevelopment": 453,
        "revenue": 54523,
        "sgaExpense": 214,
        "totalOperatingExpense": 11505,
        "totalOtherIncomeExpenseNet": -36
      },
      {
        "costOfGoodsSold": 38090,
        "depreciationAmortization": 4201,
        "dilutedAverageSharesOutstanding": 1940.002,
        "dilutedEPS": 5.79,
        "ebit": 12735,
        "grossIncome": 25418,
        "interestExpense": 128,
        "interestIncomeExpense": 2282,
        "minorityInterest": -7,
        "netIncome": 11231,
        "netIncomeAfterTaxes": 11238,
        "otherOperatingExpensesTotal": 5631,
        "period": "2022-09-30",
        "pretaxIncome": 14809,
        "provisionforIncomeTaxes": 3571,
        "researchDevelopment": 116,
        "revenue": 63508,
        "sgaExpense": 2735,
        "totalOperatingExpense": 12683,
        "totalOtherIncomeExpenseNet": -208
      },
      {
        "costOfGoodsSold": 40003,
        "depreciationAmortization": 3700,
        "dilutedAverageSharesOutstanding": 1957.109,
        "dilutedEPS": 5.94,
        "ebit": 13652,
        "grossIncome": 25369,
        "interestExpense": 129,
        "interestIncomeExpense": 2338,
        "minorityInterest": -93,
        "netIncome": 11622,
        "netIncomeAfterTaxes": 11715,
        "otherOperatingExpensesTotal": 5395,
        "period": "2022-06-30",
        "pretaxIncome": 16003,
        "provisionforIncomeTaxes": 4288,
        "researchDevelopment": 196,
        "revenue": 65372,
        "sgaExpense": 2426,
        "totalOperatingExpense": 11717,
        "totalOtherIncomeExpenseNet": 13
      },
      {
        "costOfGoodsSold": 32649,
        "depreciationAmortization": 3654,
        "dilutedAverageSharesOutstanding": 1944.542,
        "dilutedEPS": 3.22,
        "ebit": 7169,
        "grossIncome": 19665,
        "interestExpense": 136,
        "interestIncomeExpense": 1949,
        "minorityInterest": -18,
        "netIncome": 6259,
        "netIncomeAfterTaxes": 6277,
        "otherOperatingExpensesTotal": 5664,
        "period": "2022-03-31",
        "pretaxIncome": 9054,
        "provisionforIncomeTaxes": 2777,
        "researchDevelopment": 209,
        "revenue": 52314,
        "sgaExpense": 2969,
        "totalOperatingExpense": 12496,
        "totalOtherIncomeExpenseNet": -64
      },
      {
        "costOfGoodsSold": 27341,
        "depreciationAmortization": 4813,
        "dilutedAverageSharesOutstanding": 1921.002,
        "dilutedEPS": 2.63,
        "ebit": 5569,
        "grossIncome": 18520,
        "interestExpense": 155,
        "interestIncomeExpense": 1502,
        "minorityInterest": -27,
        "netIncome": 5055,
        "netIncomeAfterTaxes": 5082,
        "otherOperatingExpensesTotal": 4896,
        "period": "2021-12-31",
        "pretaxIncome": 6985,
        "provisionforIncomeTaxes": 1903,
        "researchDevelopment": 192,
        "revenue": 45861,
        "sgaExpense": 3050,
        "totalOperatingExpense": 12951,
        "totalOtherIncomeExpenseNet": -86
      },
      {
        "costOfGoodsSold": 23834,
        "depreciationAmortization": 4304,
        "dilutedAverageSharesOutstanding": 1921.095,
        "dilutedEPS": 3.18,
        "ebit": 6682,
        "grossIncome": 18718,
        "interestExpense": 174,
        "interestIncomeExpense": 1473,
        "minorityInterest": -4,
        "netIncome": 6111,
        "netIncomeAfterTaxes": 6115,
        "otherOperatingExpensesTotal": 4842,
        "period": "2021-09-30",
        "pretaxIncome": 8055,
        "provisionforIncomeTaxes": 1940,
        "researchDevelopment": 158,
        "revenue": 42552,
        "sgaExpense": 2732,
        "totalOperatingExpense": 12036,
        "totalOtherIncomeExpenseNet": -100
      },
      {
        "costOfGoodsSold": 20629,
        "depreciationAmortization": 4522,
        "dilutedAverageSharesOutstanding": 1921.958,
        "dilutedEPS": 1.6,
        "ebit": 3330,
        "grossIncome": 15488,
        "interestExpense": 185,
        "interestIncomeExpense": 1257,
        "minorityInterest": -12,
        "netIncome": 3082,
        "netIncomeAfterTaxes": 3094,
        "otherOperatingExpensesTotal": 4861,
        "period": "2021-06-30",
        "pretaxIncome": 4422,
        "provisionforIncomeTaxes": 1328,
        "researchDevelopment": 113,
        "revenue": 36117,
        "sgaExpense": 2662,
        "totalOperatingExpense": 12158,
        "totalOtherIncomeExpenseNet": -165
      },
      {
        "costOfGoodsSold": 17565,
        "depreciationAmortization": 4286,
        "dilutedAverageSharesOutstanding": 1915.889,
        "dilutedEPS": 0.72,
        "ebit": 2117,
        "grossIncome": 13785,
        "interestExpense": 198,
        "interestIncomeExpense": 397,
        "minorityInterest": -21,
        "netIncome": 1377,
        "netIncomeAfterTaxes": 1398,
        "otherOperatingExpensesTotal": 4886,
        "period": "2021-03-31",
        "pretaxIncome": 2177,
        "provisionforIncomeTaxes": 779,
        "researchDevelopment": 86,
        "revenue": 31350,
        "sgaExpense": 2410,
        "totalOperatingExpense": 11668,
        "totalOtherIncomeExpenseNet": -337
      },
      {
        "costOfGoodsSold": 13387,
        "depreciationAmortization": 4486,
        "dilutedAverageSharesOutstanding": 1910.911,
        "dilutedEPS": -0.35,
        "ebit": -1021,
        "grossIncome": 11456,
        "interestExpense": 199,
        "interestIncomeExpense": 369,
        "minorityInterest": -9,
        "netIncome": -665,
        "netIncomeAfterTaxes": -656,
        "nonRecurringItems": 156,
        "otherOperatingExpensesTotal": 5268,
        "period": "2020-12-31",
        "pretaxIncome": -957,
        "provisionforIncomeTaxes": -301,
        "researchDevelopment": 367,
        "revenue": 24843,
        "sgaExpense": 2356,
        "totalOperatingExpense": 12477,
        "totalOtherIncomeExpenseNet": -461
      },
      {
        "costOfGoodsSold": 13448,
        "depreciationAmortization": 4017,
        "dilutedAverageSharesOutstanding": 1853.533,
        "dilutedEPS": -0.11,
        "ebit": -168,
        "grossIncome": 10549,
        "interestExpense": 164,
        "interestIncomeExpense": 346,
        "minorityInterest": 2,
        "netIncome": -207,
        "netIncomeAfterTaxes": -209,
        "nonRecurringItems": 0,
        "otherOperatingExpensesTotal": 4660,
        "period": "2020-09-30",
        "pretaxIncome": -44,
        "provisionforIncomeTaxes": 165,
        "researchDevelopment": 117,
        "revenue": 23997,
        "sgaExpense": 1923,
        "totalOperatingExpense": 10717,
        "totalOtherIncomeExpenseNet": -222
      },
      {
        "costOfGoodsSold": 8144,
        "depreciationAmortization": 6717,
        "dilutedAverageSharesOutstanding": 1853.313,
        "dilutedEPS": -4.46,
        "ebit": -6580,
        "grossIncome": 7998,
        "interestExpense": 172,
        "interestIncomeExpense": -2903,
        "minorityInterest": 7,
        "netIncome": -8270,
        "netIncomeAfterTaxes": -8277,
        "nonRecurringItems": -1015,
        "otherOperatingExpensesTotal": 4552,
        "period": "2020-06-30",
        "pretaxIncome": -10597,
        "provisionforIncomeTaxes": -2320,
        "researchDevelopment": 895,
        "revenue": 16142,
        "sgaExpense": 2414,
        "totalOperatingExpense": 14578,
        "totalOtherIncomeExpenseNet": -99
      },
      {
        "costOfGoodsSold": 15505,
        "depreciationAmortization": 4288,
        "dilutedAverageSharesOutstanding": 1865.649,
        "dilutedEPS": 1.93,
        "ebit": 2983,
        "grossIncome": 13739,
        "interestExpense": 162,
        "interestIncomeExpense": 1260,
        "minorityInterest": 18,
        "netIncome": 3599,
        "netIncomeAfterTaxes": 3581,
        "otherOperatingExpensesTotal": 4460,
        "period": "2020-03-31",
        "pretaxIncome": 4145,
        "provisionforIncomeTaxes": 564,
        "researchDevelopment": 158,
        "revenue": 29244,
        "sgaExpense": 1850,
        "totalOperatingExpense": 10756,
        "totalOtherIncomeExpenseNet": -98
      },
      {
        "costOfGoodsSold": 19692,
        "depreciationAmortization": 16429,
        "dilutedAverageSharesOutstanding": 1870.207,
        "dilutedEPS": -3.53,
        "ebit": -8735,
        "grossIncome": 14984,
        "interestExpense": 178,
        "interestIncomeExpense": 258,
        "minorityInterest": 57,
        "netIncome": -6610,
        "netIncomeAfterTaxes": -7094,
        "nonRecurringItems": 170,
        "otherOperatingExpensesTotal": 4920,
        "period": "2019-12-31",
        "pretaxIncome": -8405,
        "provisionforIncomeTaxes": -1311,
        "researchDevelopment": 272,
        "revenue": 34676,
        "sgaExpense": 2098,
        "totalOperatingExpense": 23719,
        "totalOtherIncomeExpenseNet": -98
      },
      {
        "costOfGoodsSold": 19875,
        "depreciationAmortization": 4361,
        "dilutedAverageSharesOutstanding": 1893.928,
        "dilutedEPS": 1.36,
        "ebit": 3147,
        "grossIncome": 14849,
        "interestExpense": 197,
        "interestIncomeExpense": 1023,
        "minorityInterest": 0,
        "netIncome": 2580,
        "netIncomeAfterTaxes": 3010,
        "nonRecurringItems": 0,
        "otherOperatingExpensesTotal": 5160,
        "period": "2019-09-30",
        "pretaxIncome": 4049,
        "provisionforIncomeTaxes": 1039,
        "researchDevelopment": 168,
        "revenue": 34724,
        "sgaExpense": 2013,
        "totalOperatingExpense": 11702,
        "totalOtherIncomeExpenseNet": -121
      },
      {
        "costOfGoodsSold": 20833,
        "depreciationAmortization": 4334,
        "dilutedAverageSharesOutstanding": 1902.977,
        "dilutedEPS": 2.26,
        "ebit": 4045,
        "grossIncome": 15496,
        "interestExpense": 198,
        "interestIncomeExpense": 987,
        "minorityInterest": 15,
        "netIncome": 4305,
        "netIncomeAfterTaxes": 4290,
        "nonRecurringItems": 1000,
        "otherOperatingExpensesTotal": 4853,
        "period": "2019-06-30",
        "pretaxIncome": 5935,
        "provisionforIncomeTaxes": 1645,
        "researchDevelopment": 141,
        "revenue": 36329,
        "sgaExpense": 2123,
        "totalOperatingExpense": 11451,
        "totalOtherIncomeExpenseNet": -97
      },
      {
        "costOfGoodsSold": 19696,
        "depreciationAmortization": 4094,
        "dilutedAverageSharesOutstanding": 1900.748,
        "dilutedEPS": 1.39,
        "ebit": 3466,
        "grossIncome": 14731,
        "interestExpense": 225,
        "interestIncomeExpense": 592,
        "minorityInterest": 7,
        "netIncome": 2649,
        "netIncomeAfterTaxes": 2642,
        "otherOperatingExpensesTotal": 4937,
        "period": "2019-03-31",
        "pretaxIncome": 3957,
        "provisionforIncomeTaxes": 1315,
        "researchDevelopment": 189,
        "revenue": 34427,
        "sgaExpense": 2045,
        "totalOperatingExpense": 11265,
        "totalOtherIncomeExpenseNet": -101
      },
      {
        "costOfGoodsSold": 23851,
        "depreciationAmortization": 5252,
        "dilutedAverageSharesOutstanding": 1906.314,
        "dilutedEPS": 1.94,
        "ebit": 3337,
        "grossIncome": 16095,
        "interestExpense": 190,
        "interestIncomeExpense": 1777,
        "minorityInterest": 7,
        "netIncome": 3730,
        "netIncomeAfterTaxes": 3697,
        "otherOperatingExpensesTotal": 5275,
        "period": "2018-12-31",
        "pretaxIncome": 4898,
        "provisionforIncomeTaxes": 1201,
        "researchDevelopment": 250,
        "revenue": 39946,
        "sgaExpense": 1981,
        "totalOperatingExpense": 12758,
        "totalOtherIncomeExpenseNet": -216
      },
      {
        "costOfGoodsSold": 24691,
        "depreciationAmortization": 5380,
        "dilutedAverageSharesOutstanding": 1917.474,
        "dilutedEPS": 2.11,
        "ebit": 4553,
        "grossIncome": 17494,
        "interestExpense": 182,
        "interestIncomeExpense": 1304,
        "minorityInterest": -9,
        "netIncome": 4047,
        "netIncomeAfterTaxes": 4056,
        "otherOperatingExpensesTotal": 4659,
        "period": "2018-09-30",
        "pretaxIncome": 5699,
        "provisionforIncomeTaxes": 1643,
        "researchDevelopment": 625,
        "revenue": 42185,
        "sgaExpense": 2277,
        "totalOperatingExpense": 12941,
        "totalOtherIncomeExpenseNet": -158
      },
      {
        "costOfGoodsSold": 24762,
        "depreciationAmortization": 4498,
        "dilutedAverageSharesOutstanding": 1918.949,
        "dilutedEPS": 1.78,
        "ebit": 3877,
        "grossIncome": 15894,
        "interestExpense": 217,
        "interestIncomeExpense": 1130,
        "minorityInterest": -13,
        "netIncome": 3409,
        "netIncomeAfterTaxes": 3422,
        "otherOperatingExpensesTotal": 4962,
        "period": "2018-06-30",
        "pretaxIncome": 4905,
        "provisionforIncomeTaxes": 1483,
        "researchDevelopment": 177,
        "revenue": 40656,
        "sgaExpense": 2380,
        "totalOperatingExpense": 12017,
        "totalOtherIncomeExpenseNet": -102
      },
      {
        "costOfGoodsSold": 21224,
        "depreciationAmortization": 4289,
        "dilutedAverageSharesOutstanding": 1913.218,
        "dilutedEPS": 1.9,
        "ebit": 3700,
        "grossIncome": 14756,
        "interestExpense": 159,
        "interestIncomeExpense": 1457,
        "minorityInterest": -21,
        "netIncome": 3638,
        "netIncomeAfterTaxes": 3659,
        "otherOperatingExpensesTotal": 4542,
        "period": "2018-03-31",
        "pretaxIncome": 5073,
        "provisionforIncomeTaxes": 1414,
        "researchDevelopment": 158,
        "revenue": 35980,
        "sgaExpense": 2067,
        "totalOperatingExpense": 11056,
        "totalOtherIncomeExpenseNet": -84
      },
      {
        "costOfGoodsSold": 21146,
        "depreciationAmortization": 4735,
        "dilutedAverageSharesOutstanding": 1907.708,
        "dilutedEPS": 1.63,
        "ebit": 917,
        "grossIncome": 15422,
        "interestExpense": 173,
        "interestIncomeExpense": 564,
        "minorityInterest": -7,
        "netIncome": 3111,
        "netIncomeAfterTaxes": 1098,
        "otherOperatingExpensesTotal": 4883,
        "period": "2017-12-31",
        "pretaxIncome": 1481,
        "provisionforIncomeTaxes": 383,
        "researchDevelopment": 356,
        "revenue": 36568,
        "sgaExpense": 4531,
        "totalOperatingExpense": 14505
      },
      {
        "costOfGoodsSold": 18769,
        "depreciationAmortization": 5109,
        "dilutedAverageSharesOutstanding": 1895.879,
        "dilutedEPS": 1.03,
        "ebit": 1859,
        "grossIncome": 15319,
        "interestExpense": 35,
        "interestIncomeExpense": 799,
        "minorityInterest": -34,
        "netIncome": 1952,
        "netIncomeAfterTaxes": 1986,
        "otherOperatingExpensesTotal": 3661,
        "period": "2017-09-30",
        "pretaxIncome": 2658,
        "provisionforIncomeTaxes": 672,
        "researchDevelopment": 239,
        "revenue": 34088,
        "sgaExpense": 4451,
        "totalOperatingExpense": 13460
      },
      {
        "costOfGoodsSold": 18331,
        "depreciationAmortization": 5311,
        "dilutedAverageSharesOutstanding": 1893.014,
        "dilutedEPS": 0.77,
        "ebit": 564,
        "grossIncome": 14430,
        "interestExpense": 48,
        "interestIncomeExpense": 1389,
        "minorityInterest": -16,
        "netIncome": 1450,
        "netIncomeAfterTaxes": 1466,
        "otherOperatingExpensesTotal": 4374,
        "period": "2017-06-30",
        "pretaxIncome": 1953,
        "provisionforIncomeTaxes": 487,
        "researchDevelopment": 125,
        "revenue": 32761,
        "sgaExpense": 4056,
        "totalOperatingExpense": 13866
      },
      {
        "costOfGoodsSold": 17510,
        "depreciationAmortization": 4194,
        "dilutedAverageSharesOutstanding": 1895.393,
        "dilutedEPS": 1.42,
        "ebit": 1866,
        "grossIncome": 13852,
        "interestExpense": 51,
        "interestIncomeExpense": 1263,
        "minorityInterest": -17,
        "netIncome": 2682,
        "netIncomeAfterTaxes": 2699,
        "otherOperatingExpensesTotal": 3907,
        "period": "2017-03-31",
        "pretaxIncome": 3129,
        "provisionforIncomeTaxes": 430,
        "researchDevelopment": 144,
        "revenue": 31362,
        "sgaExpense": 3741,
        "totalOperatingExpense": 11986
      },
      {
        "costOfGoodsSold": 16962,
        "depreciationAmortization": 4203,
        "dilutedAverageSharesOutstanding": 1876.561,
        "dilutedEPS": 0.22,
        "ebit": -120,
        "grossIncome": 13255,
        "interestExpense": 58,
        "interestIncomeExpense": 632,
        "minorityInterest": -23,
        "netIncome": 415,
        "netIncomeAfterTaxes": 438,
        "otherOperatingExpensesTotal": 4568,
        "period": "2016-12-31",
        "pretaxIncome": 512,
        "provisionforIncomeTaxes": 74,
        "researchDevelopment": 191,
        "revenue": 30217,
        "sgaExpense": 4413,
        "totalOperatingExpense": 13375
      },
      {
        "costOfGoodsSold": 15846,
        "depreciationAmortization": 4130,
        "dilutedAverageSharesOutstanding": 1883.342,
        "dilutedEPS": 0.68,
        "ebit": 640,
        "grossIncome": 13336,
        "interestExpense": 64,
        "interestIncomeExpense": 469,
        "minorityInterest": -18,
        "netIncome": 1283,
        "netIncomeAfterTaxes": 1301,
        "otherOperatingExpensesTotal": 4237,
        "period": "2016-09-30",
        "pretaxIncome": 1109,
        "provisionforIncomeTaxes": -192,
        "researchDevelopment": 258,
        "revenue": 29182,
        "sgaExpense": 4071,
        "totalOperatingExpense": 12696
      },
      {
        "costOfGoodsSold": 15261,
        "depreciationAmortization": 6721,
        "dilutedAverageSharesOutstanding": 1871.995,
        "dilutedEPS": -0.79,
        "ebit": -2584,
        "grossIncome": 12728,
        "interestExpense": 79,
        "interestIncomeExpense": 514,
        "minorityInterest": -7,
        "netIncome": -1470,
        "netIncomeAfterTaxes": -1463,
        "otherOperatingExpensesTotal": 4371,
        "period": "2016-06-30",
        "pretaxIncome": -2070,
        "provisionforIncomeTaxes": -607,
        "researchDevelopment": 214,
        "revenue": 27989,
        "sgaExpense": 4006,
        "totalOperatingExpense": 15312
      },
      {
        "costOfGoodsSold": 11221,
        "depreciationAmortization": 4403,
        "dilutedAverageSharesOutstanding": 1869.775,
        "dilutedEPS": -0.39,
        "ebit": -2256,
        "grossIncome": 11875,
        "interestIncomeExpense": 545,
        "minorityInterest": -18,
        "netIncome": -725,
        "netIncomeAfterTaxes": -707,
        "otherOperatingExpensesTotal": 5496,
        "period": "2016-03-31",
        "pretaxIncome": -1711,
        "provisionforIncomeTaxes": -1004,
        "researchDevelopment": 370,
        "revenue": 23096,
        "sgaExpense": 3862,
        "totalOperatingExpense": 14131
      },
      {
        "costOfGoodsSold": 14581,
        "depreciationAmortization": 5400,
        "dilutedAverageSharesOutstanding": 1869.072,
        "dilutedEPS": -0.31,
        "ebit": -3320,
        "grossIncome": 13215,
        "interestIncomeExpense": 1151,
        "minorityInterest": -33,
        "netIncome": -588,
        "netIncomeAfterTaxes": -555,
        "nonRecurringItems": -41,
        "otherOperatingExpensesTotal": 5618,
        "period": "2015-12-31",
        "pretaxIncome": -2210,
        "provisionforIncomeTaxes": -1655,
        "researchDevelopment": 1358,
        "revenue": 27796,
        "sgaExpense": 4159,
        "totalOperatingExpense": 16535
      },
      {
        "costOfGoodsSold": 17465,
        "depreciationAmortization": 4268,
        "dilutedAverageSharesOutstanding": 1872.42,
        "dilutedEPS": 1.09,
        "ebit": 1393,
        "grossIncome": 15091,
        "interestIncomeExpense": 1429,
        "minorityInterest": -20,
        "netIncome": 2037,
        "netIncomeAfterTaxes": 2057,
        "nonRecurringItems": -38,
        "otherOperatingExpensesTotal": 5206,
        "period": "2015-09-30",
        "pretaxIncome": 2784,
        "provisionforIncomeTaxes": 727,
        "researchDevelopment": 315,
        "revenue": 32556,
        "sgaExpense": 3909,
        "totalOperatingExpense": 13698
      }
    ],
    "symbol": "CVX"
  }
}