{
  "symbol": "GRMN",
  "statement": "ic",
  "frequency": "quarterly",
  "timestamp": "2025-09-19T14:00:49.378418",
  "data": {
    "financials": [
      {
        "costOfGoodsSold": 747.552,
        "dilutedAverageSharesOutstanding": 193.416,
        "dilutedEPS": 2.0723,
        "ebit": 472.295,
        "grossIncome": 1067.012,
        "interestIncomeExpense": 8.212,
        "netIncome": 400.822,
        "netIncomeAfterTaxes": 400.822,
        "period": "2025-06-28",
        "pretaxIncome": 480.251,
        "provisionforIncomeTaxes": 79.429,
        "researchDevelopment": 276.663,
        "revenue": 1814.564,
        "sgaExpense": 318.054,
        "totalOperatingExpense": 594.717,
        "totalOtherIncomeExpenseNet": -0.256
      },
      {
        "costOfGoodsSold": 650.554,
        "dilutedAverageSharesOutstanding": 193.717,
        "dilutedEPS": 1.7178,
        "ebit": 332.824,
        "grossIncome": 884.545,
        "interestIncomeExpense": 55.267,
        "netIncome": 332.769,
        "netIncomeAfterTaxes": 332.769,
        "period": "2025-03-29",
        "pretaxIncome": 389.078,
        "provisionforIncomeTaxes": 56.309,
        "researchDevelopment": 268.12,
        "revenue": 1535.099,
        "sgaExpense": 283.601,
        "totalOperatingExpense": 551.721,
        "totalOtherIncomeExpenseNet": 0.987
      },
      {
        "costOfGoodsSold": 742.636,
        "dilutedAverageSharesOutstanding": 194.304,
        "dilutedEPS": 2.2425,
        "ebit": 516.081,
        "grossIncome": 1079.925,
        "interestIncomeExpense": -5.806,
        "netIncome": 435.733,
        "netIncomeAfterTaxes": 435.733,
        "period": "2024-12-28",
        "pretaxIncome": 516.138,
        "provisionforIncomeTaxes": 80.405,
        "researchDevelopment": 258.753,
        "revenue": 1822.561,
        "sgaExpense": 305.091,
        "totalOperatingExpense": 563.844,
        "totalOtherIncomeExpenseNet": 5.863
      },
      {
        "costOfGoodsSold": 634.423,
        "dilutedAverageSharesOutstanding": 193.171,
        "dilutedEPS": 2.0661,
        "ebit": 437.475,
        "grossIncome": 951.599,
        "interestIncomeExpense": 46.961,
        "netIncome": 399.111,
        "netIncomeAfterTaxes": 399.111,
        "period": "2024-09-28",
        "pretaxIncome": 486.25,
        "provisionforIncomeTaxes": 87.139,
        "researchDevelopment": 249.162,
        "revenue": 1586.022,
        "sgaExpense": 264.962,
        "totalOperatingExpense": 514.124,
        "totalOtherIncomeExpenseNet": 1.814
      },
      {
        "costOfGoodsSold": 643.78,
        "dilutedAverageSharesOutstanding": 192.899,
        "dilutedEPS": 1.5585,
        "ebit": 342.027,
        "grossIncome": 862.891,
        "interestIncomeExpense": 24.458,
        "netIncome": 300.63,
        "netIncomeAfterTaxes": 300.63,
        "period": "2024-06-29",
        "pretaxIncome": 365.972,
        "provisionforIncomeTaxes": 65.342,
        "researchDevelopment": 243.151,
        "revenue": 1506.671,
        "sgaExpense": 277.713,
        "totalOperatingExpense": 520.864,
        "totalOtherIncomeExpenseNet": -0.513
      },
      {
        "costOfGoodsSold": 579.51,
        "dilutedAverageSharesOutstanding": 192.698,
        "dilutedEPS": 1.4321,
        "ebit": 298.41,
        "grossIncome": 802.139,
        "interestIncomeExpense": 27.309,
        "netIncome": 275.961,
        "netIncomeAfterTaxes": 275.961,
        "period": "2024-03-30",
        "pretaxIncome": 327.04,
        "provisionforIncomeTaxes": 51.079,
        "researchDevelopment": 242.535,
        "revenue": 1381.649,
        "sgaExpense": 261.194,
        "totalOperatingExpense": 503.729,
        "totalOtherIncomeExpenseNet": 1.321
      },
      {
        "costOfGoodsSold": 618.352,
        "dilutedAverageSharesOutstanding": 192.916,
        "dilutedEPS": 2.8102,
        "ebit": 340.454,
        "grossIncome": 864.149,
        "interestIncomeExpense": 42.329,
        "netIncome": 542.127,
        "netIncomeAfterTaxes": 542.127,
        "period": "2023-12-30",
        "pretaxIncome": 383.037,
        "provisionforIncomeTaxes": -159.09,
        "researchDevelopment": 237.245,
        "revenue": 1482.501,
        "sgaExpense": 286.45,
        "totalOperatingExpense": 523.695,
        "totalOtherIncomeExpenseNet": 0.254
      },
      {
        "costOfGoodsSold": 549,
        "dilutedAverageSharesOutstanding": 191.9,
        "dilutedEPS": 1.34,
        "ebit": 270.4,
        "grossIncome": 728.6,
        "interestIncomeExpense": 8.3,
        "netIncome": 257.2,
        "netIncomeAfterTaxes": 257.2,
        "period": "2023-09-30",
        "pretaxIncome": 279.6,
        "provisionforIncomeTaxes": 22.3,
        "researchDevelopment": 221.6,
        "revenue": 1277.5,
        "sgaExpense": 236.6,
        "totalOperatingExpense": 458.2,
        "totalOtherIncomeExpenseNet": 0.9
      },
      {
        "costOfGoodsSold": 561.4,
        "dilutedAverageSharesOutstanding": 191.6,
        "dilutedEPS": 1.5,
        "ebit": 284.4,
        "grossIncome": 759.4,
        "interestIncomeExpense": 29.6,
        "netIncome": 287.9,
        "netIncomeAfterTaxes": 287.9,
        "period": "2023-07-01",
        "pretaxIncome": 316,
        "provisionforIncomeTaxes": 28,
        "researchDevelopment": 224.4,
        "revenue": 1320.8,
        "sgaExpense": 250.7,
        "totalOperatingExpense": 475,
        "totalOtherIncomeExpenseNet": 2.1
      },
      {
        "costOfGoodsSold": 494.6,
        "dilutedAverageSharesOutstanding": 191.9,
        "dilutedEPS": 1.05,
        "ebit": 197,
        "grossIncome": 652.8,
        "interestIncomeExpense": 23.6,
        "netIncome": 202.3,
        "netIncomeAfterTaxes": 202.3,
        "period": "2023-04-01",
        "pretaxIncome": 221.8,
        "provisionforIncomeTaxes": 19.4,
        "researchDevelopment": 221.5,
        "revenue": 1147.4,
        "sgaExpense": 234.3,
        "totalOperatingExpense": 455.8,
        "totalOtherIncomeExpenseNet": 1.2
      },
      {
        "costOfGoodsSold": 561.4,
        "dilutedAverageSharesOutstanding": 192,
        "dilutedEPS": 1.53,
        "ebit": 267.2,
        "grossIncome": 745,
        "interestIncomeExpense": 58.8,
        "netIncome": 293.3,
        "netIncomeAfterTaxes": 293.3,
        "period": "2022-12-31",
        "pretaxIncome": 329.9,
        "provisionforIncomeTaxes": 36.6,
        "researchDevelopment": 215.7,
        "revenue": 1306.4,
        "sgaExpense": 262.1,
        "totalOperatingExpense": 477.8,
        "totalOtherIncomeExpenseNet": 3.9
      },
      {
        "costOfGoodsSold": 469.9,
        "dilutedAverageSharesOutstanding": 193.1,
        "dilutedEPS": 1.09,
        "ebit": 239.4,
        "grossIncome": 670.5,
        "interestIncomeExpense": -19.4,
        "netIncome": 210.8,
        "netIncomeAfterTaxes": 210.8,
        "period": "2022-09-24",
        "pretaxIncome": 220.3,
        "provisionforIncomeTaxes": 9.4,
        "researchDevelopment": 208.7,
        "revenue": 1140.4,
        "sgaExpense": 222.4,
        "totalOperatingExpense": 431.2,
        "totalOtherIncomeExpenseNet": 0.3
      },
      {
        "costOfGoodsSold": 512,
        "dilutedAverageSharesOutstanding": 193.5,
        "dilutedEPS": 1.33,
        "ebit": 292.7,
        "grossIncome": 728.8,
        "interestIncomeExpense": -13.9,
        "netIncome": 257.9,
        "netIncomeAfterTaxes": 257.9,
        "period": "2022-06-25",
        "pretaxIncome": 279,
        "provisionforIncomeTaxes": 21.1,
        "researchDevelopment": 201.5,
        "revenue": 1240.8,
        "sgaExpense": 234.6,
        "totalOperatingExpense": 436.1,
        "totalOtherIncomeExpenseNet": 0.2
      },
      {
        "costOfGoodsSold": 510.2,
        "dilutedAverageSharesOutstanding": 193.6,
        "dilutedEPS": 1.09,
        "ebit": 228.6,
        "grossIncome": 662.5,
        "interestIncomeExpense": 4,
        "netIncome": 211.6,
        "netIncomeAfterTaxes": 211.6,
        "period": "2022-03-26",
        "pretaxIncome": 235.9,
        "provisionforIncomeTaxes": 24.3,
        "researchDevelopment": 209,
        "revenue": 1172.7,
        "sgaExpense": 224.9,
        "totalOperatingExpense": 433.9,
        "totalOtherIncomeExpenseNet": 3.3
      },
      {
        "costOfGoodsSold": 619.5,
        "dilutedAverageSharesOutstanding": 193.3,
        "dilutedEPS": 1.48,
        "ebit": 315.1,
        "grossIncome": 772.1,
        "interestIncomeExpense": -7.6,
        "netIncome": 286.1,
        "netIncomeAfterTaxes": 286.1,
        "period": "2021-12-25",
        "pretaxIncome": 308.8,
        "provisionforIncomeTaxes": 22.7,
        "researchDevelopment": 221.8,
        "revenue": 1391.6,
        "sgaExpense": 235.2,
        "totalOperatingExpense": 457,
        "totalOtherIncomeExpenseNet": 1.4
      },
      {
        "costOfGoodsSold": 496,
        "dilutedAverageSharesOutstanding": 193.2,
        "dilutedEPS": 1.34,
        "ebit": 282.7,
        "grossIncome": 695.9,
        "interestIncomeExpense": -8.1,
        "netIncome": 259,
        "netIncomeAfterTaxes": 259,
        "period": "2021-09-25",
        "pretaxIncome": 275.4,
        "provisionforIncomeTaxes": 16.3,
        "researchDevelopment": 214.1,
        "revenue": 1192,
        "sgaExpense": 199.2,
        "totalOperatingExpense": 413.3,
        "totalOtherIncomeExpenseNet": 0.8
      },
      {
        "costOfGoodsSold": 546.1,
        "dilutedAverageSharesOutstanding": 192.9,
        "dilutedEPS": 1.64,
        "ebit": 371.2,
        "grossIncome": 780.9,
        "interestIncomeExpense": -0.3,
        "netIncome": 317,
        "netIncomeAfterTaxes": 317,
        "period": "2021-06-26",
        "pretaxIncome": 372.1,
        "provisionforIncomeTaxes": 55.1,
        "researchDevelopment": 201,
        "revenue": 1326.9,
        "sgaExpense": 208.7,
        "totalOperatingExpense": 409.6,
        "totalOtherIncomeExpenseNet": 1.2
      },
      {
        "costOfGoodsSold": 430.8,
        "dilutedAverageSharesOutstanding": 192.8,
        "dilutedEPS": 1.14,
        "ebit": 249.7,
        "grossIncome": 641.6,
        "interestIncomeExpense": -0.6,
        "netIncome": 220,
        "netIncomeAfterTaxes": 220,
        "period": "2021-03-27",
        "pretaxIncome": 250.5,
        "provisionforIncomeTaxes": 30.5,
        "researchDevelopment": 203.2,
        "revenue": 1072.3,
        "sgaExpense": 188.7,
        "totalOperatingExpense": 391.9,
        "totalOtherIncomeExpenseNet": 1.5
      },
      {
        "costOfGoodsSold": 560.4,
        "dilutedAverageSharesOutstanding": 192.3,
        "dilutedEPS": 1.73,
        "ebit": 371.3,
        "grossIncome": 791,
        "interestIncomeExpense": 19.4,
        "netIncome": 333.5,
        "netIncomeAfterTaxes": 333.5,
        "period": "2020-12-26",
        "pretaxIncome": 391.5,
        "provisionforIncomeTaxes": 57.9,
        "researchDevelopment": 199.7,
        "revenue": 1351.4,
        "sgaExpense": 220,
        "totalOperatingExpense": 419.7,
        "totalOtherIncomeExpenseNet": 0.8
      },
      {
        "costOfGoodsSold": 441.2,
        "dilutedAverageSharesOutstanding": 192,
        "dilutedEPS": 1.63,
        "ebit": 317.1,
        "grossIncome": 668,
        "interestIncomeExpense": 17.9,
        "netIncome": 313.4,
        "netIncomeAfterTaxes": 313.4,
        "period": "2020-09-26",
        "pretaxIncome": 336.7,
        "provisionforIncomeTaxes": 23.3,
        "researchDevelopment": 174.9,
        "revenue": 1109.2,
        "sgaExpense": 176,
        "totalOperatingExpense": 350.9,
        "totalOtherIncomeExpenseNet": 1.7
      },
      {
        "costOfGoodsSold": 354.4,
        "dilutedAverageSharesOutstanding": 191.6,
        "dilutedEPS": 0.96,
        "ebit": 188.4,
        "grossIncome": 515.4,
        "interestIncomeExpense": 6,
        "netIncome": 184.2,
        "netIncomeAfterTaxes": 184.2,
        "period": "2020-06-27",
        "pretaxIncome": 197.6,
        "provisionforIncomeTaxes": 13.4,
        "researchDevelopment": 165.7,
        "revenue": 869.9,
        "sgaExpense": 161.3,
        "totalOperatingExpense": 327.1,
        "totalOtherIncomeExpenseNet": 3.2
      },
      {
        "costOfGoodsSold": 349.2,
        "dilutedAverageSharesOutstanding": 191.7,
        "dilutedEPS": 0.84,
        "ebit": 177.5,
        "grossIncome": 506.9,
        "interestIncomeExpense": -3.4,
        "netIncome": 161.2,
        "netIncomeAfterTaxes": 161.2,
        "period": "2020-03-28",
        "pretaxIncome": 177.6,
        "provisionforIncomeTaxes": 16.5,
        "researchDevelopment": 165.4,
        "revenue": 856.1,
        "sgaExpense": 164.1,
        "totalOperatingExpense": 329.4,
        "totalOtherIncomeExpenseNet": 3.6
      },
      {
        "costOfGoodsSold": 462.8,
        "dilutedAverageSharesOutstanding": 191.2,
        "dilutedEPS": 1.89,
        "ebit": 276.5,
        "grossIncome": 639.5,
        "interestIncomeExpense": 8.8,
        "netIncome": 360.8,
        "netIncomeAfterTaxes": 360.8,
        "period": "2019-12-28",
        "pretaxIncome": 287.4,
        "provisionforIncomeTaxes": -73.4,
        "researchDevelopment": 162,
        "revenue": 1102.2,
        "sgaExpense": 200.9,
        "totalOperatingExpense": 362.9,
        "totalOtherIncomeExpenseNet": 2.1
      },
      {
        "costOfGoodsSold": 366.9,
        "dilutedAverageSharesOutstanding": 191,
        "dilutedEPS": 1.19,
        "ebit": 261.5,
        "grossIncome": 567.5,
        "interestIncomeExpense": -4,
        "netIncome": 227.9,
        "netIncomeAfterTaxes": 227.9,
        "period": "2019-09-28",
        "pretaxIncome": 257.8,
        "provisionforIncomeTaxes": 29.9,
        "researchDevelopment": 148.6,
        "revenue": 934.4,
        "sgaExpense": 157.4,
        "totalOperatingExpense": 306,
        "totalOtherIncomeExpenseNet": 0.3
      },
      {
        "costOfGoodsSold": 379.5,
        "dilutedAverageSharesOutstanding": 190.7,
        "dilutedEPS": 1.17,
        "ebit": 256.2,
        "grossIncome": 575.4,
        "interestIncomeExpense": 17.1,
        "netIncome": 223.7,
        "netIncomeAfterTaxes": 223.7,
        "period": "2019-06-29",
        "pretaxIncome": 275.8,
        "provisionforIncomeTaxes": 52.1,
        "researchDevelopment": 148.9,
        "revenue": 954.8,
        "sgaExpense": 170.3,
        "totalOperatingExpense": 319.1,
        "totalOtherIncomeExpenseNet": 2.4
      },
      {
        "costOfGoodsSold": 314.4,
        "dilutedAverageSharesOutstanding": 190.6,
        "dilutedEPS": 0.74,
        "ebit": 151.4,
        "grossIncome": 451.7,
        "interestIncomeExpense": 14,
        "netIncome": 140.2,
        "netIncomeAfterTaxes": 140.2,
        "period": "2019-03-30",
        "pretaxIncome": 166.3,
        "provisionforIncomeTaxes": 26.1,
        "researchDevelopment": 145.9,
        "revenue": 766.1,
        "sgaExpense": 154.4,
        "totalOperatingExpense": 300.3,
        "totalOtherIncomeExpenseNet": 0.9
      },
      {
        "costOfGoodsSold": 382.9,
        "dilutedAverageSharesOutstanding": 190.2,
        "dilutedEPS": 1,
        "ebit": 222.7,
        "grossIncome": 549.2,
        "interestIncomeExpense": 10.6,
        "netIncome": 190.2,
        "netIncomeAfterTaxes": 190.2,
        "period": "2018-12-29",
        "pretaxIncome": 231.9,
        "provisionforIncomeTaxes": 41.7,
        "researchDevelopment": 145.2,
        "revenue": 932.1,
        "sgaExpense": 181.3,
        "totalOperatingExpense": 326.5,
        "totalOtherIncomeExpenseNet": -1.4
      },
      {
        "costOfGoodsSold": 329.3,
        "dilutedAverageSharesOutstanding": 190,
        "dilutedEPS": 0.97,
        "ebit": 196,
        "grossIncome": 480.7,
        "interestIncomeExpense": 4.2,
        "netIncome": 184.2,
        "netIncomeAfterTaxes": 184.2,
        "period": "2018-09-29",
        "pretaxIncome": 201.3,
        "provisionforIncomeTaxes": 17.1,
        "researchDevelopment": 139,
        "revenue": 810,
        "sgaExpense": 145.8,
        "totalOperatingExpense": 284.8,
        "totalOtherIncomeExpenseNet": 1.1
      },
      {
        "costOfGoodsSold": 371.2,
        "dilutedAverageSharesOutstanding": 189.5,
        "dilutedEPS": 1,
        "ebit": 217.5,
        "grossIncome": 523.3,
        "interestIncomeExpense": 13.6,
        "netIncome": 190.3,
        "netIncomeAfterTaxes": 190.3,
        "period": "2018-06-30",
        "pretaxIncome": 236.1,
        "provisionforIncomeTaxes": 45.7,
        "researchDevelopment": 141.7,
        "revenue": 894.5,
        "sgaExpense": 164,
        "totalOperatingExpense": 305.7,
        "totalOtherIncomeExpenseNet": 4.9
      },
      {
        "costOfGoodsSold": 284.3,
        "dilutedAverageSharesOutstanding": 189.3,
        "dilutedEPS": 0.68,
        "ebit": 142.2,
        "grossIncome": 426.5,
        "interestIncomeExpense": 11,
        "netIncome": 129.4,
        "netIncomeAfterTaxes": 129.4,
        "period": "2018-03-31",
        "pretaxIncome": 154,
        "provisionforIncomeTaxes": 24.6,
        "researchDevelopment": 142,
        "revenue": 710.9,
        "sgaExpense": 142.4,
        "totalOperatingExpense": 284.4,
        "totalOtherIncomeExpenseNet": 0.7
      },
      {
        "costOfGoodsSold": 393.8,
        "dilutedAverageSharesOutstanding": 188.9,
        "dilutedEPS": 0.75,
        "ebit": 183.3,
        "grossIncome": 503.5,
        "interestIncomeExpense": 1.2,
        "netIncome": 142.6,
        "netIncomeAfterTaxes": 142.6,
        "period": "2017-12-30",
        "pretaxIncome": 184.5,
        "provisionforIncomeTaxes": 41.9,
        "researchDevelopment": 132.6,
        "revenue": 897.3,
        "sgaExpense": 187.6,
        "totalOperatingExpense": 320.2,
        "totalOtherIncomeExpenseNet": -0.1
      },
      {
        "costOfGoodsSold": 313.7,
        "dilutedAverageSharesOutstanding": 188.5,
        "dilutedEPS": 0.8,
        "ebit": 173.6,
        "grossIncome": 437.5,
        "interestIncomeExpense": 17.8,
        "netIncome": 151.1,
        "netIncomeAfterTaxes": 151.1,
        "period": "2017-09-30",
        "pretaxIncome": 189.9,
        "provisionforIncomeTaxes": 38.8,
        "researchDevelopment": 129.6,
        "revenue": 751.2,
        "sgaExpense": 134.2,
        "totalOperatingExpense": 263.9,
        "totalOtherIncomeExpenseNet": -1.5
      },
      {
        "costOfGoodsSold": 347.4,
        "dilutedAverageSharesOutstanding": 188.5,
        "dilutedEPS": 0.94,
        "ebit": 209.6,
        "grossIncome": 484.1,
        "interestIncomeExpense": 24.4,
        "netIncome": 177,
        "netIncomeAfterTaxes": 177,
        "period": "2017-07-01",
        "pretaxIncome": 234.3,
        "provisionforIncomeTaxes": 57.3,
        "researchDevelopment": 127.2,
        "revenue": 831.5,
        "sgaExpense": 147.3,
        "totalOperatingExpense": 274.5,
        "totalOtherIncomeExpenseNet": 0.3
      },
      {
        "costOfGoodsSold": 268.7,
        "dilutedAverageSharesOutstanding": 189,
        "dilutedEPS": 1.26,
        "ebit": 117,
        "grossIncome": 372.8,
        "interestIncomeExpense": -29.1,
        "netIncome": 238.4,
        "netIncomeAfterTaxes": 238.4,
        "period": "2017-04-01",
        "pretaxIncome": 88.4,
        "provisionforIncomeTaxes": -150,
        "researchDevelopment": 122.2,
        "revenue": 641.5,
        "sgaExpense": 133.6,
        "totalOperatingExpense": 255.8,
        "totalOtherIncomeExpenseNet": 0.4
      },
      {
        "costOfGoodsSold": 390,
        "dilutedAverageSharesOutstanding": 189.2,
        "dilutedEPS": 0.72,
        "ebit": 159.8,
        "grossIncome": 470.8,
        "interestIncomeExpense": 7.6,
        "netIncome": 136.6,
        "netIncomeAfterTaxes": 136.6,
        "period": "2016-12-31",
        "pretaxIncome": 168.6,
        "provisionforIncomeTaxes": 32,
        "researchDevelopment": 129,
        "revenue": 860.8,
        "sgaExpense": 182,
        "totalOperatingExpense": 311,
        "totalOtherIncomeExpenseNet": 1.1
      },
      {
        "costOfGoodsSold": 316.3,
        "dilutedAverageSharesOutstanding": 189.2,
        "dilutedEPS": 0.66,
        "ebit": 159.6,
        "grossIncome": 406,
        "interestIncomeExpense": -11.2,
        "netIncome": 125.1,
        "netIncomeAfterTaxes": 125.1,
        "period": "2016-09-24",
        "pretaxIncome": 149.8,
        "provisionforIncomeTaxes": 24.7,
        "researchDevelopment": 116.4,
        "revenue": 722.3,
        "sgaExpense": 129.9,
        "totalOperatingExpense": 246.3,
        "totalOtherIncomeExpenseNet": 1.3
      },
      {
        "costOfGoodsSold": 348.7,
        "dilutedAverageSharesOutstanding": 189.4,
        "dilutedEPS": 0.85,
        "ebit": 200.7,
        "grossIncome": 463,
        "interestIncomeExpense": 2.7,
        "netIncome": 161.1,
        "netIncomeAfterTaxes": 161.1,
        "period": "2016-06-25",
        "pretaxIncome": 203.8,
        "provisionforIncomeTaxes": 42.7,
        "researchDevelopment": 114.4,
        "revenue": 811.6,
        "sgaExpense": 147.9,
        "totalOperatingExpense": 262.2,
        "totalOtherIncomeExpenseNet": 0.4
      },
      {
        "costOfGoodsSold": 284.2,
        "dilutedAverageSharesOutstanding": 189.7,
        "dilutedEPS": 0.46,
        "ebit": 103.8,
        "grossIncome": 339.9,
        "interestIncomeExpense": 2.6,
        "netIncome": 88.1,
        "netIncomeAfterTaxes": 88.1,
        "period": "2016-03-26",
        "pretaxIncome": 107.5,
        "provisionforIncomeTaxes": 19.5,
        "researchDevelopment": 108.2,
        "revenue": 624,
        "sgaExpense": 127.8,
        "totalOperatingExpense": 236,
        "totalOtherIncomeExpenseNet": 1.2
      },
      {
        "costOfGoodsSold": 368.2,
        "dilutedAverageSharesOutstanding": 189.9,
        "dilutedEPS": 0.7,
        "ebit": 145.8,
        "grossIncome": 413.1,
        "interestIncomeExpense": -1.9,
        "netIncome": 132.4,
        "netIncomeAfterTaxes": 132.4,
        "period": "2015-12-26",
        "pretaxIncome": 152.5,
        "provisionforIncomeTaxes": 20.2,
        "researchDevelopment": 106,
        "revenue": 781.4,
        "sgaExpense": 161.4,
        "totalOperatingExpense": 267.4,
        "totalOtherIncomeExpenseNet": 8.7
      },
      {
        "costOfGoodsSold": 317.5,
        "dilutedAverageSharesOutstanding": 190.8,
        "dilutedEPS": 0.63,
        "ebit": 125.5,
        "grossIncome": 362.2,
        "interestIncomeExpense": 37.4,
        "netIncome": 119.3,
        "netIncomeAfterTaxes": 119.3,
        "period": "2015-09-26",
        "pretaxIncome": 164.9,
        "provisionforIncomeTaxes": 45.6,
        "researchDevelopment": 105.8,
        "revenue": 679.7,
        "sgaExpense": 130.9,
        "totalOperatingExpense": 236.7,
        "totalOtherIncomeExpenseNet": 2
      }
    ],
    "symbol": "GRMN"
  }
}