{
  "symbol": "ECL",
  "statement": "ic",
  "frequency": "quarterly",
  "timestamp": "2025-09-19T13:59:36.022701",
  "data": {
    "financials": [
      {
        "costOfGoodsSold": 2220.3,
        "dilutedAverageSharesOutstanding": 285.4,
        "dilutedEPS": 1.8367,
        "ebit": 737.2,
        "grossIncome": 1804.9,
        "interestExpense": 76.2,
        "interestIncomeExpense": -63.2,
        "minorityInterest": -4.3,
        "netIncome": 524.2,
        "netIncomeAfterTaxes": 528.5,
        "nonRecurringItems": -27.1,
        "period": "2025-06-30",
        "pretaxIncome": 659.9,
        "provisionforIncomeTaxes": 131.4,
        "revenue": 4025.2,
        "sgaExpense": 1067.7,
        "totalOperatingExpense": 1067.7,
        "totalOtherIncomeExpenseNet": 13
      },
      {
        "costOfGoodsSold": 2055.4,
        "dilutedAverageSharesOutstanding": 285.3,
        "dilutedEPS": 1.4108,
        "ebit": 589.6,
        "grossIncome": 1639.6,
        "interestExpense": 72.6,
        "interestIncomeExpense": -58.3,
        "minorityInterest": -4,
        "netIncome": 402.5,
        "netIncomeAfterTaxes": 406.5,
        "nonRecurringItems": -34.3,
        "period": "2025-03-31",
        "pretaxIncome": 510,
        "provisionforIncomeTaxes": 103.5,
        "revenue": 3695,
        "sgaExpense": 1050,
        "totalOperatingExpense": 1050,
        "totalOtherIncomeExpenseNet": 13
      },
      {
        "costOfGoodsSold": 2267,
        "dilutedAverageSharesOutstanding": 286,
        "dilutedEPS": 1.6535,
        "ebit": 688.2,
        "grossIncome": 1738.2,
        "interestExpense": 79.2,
        "interestIncomeExpense": -61.7,
        "minorityInterest": -6.6,
        "netIncome": 472.9,
        "netIncomeAfterTaxes": 479.5,
        "nonRecurringItems": -105.4,
        "period": "2024-12-31",
        "pretaxIncome": 534.3,
        "provisionforIncomeTaxes": 54.8,
        "revenue": 4005.2,
        "sgaExpense": 1050,
        "totalOperatingExpense": 1050,
        "totalOtherIncomeExpenseNet": 13.2
      },
      {
        "costOfGoodsSold": 2260.6,
        "dilutedAverageSharesOutstanding": 286,
        "dilutedEPS": 2.5752,
        "ebit": 713.1,
        "grossIncome": 1737.9,
        "interestExpense": 86.4,
        "interestIncomeExpense": -70.4,
        "minorityInterest": -4.3,
        "netIncome": 736.5,
        "netIncomeAfterTaxes": 740.8,
        "nonRecurringItems": 331.7,
        "period": "2024-09-30",
        "pretaxIncome": 987.3,
        "provisionforIncomeTaxes": 246.5,
        "revenue": 3998.5,
        "sgaExpense": 1024.8,
        "totalOperatingExpense": 1024.8,
        "totalOtherIncomeExpenseNet": 12.9
      },
      {
        "costOfGoodsSold": 2240.3,
        "dilutedAverageSharesOutstanding": 287,
        "dilutedEPS": 1.7105,
        "ebit": 669.8,
        "grossIncome": 1745.5,
        "interestExpense": 80.2,
        "interestIncomeExpense": -78.8,
        "minorityInterest": -4.1,
        "netIncome": 490.9,
        "netIncomeAfterTaxes": 495,
        "nonRecurringItems": -12.9,
        "period": "2024-06-30",
        "pretaxIncome": 590.7,
        "provisionforIncomeTaxes": 95.7,
        "revenue": 3985.8,
        "sgaExpense": 1075.7,
        "totalOperatingExpense": 1075.7,
        "totalOtherIncomeExpenseNet": 12.6
      },
      {
        "costOfGoodsSold": 2126.5,
        "dilutedAverageSharesOutstanding": 287.8,
        "dilutedEPS": 1.4319,
        "ebit": 547.7,
        "grossIncome": 1625.4,
        "interestExpense": 94.5,
        "interestIncomeExpense": -71.6,
        "minorityInterest": -4.5,
        "netIncome": 412.1,
        "netIncomeAfterTaxes": 416.6,
        "nonRecurringItems": -29.8,
        "period": "2024-03-31",
        "pretaxIncome": 458.9,
        "provisionforIncomeTaxes": 42.3,
        "revenue": 3751.9,
        "sgaExpense": 1077.7,
        "totalOperatingExpense": 1077.7,
        "totalOtherIncomeExpenseNet": 12.6
      },
      {
        "costOfGoodsSold": 2280.6,
        "dilutedAverageSharesOutstanding": 286.8,
        "dilutedEPS": 1.4128,
        "ebit": 623,
        "grossIncome": 1657.8,
        "interestExpense": 94.8,
        "interestIncomeExpense": -70.4,
        "minorityInterest": -5.6,
        "netIncome": 405.2,
        "netIncomeAfterTaxes": 410.8,
        "nonRecurringItems": -33,
        "period": "2023-12-31",
        "pretaxIncome": 537.5,
        "provisionforIncomeTaxes": 126.7,
        "revenue": 3938.4,
        "sgaExpense": 1034.8,
        "totalOperatingExpense": 1034.8,
        "totalOtherIncomeExpenseNet": 17.9
      },
      {
        "costOfGoodsSold": 2322.8,
        "dilutedAverageSharesOutstanding": 286.9,
        "dilutedEPS": 1.4082,
        "ebit": 610.4,
        "grossIncome": 1635.3,
        "interestExpense": 91.3,
        "interestIncomeExpense": -74.3,
        "minorityInterest": -5.4,
        "netIncome": 404,
        "netIncomeAfterTaxes": 409.4,
        "nonRecurringItems": -44.4,
        "period": "2023-09-30",
        "pretaxIncome": 506.2,
        "provisionforIncomeTaxes": 96.8,
        "revenue": 3958.1,
        "sgaExpense": 1024.9,
        "totalOperatingExpense": 1024.9,
        "totalOtherIncomeExpenseNet": 14.5
      },
      {
        "costOfGoodsSold": 2326.7,
        "dilutedAverageSharesOutstanding": 286.3,
        "dilutedEPS": 1.1516,
        "ebit": 513.8,
        "grossIncome": 1525.4,
        "interestExpense": 82.7,
        "interestIncomeExpense": -77.8,
        "minorityInterest": -5,
        "netIncome": 329.7,
        "netIncomeAfterTaxes": 334.7,
        "nonRecurringItems": -29.1,
        "period": "2023-06-30",
        "pretaxIncome": 421.3,
        "provisionforIncomeTaxes": 86.6,
        "revenue": 3852.1,
        "sgaExpense": 1011.6,
        "totalOperatingExpense": 1011.6,
        "totalOtherIncomeExpenseNet": 14.4
      },
      {
        "costOfGoodsSold": 2202,
        "dilutedAverageSharesOutstanding": 285.9,
        "dilutedEPS": 0.8164,
        "ebit": 379.3,
        "grossIncome": 1369.6,
        "interestExpense": 80.1,
        "interestIncomeExpense": -74.2,
        "minorityInterest": -4.7,
        "netIncome": 233.4,
        "netIncomeAfterTaxes": 238.1,
        "nonRecurringItems": -27.7,
        "period": "2023-03-31",
        "pretaxIncome": 290.5,
        "provisionforIncomeTaxes": 52.4,
        "revenue": 3571.6,
        "sgaExpense": 990.3,
        "totalOperatingExpense": 990.3,
        "totalOtherIncomeExpenseNet": 13.1
      },
      {
        "costOfGoodsSold": 2246.7,
        "dilutedAverageSharesOutstanding": 285.4,
        "dilutedEPS": 0.9264,
        "ebit": 502.4,
        "grossIncome": 1424.5,
        "interestExpense": 73,
        "interestIncomeExpense": -69.5,
        "minorityInterest": -5.1,
        "netIncome": 264.4,
        "netIncomeAfterTaxes": 269.5,
        "nonRecurringItems": -27.8,
        "period": "2022-12-31",
        "pretaxIncome": 321.6,
        "provisionforIncomeTaxes": 52.1,
        "revenue": 3671.2,
        "sgaExpense": 922.1,
        "totalOperatingExpense": 922.1,
        "totalOtherIncomeExpenseNet": -83.5
      },
      {
        "costOfGoodsSold": 2284.5,
        "dilutedAverageSharesOutstanding": 286.3,
        "dilutedEPS": 1.2124,
        "ebit": 507.9,
        "grossIncome": 1384.8,
        "interestExpense": 66.7,
        "interestIncomeExpense": -65.1,
        "minorityInterest": -4.9,
        "netIncome": 347.1,
        "netIncomeAfterTaxes": 352,
        "nonRecurringItems": -49.7,
        "period": "2022-09-30",
        "pretaxIncome": 412.2,
        "provisionforIncomeTaxes": 60.2,
        "revenue": 3669.3,
        "sgaExpense": 876.9,
        "totalOperatingExpense": 876.9,
        "totalOtherIncomeExpenseNet": 19.1
      },
      {
        "costOfGoodsSold": 2209.4,
        "dilutedAverageSharesOutstanding": 286.6,
        "dilutedEPS": 1.0757,
        "ebit": 431.1,
        "grossIncome": 1371.2,
        "interestExpense": 57.3,
        "interestIncomeExpense": -56,
        "minorityInterest": -4.4,
        "netIncome": 308.3,
        "netIncomeAfterTaxes": 312.7,
        "nonRecurringItems": -5.3,
        "period": "2022-06-30",
        "pretaxIncome": 389.3,
        "provisionforIncomeTaxes": 76.6,
        "revenue": 3580.6,
        "sgaExpense": 940.1,
        "totalOperatingExpense": 940.1,
        "totalOtherIncomeExpenseNet": 19.5
      },
      {
        "costOfGoodsSold": 2020.5,
        "dilutedAverageSharesOutstanding": 288.1,
        "dilutedEPS": 0.5967,
        "ebit": 331.5,
        "grossIncome": 1246.2,
        "interestExpense": 55.1,
        "interestIncomeExpense": -53,
        "minorityInterest": -2.8,
        "netIncome": 171.9,
        "netIncomeAfterTaxes": 174.7,
        "nonRecurringItems": -77,
        "period": "2022-03-31",
        "pretaxIncome": 220.3,
        "provisionforIncomeTaxes": 45.6,
        "revenue": 3266.7,
        "sgaExpense": 914.7,
        "totalOperatingExpense": 914.7,
        "totalOtherIncomeExpenseNet": 18.8
      },
      {
        "costOfGoodsSold": 2025.4,
        "dilutedAverageSharesOutstanding": 289.4,
        "dilutedEPS": 1.0401,
        "ebit": 471.3,
        "grossIncome": 1339.2,
        "interestExpense": 46,
        "interestIncomeExpense": -43.8,
        "minorityInterest": -4.3,
        "netIncome": 301,
        "netIncomeAfterTaxes": 305.3,
        "nonRecurringItems": -95,
        "period": "2021-12-31",
        "pretaxIncome": 349.5,
        "provisionforIncomeTaxes": 44.2,
        "revenue": 3364.6,
        "sgaExpense": 867.9,
        "totalOperatingExpense": 867.9,
        "totalOtherIncomeExpenseNet": 17
      },
      {
        "costOfGoodsSold": 1963.8,
        "dilutedAverageSharesOutstanding": 289.2,
        "dilutedEPS": 1.1221,
        "ebit": 525,
        "grossIncome": 1357,
        "interestExpense": 46,
        "interestIncomeExpense": -44.1,
        "minorityInterest": -4.1,
        "netIncome": 324.5,
        "netIncomeAfterTaxes": 328.6,
        "nonRecurringItems": -98.5,
        "period": "2021-09-30",
        "pretaxIncome": 402.4,
        "provisionforIncomeTaxes": 73.8,
        "revenue": 3320.8,
        "sgaExpense": 832,
        "totalOperatingExpense": 832,
        "totalOtherIncomeExpenseNet": 20
      },
      {
        "costOfGoodsSold": 1840.3,
        "dilutedAverageSharesOutstanding": 288.8,
        "dilutedEPS": 1.0762,
        "ebit": 469.1,
        "grossIncome": 1322.4,
        "interestExpense": 51.7,
        "interestIncomeExpense": -45.6,
        "minorityInterest": -2.8,
        "netIncome": 310.8,
        "netIncomeAfterTaxes": 313.6,
        "nonRecurringItems": -40.9,
        "period": "2021-06-30",
        "pretaxIncome": 399.7,
        "provisionforIncomeTaxes": 86.1,
        "revenue": 3162.7,
        "sgaExpense": 853.3,
        "totalOperatingExpense": 853.3,
        "totalOtherIncomeExpenseNet": 17.1
      },
      {
        "costOfGoodsSold": 1692.4,
        "dilutedAverageSharesOutstanding": 288.8,
        "dilutedEPS": 0.67,
        "ebit": 329.7,
        "grossIncome": 1192.6,
        "interestExpense": 53.8,
        "interestIncomeExpense": -51.7,
        "minorityInterest": -2.9,
        "netIncome": 193.6,
        "netIncomeAfterTaxes": 196.5,
        "nonRecurringItems": -32.4,
        "period": "2021-03-31",
        "pretaxIncome": 262.6,
        "provisionforIncomeTaxes": 66.1,
        "revenue": 2885,
        "sgaExpense": 862.9,
        "totalOperatingExpense": 862.9,
        "totalOtherIncomeExpenseNet": 17
      },
      {
        "costOfGoodsSold": 1790.2,
        "dilutedAverageSharesOutstanding": 285.5,
        "dilutedEPS": 1.05,
        "ebit": 465.5,
        "grossIncome": 1275.1,
        "interestExpense": 51.4,
        "interestIncomeExpense": -48.4,
        "minorityInterest": -4.6,
        "netIncome": 300.3,
        "netIncomeAfterTaxes": 304.9,
        "nonRecurringItems": -49.4,
        "period": "2020-12-31",
        "pretaxIncome": 378,
        "provisionforIncomeTaxes": 73.1,
        "revenue": 3065.3,
        "sgaExpense": 809.6,
        "totalOperatingExpense": 809.6,
        "totalOtherIncomeExpenseNet": 10.3
      },
      {
        "costOfGoodsSold": 1760.1,
        "dilutedAverageSharesOutstanding": 288.4,
        "dilutedEPS": 0.85,
        "ebit": 455.9,
        "grossIncome": 1258.5,
        "interestExpense": 55.9,
        "interestIncomeExpense": -51.7,
        "minorityInterest": -3.1,
        "netIncome": 246.2,
        "netIncomeAfterTaxes": 249.3,
        "nonRecurringItems": -127.6,
        "period": "2020-09-30",
        "pretaxIncome": 291.7,
        "provisionforIncomeTaxes": 42.4,
        "revenue": 3018.6,
        "sgaExpense": 802.6,
        "totalOperatingExpense": 802.6,
        "totalOtherIncomeExpenseNet": 15.1
      },
      {
        "costOfGoodsSold": 1608.7,
        "dilutedAverageSharesOutstanding": 288.2,
        "dilutedEPS": -7.06,
        "ebit": 288.4,
        "grossIncome": 1077,
        "interestExpense": 61.1,
        "interestIncomeExpense": -58,
        "minorityInterest": -5.4,
        "netIncome": -2035,
        "netIncomeAfterTaxes": 134.3,
        "nonRecurringItems": -97.1,
        "period": "2020-06-30",
        "pretaxIncome": 148.4,
        "provisionforIncomeTaxes": 14.1,
        "revenue": 2685.7,
        "sgaExpense": 788.6,
        "totalOperatingExpense": 788.6,
        "totalOtherIncomeExpenseNet": 15.1
      },
      {
        "costOfGoodsSold": 1711.1,
        "dilutedAverageSharesOutstanding": 292.6,
        "dilutedEPS": 0.96,
        "ebit": 401.2,
        "grossIncome": 1309.5,
        "interestExpense": 52.5,
        "interestIncomeExpense": -48.3,
        "minorityInterest": -4.3,
        "netIncome": 283.4,
        "netIncomeAfterTaxes": 296.3,
        "nonRecurringItems": -25,
        "period": "2020-03-31",
        "pretaxIncome": 343.3,
        "provisionforIncomeTaxes": 47,
        "revenue": 3020.6,
        "sgaExpense": 908.3,
        "totalOperatingExpense": 908.3,
        "totalOtherIncomeExpenseNet": 15.4
      },
      {
        "costOfGoodsSold": 2215.3,
        "dilutedAverageSharesOutstanding": 292.5,
        "dilutedEPS": 1.47,
        "ebit": 619.5,
        "grossIncome": 1608.3,
        "interestExpense": 51.2,
        "interestIncomeExpense": -41.4,
        "minorityInterest": -4.7,
        "netIncome": 429.6,
        "netIncomeAfterTaxes": 434.3,
        "nonRecurringItems": -73.4,
        "period": "2019-12-31",
        "pretaxIncome": 527.6,
        "provisionforIncomeTaxes": 93.3,
        "revenue": 3823.6,
        "sgaExpense": 988.8,
        "totalOperatingExpense": 988.8,
        "totalOtherIncomeExpenseNet": 22.9
      },
      {
        "costOfGoodsSold": 1769.5,
        "dilutedAverageSharesOutstanding": 292.8,
        "dilutedEPS": 1.58,
        "ebit": 585.3,
        "grossIncome": 1454.5,
        "interestExpense": 52.9,
        "interestIncomeExpense": -46.1,
        "minorityInterest": -4.4,
        "netIncome": 464.2,
        "netIncomeAfterTaxes": 436,
        "nonRecurringItems": -36.3,
        "period": "2019-09-30",
        "pretaxIncome": 523.7,
        "provisionforIncomeTaxes": 87.7,
        "revenue": 3224,
        "sgaExpense": 869.2,
        "totalOperatingExpense": 869.2,
        "totalOtherIncomeExpenseNet": 20.8
      },
      {
        "costOfGoodsSold": 1772.5,
        "dilutedAverageSharesOutstanding": 292.1,
        "dilutedEPS": 1.26,
        "ebit": 496.6,
        "grossIncome": 1396.6,
        "interestExpense": 54.5,
        "interestIncomeExpense": -49.2,
        "minorityInterest": -3.9,
        "netIncome": 368.6,
        "netIncomeAfterTaxes": 353.5,
        "nonRecurringItems": -32.2,
        "period": "2019-06-30",
        "pretaxIncome": 436.1,
        "provisionforIncomeTaxes": 82.6,
        "revenue": 3169.1,
        "sgaExpense": 900,
        "totalOperatingExpense": 900,
        "totalOtherIncomeExpenseNet": 20.9
      },
      {
        "costOfGoodsSold": 1671.9,
        "dilutedAverageSharesOutstanding": 292.2,
        "dilutedEPS": 1.01,
        "ebit": 356.7,
        "grossIncome": 1252.8,
        "interestExpense": 55.8,
        "interestIncomeExpense": -49.1,
        "minorityInterest": -4,
        "netIncome": 296.5,
        "netIncomeAfterTaxes": 250.5,
        "nonRecurringItems": -43.3,
        "period": "2019-03-31",
        "pretaxIncome": 285.5,
        "provisionforIncomeTaxes": 35,
        "revenue": 2924.7,
        "sgaExpense": 896.1,
        "totalOperatingExpense": 896.1,
        "totalOtherIncomeExpenseNet": 21.2
      },
      {
        "costOfGoodsSold": 2182.7,
        "dilutedAverageSharesOutstanding": 291.9,
        "dilutedEPS": 1.35,
        "ebit": 720.4,
        "grossIncome": 1577.8,
        "interestExpense": 57.7,
        "interestIncomeExpense": -173.6,
        "minorityInterest": -5.1,
        "netIncome": 395.1,
        "netIncomeAfterTaxes": 466.2,
        "nonRecurringItems": -18.8,
        "period": "2018-12-31",
        "pretaxIncome": 547.9,
        "provisionforIncomeTaxes": 81.7,
        "revenue": 3760.5,
        "sgaExpense": 857.4,
        "totalOperatingExpense": 857.4,
        "totalOtherIncomeExpenseNet": 19.9
      },
      {
        "costOfGoodsSold": 2194.6,
        "dilutedAverageSharesOutstanding": 293.4,
        "dilutedEPS": 1.5,
        "ebit": 577.9,
        "grossIncome": 1552.6,
        "interestExpense": 58.3,
        "interestIncomeExpense": -38.2,
        "minorityInterest": -2.9,
        "netIncome": 435.4,
        "netIncomeAfterTaxes": 443.1,
        "nonRecurringItems": -79.2,
        "period": "2018-09-30",
        "pretaxIncome": 481.5,
        "provisionforIncomeTaxes": 38.4,
        "revenue": 3747.2,
        "sgaExpense": 974.7,
        "totalOperatingExpense": 974.7,
        "totalOtherIncomeExpenseNet": 21
      },
      {
        "costOfGoodsSold": 2151.4,
        "dilutedAverageSharesOutstanding": 293.3,
        "dilutedEPS": 1.19,
        "ebit": 420.6,
        "grossIncome": 1538.2,
        "interestExpense": 60.2,
        "interestIncomeExpense": 29.7,
        "minorityInterest": -2.3,
        "netIncome": 351.3,
        "netIncomeAfterTaxes": 371.8,
        "nonRecurringItems": -12,
        "period": "2018-06-30",
        "pretaxIncome": 457.9,
        "provisionforIncomeTaxes": 86.1,
        "revenue": 3689.6,
        "sgaExpense": 1117.6,
        "totalOperatingExpense": 1117.6,
        "totalOtherIncomeExpenseNet": 19.6
      },
      {
        "costOfGoodsSold": 2080.2,
        "dilutedAverageSharesOutstanding": 292.7,
        "dilutedEPS": 0.84,
        "ebit": 448.2,
        "grossIncome": 1390.7,
        "interestExpense": 61,
        "interestIncomeExpense": -124.3,
        "minorityInterest": -0.9,
        "netIncome": 247.3,
        "netIncomeAfterTaxes": 259.5,
        "nonRecurringItems": -26,
        "period": "2018-03-31",
        "pretaxIncome": 317.3,
        "provisionforIncomeTaxes": 57.8,
        "revenue": 3470.9,
        "sgaExpense": 942.5,
        "totalOperatingExpense": 942.5,
        "totalOtherIncomeExpenseNet": 19.4
      },
      {
        "costOfGoodsSold": 2082.6,
        "dilutedAverageSharesOutstanding": 293.4,
        "dilutedEPS": -10.51,
        "ebit": -3424.2,
        "grossIncome": -2082.6,
        "interestExpense": 83.6,
        "interestIncomeExpense": 272.8,
        "minorityInterest": -5.8,
        "netIncome": -3086.4,
        "netIncomeAfterTaxes": -3239.5,
        "nonRecurringItems": 33.8,
        "period": "2017-12-31",
        "pretaxIncome": -3100.8,
        "provisionforIncomeTaxes": 138.7,
        "revenue": 0,
        "sgaExpense": 1341.6,
        "totalOperatingExpense": 1341.6,
        "totalOtherIncomeExpenseNet": 16.8
      },
      {
        "costOfGoodsSold": 2063.4,
        "dilutedAverageSharesOutstanding": 293.4,
        "dilutedEPS": 1.34,
        "ebit": 699.1,
        "grossIncome": 1501.1,
        "interestExpense": 60.7,
        "interestIncomeExpense": -184.9,
        "minorityInterest": -3.4,
        "netIncome": 393.2,
        "netIncomeAfterTaxes": 396.6,
        "nonRecurringItems": -5.2,
        "period": "2017-09-30",
        "pretaxIncome": 525.9,
        "provisionforIncomeTaxes": 129.3,
        "revenue": 3564.5,
        "sgaExpense": 802,
        "totalOperatingExpense": 802,
        "totalOtherIncomeExpenseNet": 16.9
      },
      {
        "costOfGoodsSold": 2012.7,
        "dilutedAverageSharesOutstanding": 294.1,
        "dilutedEPS": 1.01,
        "ebit": 563.2,
        "grossIncome": 1447.3,
        "interestExpense": 63.7,
        "interestIncomeExpense": -142,
        "minorityInterest": -1.5,
        "netIncome": 294.8,
        "netIncomeAfterTaxes": 296.3,
        "nonRecurringItems": -61.2,
        "period": "2017-06-30",
        "pretaxIncome": 376.8,
        "provisionforIncomeTaxes": 80.5,
        "revenue": 3460,
        "sgaExpense": 884.1,
        "totalOperatingExpense": 884.1,
        "totalOtherIncomeExpenseNet": 16.8
      },
      {
        "costOfGoodsSold": 1847.8,
        "dilutedAverageSharesOutstanding": 295,
        "dilutedEPS": 0.86,
        "ebit": 380.2,
        "grossIncome": 1314.6,
        "interestExpense": 66.6,
        "interestIncomeExpense": -77.8,
        "minorityInterest": -3.3,
        "netIncome": 254,
        "netIncomeAfterTaxes": 257.3,
        "nonRecurringItems": -7.7,
        "period": "2017-03-31",
        "pretaxIncome": 311.5,
        "provisionforIncomeTaxes": 54.2,
        "revenue": 3162.4,
        "sgaExpense": 934.4,
        "totalOperatingExpense": 934.4,
        "totalOtherIncomeExpenseNet": 16.8
      },
      {
        "costOfGoodsSold": 2369.8,
        "dilutedAverageSharesOutstanding": 295.5,
        "dilutedEPS": 1.24,
        "ebit": 504.9,
        "grossIncome": 981.3,
        "interestExpense": 69.7,
        "interestIncomeExpense": -47,
        "minorityInterest": -5.7,
        "netIncome": 365.7,
        "netIncomeAfterTaxes": 371.4,
        "nonRecurringItems": -14.1,
        "period": "2016-12-31",
        "pretaxIncome": 487.6,
        "provisionforIncomeTaxes": 116.2,
        "revenue": 3351.1,
        "sgaExpense": 476.4,
        "totalOperatingExpense": 476.4,
        "totalOtherIncomeExpenseNet": 43.8
      },
      {
        "costOfGoodsSold": 1737.2,
        "dilutedAverageSharesOutstanding": 295.7,
        "dilutedEPS": 1.27,
        "ebit": 589.3,
        "grossIncome": 1648.9,
        "interestExpense": 70,
        "interestIncomeExpense": -76.9,
        "minorityInterest": -5.4,
        "netIncome": 374.1,
        "netIncomeAfterTaxes": 379.5,
        "nonRecurringItems": -3.2,
        "period": "2016-09-30",
        "pretaxIncome": 509.2,
        "provisionforIncomeTaxes": 129.7,
        "revenue": 3386.1,
        "sgaExpense": 1059.6,
        "totalOperatingExpense": 1059.6
      },
      {
        "costOfGoodsSold": 1723.3,
        "dilutedAverageSharesOutstanding": 296.5,
        "dilutedEPS": 0.87,
        "ebit": 483.3,
        "grossIncome": 1593.9,
        "interestExpense": 68.9,
        "interestIncomeExpense": -48,
        "minorityInterest": -5.2,
        "netIncome": 258.4,
        "netIncomeAfterTaxes": 263.6,
        "nonRecurringItems": -88.1,
        "period": "2016-06-30",
        "pretaxIncome": 347.2,
        "provisionforIncomeTaxes": 83.6,
        "revenue": 3317.2,
        "sgaExpense": 1110.6,
        "totalOperatingExpense": 1110.6
      },
      {
        "costOfGoodsSold": 1631.4,
        "dilutedAverageSharesOutstanding": 298.3,
        "dilutedEPS": 0.77,
        "ebit": 410.4,
        "grossIncome": 1466,
        "interestExpense": 68.4,
        "interestIncomeExpense": -98.7,
        "minorityInterest": -1.2,
        "netIncome": 230.8,
        "netIncomeAfterTaxes": 232,
        "nonRecurringItems": -6.3,
        "period": "2016-03-31",
        "pretaxIncome": 305.4,
        "provisionforIncomeTaxes": 73.4,
        "revenue": 3097.4,
        "sgaExpense": 1055.6,
        "totalOperatingExpense": 1055.6
      },
      {
        "costOfGoodsSold": 1786.5,
        "dilutedAverageSharesOutstanding": 301.1,
        "dilutedEPS": 0.69,
        "ebit": 566.7,
        "grossIncome": 1625.5,
        "interestExpense": 63.4,
        "interestIncomeExpense": -62.3,
        "minorityInterest": -14,
        "netIncome": 208.9,
        "netIncomeAfterTaxes": 222.9,
        "nonRecurringItems": -243.9,
        "period": "2015-12-31",
        "pretaxIncome": 260.5,
        "provisionforIncomeTaxes": 37.6,
        "revenue": 3412,
        "sgaExpense": 1058.8,
        "totalOperatingExpense": 1058.8
      },
      {
        "costOfGoodsSold": 1782.9,
        "dilutedAverageSharesOutstanding": 300,
        "dilutedEPS": 0.86,
        "ebit": 600.1,
        "grossIncome": 1663.5,
        "interestExpense": 61.6,
        "interestIncomeExpense": -78.2,
        "minorityInterest": 7.7,
        "netIncome": 257.8,
        "netIncomeAfterTaxes": 250.1,
        "nonRecurringItems": -166.5,
        "period": "2015-09-30",
        "pretaxIncome": 355.4,
        "provisionforIncomeTaxes": 105.3,
        "revenue": 3446.4,
        "sgaExpense": 1063.4,
        "totalOperatingExpense": 1063.4
      }
    ],
    "symbol": "ECL"
  }
}