{
  "symbol": "EQT",
  "statement": "ic",
  "frequency": "quarterly",
  "timestamp": "2025-09-19T13:59:52.509402",
  "data": {
    "financials": [
      {
        "costOfGoodsSold": 480.634,
        "depreciationAmortization": 623.471,
        "dilutedAverageSharesOutstanding": 602.924,
        "dilutedEPS": 1.3006,
        "ebit": 1140.282,
        "grossIncome": 2077.085,
        "interestExpense": 105.668,
        "interestIncomeExpense": -35.878,
        "minorityInterest": -72.509,
        "netIncome": 784.147,
        "netIncomeAfterTaxes": 856.656,
        "nonRecurringItems": -12.133,
        "operationsMaintenance": 53.983,
        "otherOperatingExpensesTotal": 176.49,
        "otherRevenue": 719.964,
        "period": "2025-06-30",
        "pretaxIncome": 1092.271,
        "provisionforIncomeTaxes": 235.615,
        "researchDevelopment": 1.273,
        "revenue": 2557.719,
        "sgaExpense": 81.586,
        "totalOperatingExpense": 936.803
      },
      {
        "costOfGoodsSold": 466.647,
        "depreciationAmortization": 620.775,
        "dilutedAverageSharesOutstanding": 602.838,
        "dilutedEPS": 0.4017,
        "ebit": 499.142,
        "grossIncome": 1273.203,
        "interestExpense": 117.569,
        "interestIncomeExpense": -90.484,
        "minorityInterest": -73.279,
        "netIncome": 242.139,
        "netIncomeAfterTaxes": 315.418,
        "nonRecurringItems": -14.572,
        "operationsMaintenance": 47.297,
        "otherOperatingExpensesTotal": 13.474,
        "otherRevenue": -678.919,
        "period": "2025-03-31",
        "pretaxIncome": 394.086,
        "provisionforIncomeTaxes": 78.668,
        "researchDevelopment": 1.051,
        "revenue": 1739.85,
        "sgaExpense": 91.464,
        "totalOperatingExpense": 774.061
      },
      {
        "costOfGoodsSold": 490.488,
        "depreciationAmortization": 620.319,
        "dilutedAverageSharesOutstanding": 617.31,
        "dilutedEPS": 0.6779,
        "ebit": 365.671,
        "grossIncome": 1134.239,
        "interestExpense": 186.435,
        "interestIncomeExpense": -144.683,
        "minorityInterest": -8.85,
        "netIncome": 418.395,
        "netIncomeAfterTaxes": 427.245,
        "nonRecurringItems": 353.126,
        "operationsMaintenance": 44.569,
        "otherOperatingExpensesTotal": -4.473,
        "otherRevenue": -183.543,
        "period": "2024-12-31",
        "pretaxIncome": 574.114,
        "provisionforIncomeTaxes": 146.869,
        "researchDevelopment": 0.159,
        "revenue": 1624.727,
        "sgaExpense": 107.994,
        "totalOperatingExpense": 768.568
      },
      {
        "costOfGoodsSold": 534.687,
        "depreciationAmortization": 589.299,
        "dilutedAverageSharesOutstanding": 559.603,
        "dilutedEPS": -0.5376,
        "ebit": -259.628,
        "grossIncome": 749.115,
        "interestExpense": 158.299,
        "interestIncomeExpense": -120.097,
        "minorityInterest": -3.391,
        "netIncome": -300.823,
        "netIncomeAfterTaxes": -297.432,
        "nonRecurringItems": -22.577,
        "operationsMaintenance": 40.518,
        "otherOperatingExpensesTotal": 290.174,
        "otherRevenue": 66.816,
        "period": "2024-09-30",
        "pretaxIncome": -402.302,
        "provisionforIncomeTaxes": -104.87,
        "researchDevelopment": 0.282,
        "revenue": 1283.802,
        "sgaExpense": 88.47,
        "totalOperatingExpense": 1008.743
      },
      {
        "costOfGoodsSold": 645.254,
        "depreciationAmortization": 465.982,
        "dilutedAverageSharesOutstanding": 444.921,
        "dilutedEPS": 0.0214,
        "ebit": -279.499,
        "grossIncome": 307.258,
        "interestExpense": 55.72,
        "interestIncomeExpense": -36.117,
        "minorityInterest": 0.278,
        "netIncome": 9.517,
        "netIncomeAfterTaxes": 9.239,
        "nonRecurringItems": 280.633,
        "otherOperatingExpensesTotal": 52.19,
        "otherRevenue": 61.333,
        "period": "2024-06-30",
        "pretaxIncome": -34.983,
        "provisionforIncomeTaxes": -44.222,
        "researchDevelopment": 1.378,
        "revenue": 952.512,
        "sgaExpense": 67.207,
        "totalOperatingExpense": 586.757
      },
      {
        "costOfGoodsSold": 647.5,
        "depreciationAmortization": 486.75,
        "dilutedAverageSharesOutstanding": 444.967,
        "dilutedEPS": 0.2326,
        "ebit": 192.076,
        "grossIncome": 764.768,
        "interestExpense": 54.371,
        "interestIncomeExpense": -51.906,
        "minorityInterest": 0.425,
        "netIncome": 103.488,
        "netIncomeAfterTaxes": 103.063,
        "nonRecurringItems": -12.805,
        "otherOperatingExpensesTotal": 11.973,
        "otherRevenue": 106.511,
        "period": "2024-03-31",
        "pretaxIncome": 127.365,
        "provisionforIncomeTaxes": 24.302,
        "researchDevelopment": 0.916,
        "revenue": 1412.268,
        "sgaExpense": 73.053,
        "totalOperatingExpense": 572.692
      },
      {
        "costOfGoodsSold": 648.955,
        "depreciationAmortization": 501.887,
        "dilutedAverageSharesOutstanding": 447.319,
        "dilutedEPS": 1.1256,
        "ebit": 809.479,
        "grossIncome": 1394.044,
        "interestExpense": 72.804,
        "interestIncomeExpense": -70.156,
        "minorityInterest": 0.608,
        "netIncome": 502.055,
        "netIncomeAfterTaxes": 501.447,
        "nonRecurringItems": -86.897,
        "otherOperatingExpensesTotal": 14.778,
        "otherRevenue": 671.797,
        "period": "2023-12-31",
        "pretaxIncome": 652.426,
        "provisionforIncomeTaxes": 150.979,
        "researchDevelopment": 0.728,
        "revenue": 2042.999,
        "sgaExpense": 67.172,
        "totalOperatingExpense": 584.565
      },
      {
        "costOfGoodsSold": 621.881,
        "depreciationAmortization": 446.886,
        "dilutedAverageSharesOutstanding": 416.19,
        "dilutedEPS": 0.1952,
        "ebit": 23.737,
        "grossIncome": 564.221,
        "interestExpense": 60.427,
        "interestIncomeExpense": -60.841,
        "minorityInterest": 0.525,
        "netIncome": 81.255,
        "netIncomeAfterTaxes": 80.73,
        "nonRecurringItems": -9.019,
        "otherOperatingExpensesTotal": 36.209,
        "otherRevenue": 177.906,
        "period": "2023-09-30",
        "pretaxIncome": -46.123,
        "provisionforIncomeTaxes": -126.853,
        "researchDevelopment": 0.447,
        "revenue": 1186.102,
        "sgaExpense": 56.942,
        "totalOperatingExpense": 540.484
      },
      {
        "costOfGoodsSold": 578.2,
        "depreciationAmortization": 395.684,
        "dilutedAverageSharesOutstanding": 361.982,
        "dilutedEPS": -0.1841,
        "ebit": -29.893,
        "grossIncome": 440.551,
        "interestExpense": 39.883,
        "interestIncomeExpense": -38.229,
        "minorityInterest": 0.24,
        "netIncome": -66.626,
        "netIncomeAfterTaxes": -66.866,
        "nonRecurringItems": -10.562,
        "otherOperatingExpensesTotal": 13.394,
        "otherRevenue": 164.386,
        "period": "2023-06-30",
        "pretaxIncome": -78.684,
        "provisionforIncomeTaxes": -11.818,
        "researchDevelopment": 1.203,
        "revenue": 1018.751,
        "sgaExpense": 60.163,
        "totalOperatingExpense": 470.444
      },
      {
        "costOfGoodsSold": 562.924,
        "depreciationAmortization": 387.685,
        "dilutedAverageSharesOutstanding": 393.883,
        "dilutedEPS": 3.0937,
        "ebit": 1637.954,
        "grossIncome": 2098.147,
        "interestExpense": 46.546,
        "interestIncomeExpense": -41.607,
        "minorityInterest": -0.685,
        "netIncome": 1218.548,
        "netIncomeAfterTaxes": 1219.233,
        "nonRecurringItems": -20.468,
        "otherOperatingExpensesTotal": 19.662,
        "otherRevenue": 824.852,
        "period": "2023-03-31",
        "pretaxIncome": 1575.879,
        "provisionforIncomeTaxes": 356.646,
        "researchDevelopment": 0.952,
        "revenue": 2661.071,
        "sgaExpense": 51.894,
        "totalOperatingExpense": 460.193
      },
      {
        "costOfGoodsSold": 585.708,
        "depreciationAmortization": 396.026,
        "dilutedAverageSharesOutstanding": 494.896,
        "dilutedEPS": 3.4593,
        "ebit": 2422.105,
        "grossIncome": 2894.12,
        "interestExpense": 55.63,
        "interestIncomeExpense": -46.016,
        "minorityInterest": -1.857,
        "netIncome": 1711.982,
        "netIncomeAfterTaxes": 1713.839,
        "nonRecurringItems": -103.273,
        "otherOperatingExpensesTotal": 18.379,
        "otherRevenue": 907.096,
        "period": "2022-12-31",
        "pretaxIncome": 2272.816,
        "provisionforIncomeTaxes": 558.977,
        "researchDevelopment": 0.568,
        "revenue": 3479.828,
        "sgaExpense": 57.042,
        "totalOperatingExpense": 472.015
      },
      {
        "costOfGoodsSold": 622.877,
        "depreciationAmortization": 418.695,
        "dilutedAverageSharesOutstanding": 403.889,
        "dilutedEPS": 1.6927,
        "ebit": 944.818,
        "grossIncome": 1446.586,
        "interestExpense": 60.138,
        "interestIncomeExpense": -57.104,
        "minorityInterest": -3.792,
        "netIncome": 683.67,
        "netIncomeAfterTaxes": 687.462,
        "nonRecurringItems": -48.046,
        "otherOperatingExpensesTotal": 15.485,
        "otherRevenue": -1627.296,
        "period": "2022-09-30",
        "pretaxIncome": 839.668,
        "provisionforIncomeTaxes": 152.206,
        "researchDevelopment": 0.357,
        "revenue": 2069.463,
        "sgaExpense": 67.231,
        "totalOperatingExpense": 501.768
      },
      {
        "costOfGoodsSold": 622.26,
        "depreciationAmortization": 429.143,
        "dilutedAverageSharesOutstanding": 407.303,
        "dilutedEPS": 2.1885,
        "ebit": 1407.968,
        "grossIncome": 1905.248,
        "interestExpense": 65.985,
        "interestIncomeExpense": -55.095,
        "minorityInterest": -2.863,
        "netIncome": 891.361,
        "netIncomeAfterTaxes": 894.224,
        "nonRecurringItems": -150.415,
        "otherOperatingExpensesTotal": 7.12,
        "otherRevenue": -845.095,
        "period": "2022-06-30",
        "pretaxIncome": 1202.458,
        "provisionforIncomeTaxes": 308.234,
        "researchDevelopment": 1.741,
        "revenue": 2527.508,
        "sgaExpense": 59.276,
        "totalOperatingExpense": 497.28
      },
      {
        "costOfGoodsSold": 587.116,
        "depreciationAmortization": 422.098,
        "dilutedAverageSharesOutstanding": 374.142,
        "dilutedEPS": -4.0521,
        "ebit": -1674.539,
        "grossIncome": -1166.226,
        "interestExpense": 67.902,
        "interestIncomeExpense": -85.091,
        "minorityInterest": -1.465,
        "netIncome": -1516.048,
        "netIncomeAfterTaxes": -1514.583,
        "nonRecurringItems": -220.65,
        "otherOperatingExpensesTotal": 16.347,
        "otherRevenue": -3077.637,
        "period": "2022-03-31",
        "pretaxIncome": -1980.28,
        "provisionforIncomeTaxes": -465.697,
        "researchDevelopment": 0.772,
        "revenue": -579.11,
        "sgaExpense": 69.096,
        "totalOperatingExpense": 508.313
      },
      {
        "costOfGoodsSold": 610.148,
        "depreciationAmortization": 476.422,
        "dilutedAverageSharesOutstanding": 377.901,
        "dilutedEPS": 4.7757,
        "ebit": 2682.972,
        "grossIncome": 3229.546,
        "interestExpense": 71.517,
        "interestIncomeExpense": -58.761,
        "minorityInterest": -1.221,
        "netIncome": 1804.752,
        "netIncomeAfterTaxes": 1805.973,
        "nonRecurringItems": -225.625,
        "otherOperatingExpensesTotal": 16.629,
        "otherRevenue": 1016.54,
        "period": "2021-12-31",
        "pretaxIncome": 2398.586,
        "provisionforIncomeTaxes": 592.613,
        "researchDevelopment": 1.18,
        "revenue": 3839.694,
        "sgaExpense": 52.343,
        "totalOperatingExpense": 546.574
      },
      {
        "costOfGoodsSold": 552.72,
        "depreciationAmortization": 442.876,
        "dilutedAverageSharesOutstanding": 356.792,
        "dilutedEPS": -5.5405,
        "ebit": -2530.042,
        "grossIncome": -2017.558,
        "interestExpense": 75.509,
        "interestIncomeExpense": -28.065,
        "minorityInterest": -0.601,
        "netIncome": -1976.812,
        "netIncomeAfterTaxes": -1976.211,
        "nonRecurringItems": -79.484,
        "otherRevenue": -3257.237,
        "period": "2021-09-30",
        "pretaxIncome": -2637.591,
        "provisionforIncomeTaxes": -661.38,
        "researchDevelopment": 20.495,
        "revenue": -1464.838,
        "sgaExpense": 49.113,
        "totalOperatingExpense": 512.484
      },
      {
        "costOfGoodsSold": 511.562,
        "depreciationAmortization": 380.288,
        "dilutedAverageSharesOutstanding": 279.156,
        "dilutedEPS": -3.3432,
        "ebit": -1203.598,
        "grossIncome": -771.678,
        "interestExpense": 72.254,
        "interestIncomeExpense": -56.66,
        "minorityInterest": 0.062,
        "netIncome": -933.26,
        "netIncomeAfterTaxes": -933.322,
        "nonRecurringItems": -19.375,
        "otherRevenue": -1345.532,
        "period": "2021-06-30",
        "pretaxIncome": -1279.633,
        "provisionforIncomeTaxes": -346.311,
        "researchDevelopment": 1.779,
        "revenue": -260.116,
        "sgaExpense": 49.853,
        "totalOperatingExpense": 431.92
      },
      {
        "costOfGoodsSold": 493,
        "depreciationAmortization": 377.1,
        "dilutedAverageSharesOutstanding": 278.9,
        "dilutedEPS": -0.15,
        "ebit": 24.4,
        "grossIncome": 456.9,
        "interestExpense": 70.473,
        "interestIncomeExpense": -59.9,
        "minorityInterest": 0.5,
        "netIncome": -40.5,
        "netIncomeAfterTaxes": -41,
        "nonRecurringItems": -20,
        "otherOperatingExpensesTotal": 9.4,
        "otherRevenue": -188.8,
        "period": "2021-03-31",
        "pretaxIncome": -55.5,
        "provisionforIncomeTaxes": -14.5,
        "researchDevelopment": 0.9,
        "revenue": 949.9,
        "sgaExpense": 45,
        "totalOperatingExpense": 432.5
      },
      {
        "costOfGoodsSold": 474.6,
        "depreciationAmortization": 375.4,
        "dilutedAverageSharesOutstanding": 275.9,
        "dilutedEPS": 0.23,
        "ebit": 362,
        "grossIncome": 778,
        "interestExpense": 62.354,
        "interestIncomeExpense": -80.6,
        "minorityInterest": 0,
        "netIncome": 63.7,
        "netIncomeAfterTaxes": 63.7,
        "nonRecurringItems": -220.6,
        "otherRevenue": 411.5,
        "period": "2020-12-31",
        "pretaxIncome": 60.8,
        "provisionforIncomeTaxes": -2.9,
        "researchDevelopment": 0.5,
        "revenue": 1252.6,
        "sgaExpense": 40.2,
        "totalOperatingExpense": 416
      },
      {
        "costOfGoodsSold": 467.4,
        "depreciationAmortization": 348.5,
        "dilutedAverageSharesOutstanding": 255.6,
        "dilutedEPS": -2.35,
        "ebit": -703.2,
        "grossIncome": -295.3,
        "interestExpense": 69.154,
        "interestIncomeExpense": -62.5,
        "netIncome": -600.6,
        "netIncomeAfterTaxes": -600.6,
        "nonRecurringItems": -60.7,
        "otherRevenue": -427.2,
        "period": "2020-09-30",
        "pretaxIncome": -826.4,
        "provisionforIncomeTaxes": -225.8,
        "researchDevelopment": 3.2,
        "revenue": 172.1,
        "sgaExpense": 56.3,
        "totalOperatingExpense": 408
      },
      {
        "costOfGoodsSold": 444,
        "depreciationAmortization": 330.6,
        "dilutedAverageSharesOutstanding": 255.5,
        "dilutedEPS": -1.03,
        "ebit": -291.7,
        "grossIncome": 83.1,
        "interestExpense": 65.386,
        "interestIncomeExpense": 21.2,
        "netIncome": -263.1,
        "netIncomeAfterTaxes": -263.1,
        "nonRecurringItems": -95.6,
        "otherRevenue": 26.4,
        "period": "2020-06-30",
        "pretaxIncome": -366.1,
        "provisionforIncomeTaxes": -103,
        "researchDevelopment": 0.9,
        "revenue": 527.1,
        "sgaExpense": 43.3,
        "totalOperatingExpense": 374.7
      },
      {
        "costOfGoodsSold": 480.2,
        "depreciationAmortization": 365,
        "dilutedAverageSharesOutstanding": 255.4,
        "dilutedEPS": -0.65,
        "ebit": 225.9,
        "grossIncome": 626.9,
        "interestExpense": 62.374,
        "interestIncomeExpense": -241.1,
        "netIncome": -167.1,
        "netIncomeAfterTaxes": -167.1,
        "nonRecurringItems": -119.2,
        "otherRevenue": 389.4,
        "period": "2020-03-31",
        "pretaxIncome": -134.3,
        "provisionforIncomeTaxes": 32.8,
        "researchDevelopment": 0.9,
        "revenue": 1107.1,
        "sgaExpense": 34.9,
        "totalOperatingExpense": 400.9
      },
      {
        "costOfGoodsSold": 474.8,
        "depreciationAmortization": 391.7,
        "dilutedAverageSharesOutstanding": 255.4,
        "dilutedEPS": -4.61,
        "ebit": 105.6,
        "grossIncome": 536.7,
        "interestExpense": 45.066,
        "interestIncomeExpense": -81.4,
        "minorityInterest": 0,
        "netIncome": -1176.9,
        "netIncomeAfterTaxes": -1176.9,
        "nonRecurringItems": -1567.7,
        "otherRevenue": 160.7,
        "period": "2019-12-31",
        "pretaxIncome": -1543.5,
        "provisionforIncomeTaxes": -366.5,
        "researchDevelopment": 0.9,
        "revenue": 1011.5,
        "sgaExpense": 38.4,
        "totalOperatingExpense": 431.1
      },
      {
        "costOfGoodsSold": 475.8,
        "depreciationAmortization": 398.7,
        "dilutedAverageSharesOutstanding": 255.2,
        "dilutedEPS": -1.41,
        "ebit": -5.8,
        "grossIncome": 475.8,
        "interestExpense": 47.709,
        "interestIncomeExpense": -285.8,
        "minorityInterest": 0,
        "netIncome": -361,
        "netIncomeAfterTaxes": -361,
        "nonRecurringItems": -155.7,
        "otherRevenue": 180.3,
        "period": "2019-09-30",
        "pretaxIncome": -447.4,
        "provisionforIncomeTaxes": -86.3,
        "researchDevelopment": 3.5,
        "revenue": 951.6,
        "sgaExpense": 79.4,
        "totalOperatingExpense": 481.6
      },
      {
        "costOfGoodsSold": 473.3,
        "depreciationAmortization": 382.8,
        "dilutedAverageSharesOutstanding": 255.2,
        "dilutedEPS": 0.49,
        "ebit": 366.1,
        "grossIncome": 837,
        "interestExpense": 50.503,
        "interestIncomeExpense": -131.6,
        "minorityInterest": 0,
        "netIncome": 125.6,
        "netIncomeAfterTaxes": 125.6,
        "nonRecurringItems": -70.1,
        "otherRevenue": 407.6,
        "period": "2019-06-30",
        "pretaxIncome": 164.4,
        "provisionforIncomeTaxes": 38.9,
        "researchDevelopment": 1.9,
        "revenue": 1310.3,
        "sgaExpense": 86.2,
        "totalOperatingExpense": 470.8
      },
      {
        "costOfGoodsSold": 482.7,
        "depreciationAmortization": 401.5,
        "dilutedAverageSharesOutstanding": 255.4,
        "dilutedEPS": 0.75,
        "ebit": 209.1,
        "grossIncome": 660.5,
        "interestExpense": 56.573,
        "interestIncomeExpense": 53.5,
        "minorityInterest": 0,
        "netIncome": 190.7,
        "netIncomeAfterTaxes": 190.7,
        "nonRecurringItems": -33.6,
        "otherRevenue": -132,
        "period": "2019-03-31",
        "pretaxIncome": 228.9,
        "provisionforIncomeTaxes": 38.2,
        "researchDevelopment": 1,
        "revenue": 1143.2,
        "sgaExpense": 49,
        "totalOperatingExpense": 451.4
      },
      {
        "costOfGoodsSold": 1166.7,
        "depreciationAmortization": 278.2,
        "dilutedAverageSharesOutstanding": 255.3,
        "dilutedEPS": -2.49,
        "ebit": -484.2,
        "grossIncome": -256,
        "interestIncomeExpense": 11.1,
        "minorityInterest": 125.3,
        "netIncome": -636.7,
        "netIncomeAfterTaxes": -1130.4,
        "nonRecurringItems": -747.2,
        "otherOperatingExpensesTotal": -103,
        "otherRevenue": -184.2,
        "period": "2018-12-31",
        "pretaxIncome": -1328.7,
        "provisionforIncomeTaxes": -198.3,
        "researchDevelopment": -35.3,
        "revenue": 910.7,
        "sgaExpense": 88.4,
        "totalOperatingExpense": 228.2,
        "totalOtherIncomeExpenseNet": -108.4
      },
      {
        "costOfGoodsSold": 463.5,
        "depreciationAmortization": 398.4,
        "dilutedAverageSharesOutstanding": 259.6,
        "dilutedEPS": -0.15,
        "ebit": 132.7,
        "grossIncome": 586.5,
        "interestExpense": 56.18,
        "interestIncomeExpense": -51.9,
        "minorityInterest": -103.1,
        "netIncome": -39.7,
        "netIncomeAfterTaxes": -127.3,
        "nonRecurringItems": -280.2,
        "otherRevenue": -3.1,
        "period": "2018-09-30",
        "pretaxIncome": -199.3,
        "provisionforIncomeTaxes": -72,
        "researchDevelopment": 3.6,
        "revenue": 1050,
        "sgaExpense": 51.8,
        "totalOperatingExpense": 453.8
      },
      {
        "costOfGoodsSold": 475.9,
        "depreciationAmortization": 382.1,
        "dilutedAverageSharesOutstanding": 265,
        "dilutedEPS": 0.06,
        "ebit": 28,
        "grossIncome": 474.7,
        "interestExpense": 57.12,
        "interestIncomeExpense": -57.3,
        "minorityInterest": -118.5,
        "netIncome": 17.8,
        "netIncomeAfterTaxes": -77,
        "nonRecurringItems": -142.7,
        "otherRevenue": -53.9,
        "period": "2018-06-30",
        "pretaxIncome": -171.9,
        "provisionforIncomeTaxes": -94.9,
        "researchDevelopment": 1.7,
        "revenue": 950.6,
        "sgaExpense": 63,
        "totalOperatingExpense": 446.7
      },
      {
        "costOfGoodsSold": 475.3,
        "depreciationAmortization": 403,
        "dilutedAverageSharesOutstanding": 264.9,
        "dilutedEPS": -5.98,
        "ebit": 392.7,
        "grossIncome": 836.7,
        "interestExpense": 57.911,
        "interestIncomeExpense": -58,
        "minorityInterest": -141,
        "netIncome": -1586,
        "netIncomeAfterTaxes": -1578.5,
        "nonRecurringItems": -2343,
        "otherRevenue": 62.6,
        "period": "2018-03-31",
        "pretaxIncome": -2008.4,
        "provisionforIncomeTaxes": -429.8,
        "researchDevelopment": 1.2,
        "revenue": 1312,
        "sgaExpense": 39.8,
        "totalOperatingExpense": 444.1
      },
      {
        "costOfGoodsSold": 811.9,
        "depreciationAmortization": 257.1,
        "dilutedAverageSharesOutstanding": 230.2,
        "dilutedEPS": 5.56,
        "ebit": -192.3,
        "grossIncome": 36.8,
        "interestExpense": 30.861,
        "interestIncomeExpense": -30.9,
        "minorityInterest": -99.3,
        "netIncome": 1280.1,
        "netIncomeAfterTaxes": -296.9,
        "nonRecurringItems": -157.3,
        "otherOperatingExpensesTotal": -54.7,
        "otherRevenue": 167.3,
        "period": "2017-12-31",
        "pretaxIncome": -399.3,
        "provisionforIncomeTaxes": -102.4,
        "researchDevelopment": 8.5,
        "revenue": 848.7,
        "sgaExpense": 18.1,
        "totalOperatingExpense": 229.1,
        "totalOtherIncomeExpenseNet": -18.9
      },
      {
        "costOfGoodsSold": 175.7,
        "depreciationAmortization": 246.6,
        "dilutedAverageSharesOutstanding": 173.7,
        "dilutedEPS": 0.13,
        "ebit": 148.8,
        "grossIncome": 483.7,
        "interestExpense": 50.377,
        "interestIncomeExpense": -44.4,
        "minorityInterest": -82.1,
        "netIncome": 23.3,
        "netIncomeAfterTaxes": 105.5,
        "nonRecurringItems": -10.8,
        "operationsMaintenance": 19.6,
        "otherRevenue": 35.6,
        "period": "2017-09-30",
        "pretaxIncome": 94.2,
        "provisionforIncomeTaxes": -11.3,
        "researchDevelopment": 2.4,
        "revenue": 659.4,
        "sgaExpense": 66.3,
        "totalOperatingExpense": 334.9,
        "totalOtherIncomeExpenseNet": 0.5
      },
      {
        "costOfGoodsSold": 179.1,
        "depreciationAmortization": 240.8,
        "dilutedAverageSharesOutstanding": 173.6,
        "dilutedEPS": 0.24,
        "ebit": 194.3,
        "grossIncome": 509.6,
        "interestExpense": 44.078,
        "interestIncomeExpense": -39,
        "minorityInterest": -81.5,
        "netIncome": 41.1,
        "netIncomeAfterTaxes": 122.6,
        "nonRecurringItems": -4.2,
        "operationsMaintenance": 18.3,
        "otherRevenue": 46.3,
        "period": "2017-06-30",
        "pretaxIncome": 152.4,
        "provisionforIncomeTaxes": 29.7,
        "researchDevelopment": 3.5,
        "revenue": 688.7,
        "sgaExpense": 52.7,
        "totalOperatingExpense": 315.3,
        "totalOtherIncomeExpenseNet": 1.2
      },
      {
        "costOfGoodsSold": 179.5,
        "depreciationAmortization": 231.9,
        "dilutedAverageSharesOutstanding": 173.5,
        "dilutedEPS": 0.95,
        "ebit": 390.6,
        "grossIncome": 718,
        "interestExpense": 42.655,
        "interestIncomeExpense": -38.4,
        "minorityInterest": -86.7,
        "netIncome": 164,
        "netIncomeAfterTaxes": 250.7,
        "operationsMaintenance": 20.3,
        "otherRevenue": 140.7,
        "period": "2017-03-31",
        "pretaxIncome": 351.4,
        "provisionforIncomeTaxes": 100.7,
        "researchDevelopment": 3.1,
        "revenue": 897.5,
        "sgaExpense": 72.1,
        "totalOperatingExpense": 327.4,
        "totalOtherIncomeExpenseNet": -0.9
      },
      {
        "costOfGoodsSold": 717.1,
        "depreciationAmortization": 173.5,
        "dilutedAverageSharesOutstanding": 172.3,
        "dilutedEPS": -1.11,
        "ebit": -658.5,
        "grossIncome": -559.4,
        "interestExpense": 22.69,
        "interestIncomeExpense": -22.7,
        "minorityInterest": -83.2,
        "netIncome": -192,
        "netIncomeAfterTaxes": -509.2,
        "nonRecurringItems": -7.7,
        "otherOperatingExpensesTotal": -91.9,
        "otherRevenue": -216.6,
        "period": "2016-12-31",
        "pretaxIncome": -720.2,
        "provisionforIncomeTaxes": -210.9,
        "researchDevelopment": -4.7,
        "revenue": 157.7,
        "sgaExpense": 22.3,
        "totalOperatingExpense": 99.1,
        "totalOtherIncomeExpenseNet": -31.3
      },
      {
        "costOfGoodsSold": 115.9,
        "depreciationAmortization": 237.1,
        "dilutedAverageSharesOutstanding": 172.9,
        "dilutedEPS": -0.05,
        "ebit": 108.5,
        "grossIncome": 440.8,
        "interestExpense": 35.984,
        "interestIncomeExpense": -36,
        "minorityInterest": -78.1,
        "netIncome": -8,
        "netIncomeAfterTaxes": 70.1,
        "nonRecurringItems": 0,
        "operationsMaintenance": 31.2,
        "otherRevenue": 93.4,
        "period": "2016-09-30",
        "pretaxIncome": 83.2,
        "provisionforIncomeTaxes": 13.1,
        "researchDevelopment": 2.7,
        "revenue": 556.7,
        "sgaExpense": 61.4,
        "totalOperatingExpense": 332.4,
        "totalOtherIncomeExpenseNet": 10.7
      },
      {
        "costOfGoodsSold": 117.3,
        "depreciationAmortization": 224.6,
        "dilutedAverageSharesOutstanding": 166.8,
        "dilutedEPS": -1.55,
        "ebit": -324.5,
        "grossIncome": 10.2,
        "interestExpense": 36.305,
        "interestIncomeExpense": -36.3,
        "minorityInterest": -77.8,
        "netIncome": -258.6,
        "netIncomeAfterTaxes": -180.8,
        "nonRecurringItems": 0,
        "operationsMaintenance": 29.3,
        "otherRevenue": -234.7,
        "period": "2016-06-30",
        "pretaxIncome": -353.2,
        "provisionforIncomeTaxes": -172.3,
        "researchDevelopment": 3.6,
        "revenue": 127.5,
        "sgaExpense": 77.3,
        "totalOperatingExpense": 334.7,
        "totalOtherIncomeExpenseNet": 7.6
      },
      {
        "costOfGoodsSold": 104.1,
        "depreciationAmortization": 221.2,
        "dilutedAverageSharesOutstanding": 157.2,
        "dilutedEPS": 0.04,
        "ebit": 127.2,
        "grossIncome": 441,
        "interestExpense": 36.18,
        "interestIncomeExpense": -36.2,
        "minorityInterest": -82.8,
        "netIncome": 5.6,
        "netIncomeAfterTaxes": 88.4,
        "nonRecurringItems": 0,
        "operationsMaintenance": 31.5,
        "otherRevenue": 109,
        "period": "2016-03-31",
        "pretaxIncome": 95.9,
        "provisionforIncomeTaxes": 7.4,
        "researchDevelopment": 3.1,
        "revenue": 545.1,
        "sgaExpense": 57.9,
        "totalOperatingExpense": 313.8,
        "totalOtherIncomeExpenseNet": 4.8
      },
      {
        "costOfGoodsSold": 116,
        "depreciationAmortization": 219.4,
        "dilutedAverageSharesOutstanding": 152.6,
        "dilutedEPS": -0.88,
        "ebit": 167.8,
        "grossIncome": 504.8,
        "interestExpense": 35.935,
        "interestIncomeExpense": -35.9,
        "minorityInterest": -71.3,
        "netIncome": -134.6,
        "netIncomeAfterTaxes": -63.3,
        "nonRecurringItems": -122.5,
        "operationsMaintenance": 31.3,
        "otherRevenue": 176.6,
        "period": "2015-12-31",
        "pretaxIncome": 13,
        "provisionforIncomeTaxes": 76.3,
        "researchDevelopment": 29.8,
        "revenue": 620.8,
        "sgaExpense": 56.5,
        "totalOperatingExpense": 337,
        "totalOtherIncomeExpenseNet": 3.7
      },
      {
        "costOfGoodsSold": 104.5,
        "depreciationAmortization": 208.2,
        "dilutedAverageSharesOutstanding": 152.9,
        "dilutedEPS": 0.27,
        "ebit": 170.1,
        "grossIncome": 479.5,
        "interestExpense": 36.547,
        "interestIncomeExpense": -36.5,
        "minorityInterest": -59.4,
        "netIncome": 40.8,
        "netIncomeAfterTaxes": 100.2,
        "nonRecurringItems": 0,
        "operationsMaintenance": 32.4,
        "otherRevenue": 161.3,
        "period": "2015-09-30",
        "pretaxIncome": 136.2,
        "provisionforIncomeTaxes": 35.9,
        "researchDevelopment": 8.2,
        "revenue": 584,
        "sgaExpense": 60.6,
        "totalOperatingExpense": 309.4,
        "totalOtherIncomeExpenseNet": 2.7
      }
    ],
    "symbol": "EQT"
  }
}