{
  "symbol": "STLD",
  "statement": "ic",
  "frequency": "annual",
  "timestamp": "2025-09-19T14:06:57.822707",
  "data": {
    "financials": [
      {
        "costOfGoodsSold": 14737.804,
        "depreciationAmortization": 30.526,
        "dilutedAverageSharesOutstanding": 156.136,
        "dilutedEPS": 9.8448,
        "ebit": 1943.037,
        "grossIncome": 2802.586,
        "interestExpense": 56.347,
        "interestIncomeExpense": -56.347,
        "minorityInterest": -12.822,
        "netIncome": 1537.134,
        "netIncomeAfterTaxes": 1549.956,
        "period": "2024-12-31",
        "pretaxIncome": 1982.881,
        "provisionforIncomeTaxes": 432.925,
        "revenue": 17540.39,
        "sgaExpense": 829.023,
        "totalOperatingExpense": 859.549,
        "totalOtherIncomeExpenseNet": 96.191,
        "year": 2024
      },
      {
        "costOfGoodsSold": 14749.433,
        "depreciationAmortization": 34.048,
        "dilutedAverageSharesOutstanding": 167.431,
        "dilutedEPS": 14.6382,
        "ebit": 3151.181,
        "grossIncome": 4045.883,
        "interestExpense": 76.484,
        "interestIncomeExpense": -76.484,
        "minorityInterest": -16.45,
        "netIncome": 2450.882,
        "netIncomeAfterTaxes": 2467.332,
        "period": "2023-12-31",
        "pretaxIncome": 3218.943,
        "provisionforIncomeTaxes": 751.611,
        "revenue": 18795.316,
        "sgaExpense": 860.654,
        "totalOperatingExpense": 894.702,
        "totalOtherIncomeExpenseNet": 144.246,
        "year": 2023
      },
      {
        "costOfGoodsSold": 16143,
        "depreciationAmortization": 28,
        "dilutedAverageSharesOutstanding": 185,
        "dilutedEPS": 20.88,
        "ebit": 5092,
        "grossIncome": 6118,
        "interestExpense": 91.538,
        "interestIncomeExpense": -92,
        "minorityInterest": -17,
        "netIncome": 3863,
        "netIncomeAfterTaxes": 3879,
        "nonRecurringItems": 0,
        "period": "2022-12-31",
        "pretaxIncome": 5021,
        "provisionforIncomeTaxes": 1142,
        "revenue": 22261,
        "sgaExpense": 998,
        "totalOperatingExpense": 1026,
        "totalOtherIncomeExpenseNet": 21,
        "year": 2022
      },
      {
        "costOfGoodsSold": 13046,
        "depreciationAmortization": 29,
        "dilutedAverageSharesOutstanding": 207,
        "dilutedEPS": 15.52,
        "ebit": 4301,
        "grossIncome": 5362,
        "interestExpense": 57.209,
        "interestIncomeExpense": -57,
        "minorityInterest": -33,
        "netIncome": 3214,
        "netIncomeAfterTaxes": 3247,
        "nonRecurringItems": 0,
        "period": "2021-12-31",
        "pretaxIncome": 4209,
        "provisionforIncomeTaxes": 962,
        "revenue": 18409,
        "sgaExpense": 1032,
        "totalOperatingExpense": 1062,
        "totalOtherIncomeExpenseNet": -35,
        "year": 2021
      },
      {
        "costOfGoodsSold": 8167,
        "depreciationAmortization": 29,
        "dilutedAverageSharesOutstanding": 212,
        "dilutedEPS": 2.59,
        "ebit": 866,
        "grossIncome": 1435,
        "interestExpense": 94.877,
        "interestIncomeExpense": -95,
        "minorityInterest": -20,
        "netIncome": 551,
        "netIncomeAfterTaxes": 571,
        "nonRecurringItems": -19,
        "period": "2020-12-31",
        "pretaxIncome": 705,
        "provisionforIncomeTaxes": 135,
        "revenue": 9601,
        "sgaExpense": 539,
        "totalOperatingExpense": 568,
        "totalOtherIncomeExpenseNet": -47,
        "year": 2020
      },
      {
        "costOfGoodsSold": 8934,
        "depreciationAmortization": 30,
        "dilutedAverageSharesOutstanding": 221,
        "dilutedEPS": 3.04,
        "ebit": 987,
        "grossIncome": 1531,
        "interestExpense": 127.104,
        "interestIncomeExpense": -127,
        "minorityInterest": -7,
        "netIncome": 671,
        "netIncomeAfterTaxes": 678,
        "period": "2019-12-31",
        "pretaxIncome": 875,
        "provisionforIncomeTaxes": 197,
        "revenue": 10465,
        "sgaExpense": 515,
        "totalOperatingExpense": 544,
        "totalOtherIncomeExpenseNet": 16,
        "year": 2019
      },
      {
        "costOfGoodsSold": 9499,
        "depreciationAmortization": 28,
        "dilutedAverageSharesOutstanding": 235,
        "dilutedEPS": 5.35,
        "ebit": 1722,
        "grossIncome": 2323,
        "interestExpense": 126.62,
        "interestIncomeExpense": -127,
        "minorityInterest": 3,
        "netIncome": 1258,
        "netIncomeAfterTaxes": 1256,
        "nonRecurringItems": 0,
        "period": "2018-12-31",
        "pretaxIncome": 1620,
        "provisionforIncomeTaxes": 364,
        "revenue": 11822,
        "sgaExpense": 573,
        "totalOperatingExpense": 600,
        "totalOtherIncomeExpenseNet": 24,
        "year": 2018
      },
      {
        "costOfGoodsSold": 7957,
        "depreciationAmortization": 29,
        "dilutedAverageSharesOutstanding": 242,
        "dilutedEPS": 3.35,
        "ebit": 1067,
        "grossIncome": 1582,
        "interestExpense": 134.399,
        "interestIncomeExpense": -134,
        "minorityInterest": 7,
        "netIncome": 813,
        "netIncomeAfterTaxes": 627,
        "nonRecurringItems": 0,
        "period": "2017-12-31",
        "pretaxIncome": 935,
        "provisionforIncomeTaxes": 308,
        "revenue": 9539,
        "sgaExpense": 486,
        "totalOperatingExpense": 515,
        "totalOtherIncomeExpenseNet": 3,
        "year": 2017
      },
      {
        "costOfGoodsSold": 6442,
        "depreciationAmortization": 29,
        "dilutedAverageSharesOutstanding": 245,
        "dilutedEPS": 1.56,
        "ebit": 861,
        "grossIncome": 1335,
        "interestExpense": 146.037,
        "interestIncomeExpense": -146,
        "minorityInterest": 22,
        "netIncome": 382,
        "netIncomeAfterTaxes": 360,
        "nonRecurringItems": -133,
        "period": "2016-12-31",
        "pretaxIncome": 564,
        "provisionforIncomeTaxes": 204,
        "revenue": 7777,
        "sgaExpense": 445,
        "totalOperatingExpense": 474,
        "totalOtherIncomeExpenseNet": -18,
        "year": 2016
      },
      {
        "costOfGoodsSold": 6863,
        "depreciationAmortization": 25,
        "dilutedAverageSharesOutstanding": 242,
        "dilutedEPS": -0.54,
        "ebit": 356,
        "grossIncome": 732,
        "interestExpense": 153.95,
        "interestIncomeExpense": -154,
        "minorityInterest": 15,
        "netIncome": -130,
        "netIncomeAfterTaxes": -145,
        "nonRecurringItems": -429,
        "period": "2015-12-31",
        "pretaxIncome": -242,
        "provisionforIncomeTaxes": -97,
        "revenue": 7594,
        "sgaExpense": 351,
        "totalOperatingExpense": 375,
        "totalOtherIncomeExpenseNet": -15,
        "year": 2015
      }
    ],
    "symbol": "STLD"
  }
}