{
  "symbol": "PNW",
  "statement": "ic",
  "frequency": "quarterly",
  "timestamp": "2025-09-19T14:05:33.980591",
  "data": {
    "financials": [
      {
        "depreciationAmortization": 228.893,
        "dilutedAverageSharesOutstanding": 121.865,
        "dilutedEPS": 1.5801,
        "ebit": 307.552,
        "gainLossOnDispositionOfAssets": 0,
        "interestExpense": 87.201,
        "interestIncomeExpense": -76.437,
        "minorityInterest": -4.306,
        "netIncome": 192.564,
        "netIncomeAfterTaxes": 196.87,
        "operationsMaintenance": 286.605,
        "otherOperatingExpensesTotal": 58.693,
        "period": "2025-06-30",
        "pretaxIncome": 231.888,
        "provisionforIncomeTaxes": 35.018,
        "purchasedFuelPowerGas": 477.008,
        "revenue": 1358.751,
        "totalOperatingExpense": 1051.199,
        "totalOtherIncomeExpenseNet": 0.773
      },
      {
        "depreciationAmortization": 234.94,
        "dilutedAverageSharesOutstanding": 119.594,
        "dilutedEPS": -0.0388,
        "ebit": 57.222,
        "gainLossOnDispositionOfAssets": 0,
        "interestExpense": 81.592,
        "interestIncomeExpense": -64.612,
        "minorityInterest": -4.306,
        "netIncome": -4.644,
        "netIncomeAfterTaxes": -0.338,
        "operationsMaintenance": 300.109,
        "otherOperatingExpensesTotal": 59.938,
        "period": "2025-03-31",
        "pretaxIncome": -6.521,
        "provisionforIncomeTaxes": -6.183,
        "purchasedFuelPowerGas": 380.071,
        "revenue": 1032.28,
        "totalOperatingExpense": 975.058,
        "totalOtherIncomeExpenseNet": 0.869
      },
      {
        "depreciationAmortization": 230.585,
        "dilutedAverageSharesOutstanding": 114.338,
        "dilutedEPS": -0.0597,
        "ebit": 84.538,
        "gainLossOnDispositionOfAssets": 0,
        "interestExpense": 85.13,
        "interestIncomeExpense": -80.308,
        "minorityInterest": -4.306,
        "netIncome": -6.827,
        "netIncomeAfterTaxes": -2.521,
        "operationsMaintenance": 327.251,
        "otherOperatingExpensesTotal": 56.886,
        "period": "2024-12-31",
        "pretaxIncome": -2.531,
        "provisionforIncomeTaxes": -0.01,
        "purchasedFuelPowerGas": 396.148,
        "revenue": 1095.408,
        "totalOperatingExpense": 1010.87,
        "totalOtherIncomeExpenseNet": -6.761
      },
      {
        "depreciationAmortization": 229.45,
        "dilutedAverageSharesOutstanding": 117.119,
        "dilutedEPS": 3.3724,
        "ebit": 546.986,
        "gainLossOnDispositionOfAssets": 0,
        "interestExpense": 88.436,
        "interestIncomeExpense": -82.068,
        "minorityInterest": -4.306,
        "netIncome": 394.966,
        "netIncomeAfterTaxes": 399.272,
        "operationsMaintenance": 308.061,
        "otherOperatingExpensesTotal": 52.922,
        "period": "2024-09-30",
        "pretaxIncome": 473.499,
        "provisionforIncomeTaxes": 74.227,
        "purchasedFuelPowerGas": 631.382,
        "revenue": 1768.801,
        "totalOperatingExpense": 1221.815,
        "totalOtherIncomeExpenseNet": 8.581
      },
      {
        "depreciationAmortization": 225.017,
        "dilutedAverageSharesOutstanding": 115.803,
        "dilutedEPS": 1.7599,
        "ebit": 313.747,
        "gainLossOnDispositionOfAssets": 0,
        "interestExpense": 88.945,
        "interestIncomeExpense": -84.046,
        "minorityInterest": -4.306,
        "netIncome": 203.805,
        "netIncomeAfterTaxes": 208.111,
        "operationsMaintenance": 272.266,
        "otherOperatingExpensesTotal": 60.792,
        "period": "2024-06-30",
        "pretaxIncome": 240.532,
        "provisionforIncomeTaxes": 32.421,
        "purchasedFuelPowerGas": 437.172,
        "revenue": 1308.994,
        "totalOperatingExpense": 995.247,
        "totalOtherIncomeExpenseNet": 10.831
      },
      {
        "depreciationAmortization": 210.294,
        "dilutedAverageSharesOutstanding": 114.227,
        "dilutedEPS": 0.1476,
        "ebit": 66.792,
        "gainLossOnDispositionOfAssets": 22.988,
        "interestExpense": 76.341,
        "interestIncomeExpense": -69.558,
        "minorityInterest": -4.306,
        "netIncome": 16.862,
        "netIncomeAfterTaxes": 21.168,
        "operationsMaintenance": 257.578,
        "otherOperatingExpensesTotal": 59.184,
        "period": "2024-03-31",
        "pretaxIncome": 25.059,
        "provisionforIncomeTaxes": 3.891,
        "purchasedFuelPowerGas": 357.864,
        "revenue": 951.712,
        "totalOperatingExpense": 884.92,
        "totalOtherIncomeExpenseNet": 4.837
      },
      {
        "depreciationAmortization": 203.598,
        "dilutedAverageSharesOutstanding": 113.535,
        "dilutedEPS": -0.0002,
        "ebit": 74.38,
        "gainLossOnDispositionOfAssets": -0.218,
        "interestExpense": 73.547,
        "interestIncomeExpense": -69.289,
        "minorityInterest": -4.306,
        "netIncome": -0.023,
        "netIncomeAfterTaxes": 4.283,
        "operationsMaintenance": 281.388,
        "otherOperatingExpensesTotal": 56.329,
        "period": "2023-12-31",
        "pretaxIncome": 7.07,
        "provisionforIncomeTaxes": 2.787,
        "purchasedFuelPowerGas": 375.879,
        "revenue": 991.574,
        "totalOperatingExpense": 917.194,
        "totalOtherIncomeExpenseNet": 2.197
      },
      {
        "depreciationAmortization": 203.438,
        "dilutedAverageSharesOutstanding": 113.838,
        "dilutedEPS": 3.4981,
        "ebit": 516.263,
        "gainLossOnDispositionOfAssets": 6.423,
        "interestExpense": 75.841,
        "interestIncomeExpense": -67.196,
        "minorityInterest": -4.306,
        "netIncome": 398.214,
        "netIncomeAfterTaxes": 402.52,
        "operationsMaintenance": 250.019,
        "otherOperatingExpensesTotal": 53.519,
        "period": "2023-09-30",
        "pretaxIncome": 459.565,
        "provisionforIncomeTaxes": 57.045,
        "purchasedFuelPowerGas": 614.52,
        "revenue": 1637.759,
        "totalOperatingExpense": 1121.496,
        "totalOtherIncomeExpenseNet": 4.075
      },
      {
        "depreciationAmortization": 195.101,
        "dilutedAverageSharesOutstanding": 113.717,
        "dilutedEPS": 0.938,
        "ebit": 183.28,
        "interestExpense": 68.481,
        "interestIncomeExpense": -62.509,
        "minorityInterest": -4.306,
        "netIncome": 106.663,
        "netIncomeAfterTaxes": 110.969,
        "operationsMaintenance": 277.238,
        "otherOperatingExpensesTotal": 58.33,
        "period": "2023-06-30",
        "pretaxIncome": 126.866,
        "provisionforIncomeTaxes": 15.897,
        "purchasedFuelPowerGas": 407.754,
        "revenue": 1121.703,
        "totalOperatingExpense": 938.423,
        "totalOtherIncomeExpenseNet": 6.095
      },
      {
        "depreciationAmortization": 191.906,
        "dilutedAverageSharesOutstanding": 113.358,
        "dilutedEPS": -0.0291,
        "ebit": 50.717,
        "interestExpense": 60.336,
        "interestIncomeExpense": -55.371,
        "minorityInterest": -4.306,
        "netIncome": -3.297,
        "netIncomeAfterTaxes": 1.009,
        "operationsMaintenance": 250.08,
        "otherOperatingExpensesTotal": 57.748,
        "period": "2023-03-31",
        "pretaxIncome": 2.192,
        "provisionforIncomeTaxes": 1.183,
        "purchasedFuelPowerGas": 394.504,
        "revenue": 944.955,
        "totalOperatingExpense": 894.238,
        "totalOtherIncomeExpenseNet": 6.846
      },
      {
        "depreciationAmortization": 189.704,
        "dilutedAverageSharesOutstanding": 113.298,
        "dilutedEPS": -0.21,
        "ebit": 36.751,
        "interestExpense": 54.612,
        "interestIncomeExpense": -70.75,
        "minorityInterest": -4.306,
        "netIncome": -23.992,
        "netIncomeAfterTaxes": -55.927,
        "operationsMaintenance": 271.68,
        "otherOperatingExpensesTotal": 55.863,
        "period": "2022-12-31",
        "pretaxIncome": -28.436,
        "provisionforIncomeTaxes": 27.491,
        "purchasedFuelPowerGas": 455.316,
        "revenue": 1009.314,
        "totalOperatingExpense": 972.563,
        "totalOtherIncomeExpenseNet": 5.563
      },
      {
        "depreciationAmortization": 190.389,
        "dilutedAverageSharesOutstanding": 113.463,
        "dilutedEPS": 2.8761,
        "ebit": 417.573,
        "interestExpense": 54.36,
        "interestIncomeExpense": -53.51,
        "minorityInterest": -4.306,
        "netIncome": 326.326,
        "netIncomeAfterTaxes": 330.632,
        "operationsMaintenance": 251.663,
        "otherOperatingExpensesTotal": 53.675,
        "period": "2022-09-30",
        "pretaxIncome": 383.36,
        "provisionforIncomeTaxes": 52.728,
        "purchasedFuelPowerGas": 556.571,
        "revenue": 1469.871,
        "totalOperatingExpense": 1052.298,
        "totalOtherIncomeExpenseNet": 19.297
      },
      {
        "depreciationAmortization": 186.497,
        "dilutedAverageSharesOutstanding": 113.369,
        "dilutedEPS": 1.4494,
        "ebit": 223.095,
        "interestExpense": 50.144,
        "interestIncomeExpense": -49.028,
        "minorityInterest": -4.306,
        "netIncome": 164.312,
        "netIncomeAfterTaxes": 168.618,
        "operationsMaintenance": 245.387,
        "otherOperatingExpensesTotal": 54.503,
        "period": "2022-06-30",
        "pretaxIncome": 195.306,
        "provisionforIncomeTaxes": 26.688,
        "purchasedFuelPowerGas": 352.187,
        "revenue": 1061.669,
        "totalOperatingExpense": 838.574,
        "totalOtherIncomeExpenseNet": 21.239
      },
      {
        "depreciationAmortization": 186.605,
        "dilutedAverageSharesOutstanding": 113.295,
        "dilutedEPS": 0.1497,
        "ebit": 54.492,
        "interestExpense": 51.16,
        "interestIncomeExpense": -50.199,
        "minorityInterest": -4.306,
        "netIncome": 16.956,
        "netIncomeAfterTaxes": 21.262,
        "operationsMaintenance": 218.342,
        "otherOperatingExpensesTotal": 58.823,
        "period": "2022-03-31",
        "pretaxIncome": 25.423,
        "provisionforIncomeTaxes": 4.161,
        "purchasedFuelPowerGas": 265.269,
        "revenue": 783.531,
        "totalOperatingExpense": 729.039,
        "totalOtherIncomeExpenseNet": 21.13
      },
      {
        "depreciationAmortization": 170.782,
        "dilutedAverageSharesOutstanding": 113.006,
        "dilutedEPS": 0.24,
        "ebit": 50.017,
        "interestExpense": 48.758,
        "interestIncomeExpense": -47.157,
        "minorityInterest": -4.306,
        "netIncome": 27.584,
        "netIncomeAfterTaxes": -4.668,
        "operationsMaintenance": 261.936,
        "otherOperatingExpensesTotal": 59.085,
        "period": "2021-12-31",
        "pretaxIncome": 27.903,
        "provisionforIncomeTaxes": 32.571,
        "purchasedFuelPowerGas": 257.037,
        "revenue": 798.857,
        "totalOperatingExpense": 748.84,
        "totalOtherIncomeExpenseNet": 25.043
      },
      {
        "depreciationAmortization": 163.523,
        "dilutedAverageSharesOutstanding": 113.217,
        "dilutedEPS": 3.0013,
        "ebit": 429.373,
        "interestExpense": 47.442,
        "interestIncomeExpense": -46.544,
        "minorityInterest": -4.306,
        "netIncome": 339.798,
        "netIncomeAfterTaxes": 344.104,
        "operationsMaintenance": 232.386,
        "otherOperatingExpensesTotal": 55.52,
        "period": "2021-09-30",
        "pretaxIncome": 415.967,
        "provisionforIncomeTaxes": 71.863,
        "purchasedFuelPowerGas": 427.452,
        "revenue": 1308.254,
        "totalOperatingExpense": 878.881,
        "totalOtherIncomeExpenseNet": 33.138
      },
      {
        "depreciationAmortization": 158.75,
        "dilutedAverageSharesOutstanding": 113.223,
        "dilutedEPS": 1.9051,
        "ebit": 278.386,
        "interestExpense": 47.588,
        "interestIncomeExpense": -46.332,
        "minorityInterest": -3.739,
        "netIncome": 215.697,
        "netIncomeAfterTaxes": 219.436,
        "operationsMaintenance": 229.69,
        "otherOperatingExpensesTotal": 63.588,
        "period": "2021-06-30",
        "pretaxIncome": 265.996,
        "provisionforIncomeTaxes": 46.56,
        "purchasedFuelPowerGas": 269.835,
        "revenue": 1000.249,
        "totalOperatingExpense": 721.863,
        "totalOtherIncomeExpenseNet": 33.942
      },
      {
        "depreciationAmortization": 157.8,
        "dilutedAverageSharesOutstanding": 113.1,
        "dilutedEPS": 0.32,
        "ebit": 74.4,
        "interestExpense": 47.737,
        "interestIncomeExpense": -73.5,
        "minorityInterest": -4.9,
        "netIncome": 35.6,
        "netIncomeAfterTaxes": 40.5,
        "operationsMaintenance": 230.1,
        "otherOperatingExpensesTotal": 62.8,
        "period": "2021-03-31",
        "pretaxIncome": 36.2,
        "provisionforIncomeTaxes": -4.4,
        "purchasedFuelPowerGas": 171.4,
        "revenue": 696.5,
        "totalOperatingExpense": 622,
        "totalOtherIncomeExpenseNet": 35.2
      },
      {
        "depreciationAmortization": 155.1,
        "dilutedAverageSharesOutstanding": 112.7,
        "dilutedEPS": -0.17,
        "ebit": 30.8,
        "interestExpense": 49.914,
        "interestIncomeExpense": -46.9,
        "minorityInterest": -4.9,
        "netIncome": -19.4,
        "netIncomeAfterTaxes": -65.1,
        "operationsMaintenance": 281.2,
        "otherOperatingExpensesTotal": 60.4,
        "period": "2020-12-31",
        "pretaxIncome": -34.4,
        "provisionforIncomeTaxes": 30.6,
        "purchasedFuelPowerGas": 213.3,
        "revenue": 741,
        "totalOperatingExpense": 710.1,
        "totalOtherIncomeExpenseNet": -18.4
      },
      {
        "depreciationAmortization": 152.7,
        "dilutedAverageSharesOutstanding": 113,
        "dilutedEPS": 3.07,
        "ebit": 455,
        "interestExpense": 48.69,
        "interestIncomeExpense": -46,
        "minorityInterest": -4.9,
        "netIncome": 346.4,
        "netIncomeAfterTaxes": 351.2,
        "operationsMaintenance": 237,
        "otherOperatingExpensesTotal": 56.7,
        "period": "2020-09-30",
        "pretaxIncome": 428.5,
        "provisionforIncomeTaxes": 77.2,
        "purchasedFuelPowerGas": 353.2,
        "revenue": 1254.5,
        "totalOperatingExpense": 799.5,
        "totalOtherIncomeExpenseNet": 19.5
      },
      {
        "depreciationAmortization": 152.5,
        "dilutedAverageSharesOutstanding": 112.9,
        "dilutedEPS": 1.71,
        "ebit": 257,
        "interestExpense": 49.13,
        "interestIncomeExpense": -38.6,
        "minorityInterest": -4.9,
        "netIncome": 193.6,
        "netIncomeAfterTaxes": 198.5,
        "operationsMaintenance": 219.4,
        "otherOperatingExpensesTotal": 57.5,
        "period": "2020-06-30",
        "pretaxIncome": 239.5,
        "provisionforIncomeTaxes": 41.1,
        "purchasedFuelPowerGas": 243.3,
        "revenue": 929.6,
        "totalOperatingExpense": 672.6,
        "totalOtherIncomeExpenseNet": 21.2
      },
      {
        "depreciationAmortization": 154.1,
        "dilutedAverageSharesOutstanding": 112.9,
        "dilutedEPS": 0.27,
        "ebit": 70.5,
        "interestExpense": 47.461,
        "interestIncomeExpense": -75.2,
        "minorityInterest": -4.9,
        "netIncome": 30,
        "netIncomeAfterTaxes": 34.9,
        "operationsMaintenance": 221.3,
        "otherOperatingExpensesTotal": 57.6,
        "period": "2020-03-31",
        "pretaxIncome": 14.7,
        "provisionforIncomeTaxes": -20.2,
        "purchasedFuelPowerGas": 158.4,
        "revenue": 661.9,
        "totalOperatingExpense": 591.4,
        "totalOtherIncomeExpenseNet": 19.3
      },
      {
        "depreciationAmortization": 145.4,
        "dilutedAverageSharesOutstanding": 112.8,
        "dilutedEPS": 0.56,
        "ebit": -3.2,
        "interestExpense": 49.015,
        "interestIncomeExpense": -31.5,
        "minorityInterest": -4.9,
        "netIncome": 64,
        "netIncomeAfterTaxes": -55.2,
        "operationsMaintenance": 229.9,
        "otherOperatingExpensesTotal": 58.6,
        "otherRevenue": 0,
        "period": "2019-12-31",
        "pretaxIncome": -19.7,
        "provisionforIncomeTaxes": 35.5,
        "purchasedFuelPowerGas": 239.8,
        "revenue": 670.4,
        "totalOperatingExpense": 673.6,
        "totalOtherIncomeExpenseNet": 15
      },
      {
        "depreciationAmortization": 149.5,
        "dilutedAverageSharesOutstanding": 112.7,
        "dilutedEPS": 2.77,
        "ebit": 375.1,
        "interestExpense": 48.078,
        "interestIncomeExpense": -17.9,
        "minorityInterest": -4.9,
        "netIncome": 312.3,
        "netIncomeAfterTaxes": 317.1,
        "operationsMaintenance": 238.6,
        "otherOperatingExpensesTotal": 54.6,
        "otherRevenue": 0,
        "period": "2019-09-30",
        "pretaxIncome": 370.4,
        "provisionforIncomeTaxes": 53.3,
        "purchasedFuelPowerGas": 373.1,
        "revenue": 1190.8,
        "totalOperatingExpense": 815.7,
        "totalOtherIncomeExpenseNet": 13.2
      },
      {
        "depreciationAmortization": 147.4,
        "dilutedAverageSharesOutstanding": 112.7,
        "dilutedEPS": 1.28,
        "ebit": 146.9,
        "interestExpense": 45.399,
        "interestIncomeExpense": 6.5,
        "minorityInterest": -4.9,
        "netIncome": 144.1,
        "netIncomeAfterTaxes": 149,
        "operationsMaintenance": 227.5,
        "otherOperatingExpensesTotal": 55.8,
        "otherRevenue": 0,
        "period": "2019-06-30",
        "pretaxIncome": 166.1,
        "provisionforIncomeTaxes": 17.1,
        "purchasedFuelPowerGas": 291.9,
        "revenue": 869.5,
        "totalOperatingExpense": 722.6,
        "totalOtherIncomeExpenseNet": 12.7
      },
      {
        "depreciationAmortization": 148.7,
        "dilutedAverageSharesOutstanding": 112.7,
        "dilutedEPS": 0.16,
        "ebit": 51.9,
        "interestExpense": 42.8,
        "interestIncomeExpense": -33.3,
        "minorityInterest": -4.9,
        "netIncome": 17.9,
        "netIncomeAfterTaxes": 22.8,
        "operationsMaintenance": 245.6,
        "otherOperatingExpensesTotal": 55.5,
        "otherRevenue": 0,
        "period": "2019-03-31",
        "pretaxIncome": 25.2,
        "provisionforIncomeTaxes": 2.4,
        "purchasedFuelPowerGas": 238.8,
        "revenue": 740.5,
        "totalOperatingExpense": 688.6,
        "totalOtherIncomeExpenseNet": 6.6
      },
      {
        "depreciationAmortization": 146.1,
        "dilutedAverageSharesOutstanding": 112.7,
        "dilutedEPS": 0.23,
        "ebit": 27.5,
        "interestExpense": 43.069,
        "interestIncomeExpense": -1.4,
        "minorityInterest": -4.9,
        "netIncome": 26.1,
        "netIncomeAfterTaxes": 24.2,
        "operationsMaintenance": 256.1,
        "otherOperatingExpensesTotal": 55.3,
        "otherRevenue": 0,
        "period": "2018-12-31",
        "pretaxIncome": 37.7,
        "provisionforIncomeTaxes": 13.5,
        "purchasedFuelPowerGas": 271.4,
        "revenue": 756.4,
        "totalOperatingExpense": 728.9,
        "totalOtherIncomeExpenseNet": 11.7
      },
      {
        "depreciationAmortization": 146,
        "dilutedAverageSharesOutstanding": 112.5,
        "dilutedEPS": 2.8,
        "ebit": 429,
        "interestExpense": 43.433,
        "interestIncomeExpense": -37.2,
        "minorityInterest": -4.9,
        "netIncome": 315,
        "netIncomeAfterTaxes": 319.9,
        "operationsMaintenance": 246.5,
        "otherOperatingExpensesTotal": 52.3,
        "otherRevenue": -1,
        "period": "2018-09-30",
        "pretaxIncome": 404.2,
        "provisionforIncomeTaxes": 84.3,
        "purchasedFuelPowerGas": 394.2,
        "revenue": 1268,
        "totalOperatingExpense": 839,
        "totalOtherIncomeExpenseNet": 12.4
      },
      {
        "depreciationAmortization": 145.4,
        "dilutedAverageSharesOutstanding": 112.5,
        "dilutedEPS": 1.48,
        "ebit": 238.8,
        "interestExpense": 41.344,
        "interestIncomeExpense": -35.7,
        "minorityInterest": -4.9,
        "netIncome": 166.7,
        "netIncomeAfterTaxes": 171.6,
        "operationsMaintenance": 268.4,
        "otherOperatingExpensesTotal": 61,
        "otherRevenue": -0.3,
        "period": "2018-06-30",
        "pretaxIncome": 215.7,
        "provisionforIncomeTaxes": 44,
        "purchasedFuelPowerGas": 260.5,
        "revenue": 974.1,
        "totalOperatingExpense": 735.4,
        "totalOtherIncomeExpenseNet": 12.6
      },
      {
        "depreciationAmortization": 144.8,
        "dilutedAverageSharesOutstanding": 112.5,
        "dilutedEPS": 0.03,
        "ebit": 65.4,
        "interestExpense": 38.12,
        "interestIncomeExpense": -70.5,
        "minorityInterest": -4.9,
        "netIncome": 3.2,
        "netIncomeAfterTaxes": 8.1,
        "operationsMaintenance": 265.7,
        "otherOperatingExpensesTotal": 53.8,
        "otherRevenue": -1.2,
        "period": "2018-03-31",
        "pretaxIncome": 6.8,
        "provisionforIncomeTaxes": -1.3,
        "purchasedFuelPowerGas": 163,
        "revenue": 692.7,
        "totalOperatingExpense": 627.3,
        "totalOtherIncomeExpenseNet": 11.9
      },
      {
        "depreciationAmortization": 146.8,
        "dilutedAverageSharesOutstanding": 112.5,
        "dilutedEPS": 0.19,
        "ebit": 109.3,
        "interestExpense": 36.24,
        "interestIncomeExpense": -61.7,
        "minorityInterest": -4.9,
        "netIncome": 21.6,
        "netIncomeAfterTaxes": 35.9,
        "operationsMaintenance": 271.2,
        "otherOperatingExpensesTotal": 52.2,
        "otherRevenue": 1.7,
        "period": "2017-12-31",
        "pretaxIncome": 47.3,
        "provisionforIncomeTaxes": 11.4,
        "purchasedFuelPowerGas": 180,
        "revenue": 759.7,
        "totalOperatingExpense": 650.3,
        "totalOtherIncomeExpenseNet": -0.4
      },
      {
        "depreciationAmortization": 133.9,
        "dilutedAverageSharesOutstanding": 112.4,
        "dilutedEPS": 2.46,
        "ebit": 465.6,
        "interestExpense": 36.916,
        "interestIncomeExpense": -42.3,
        "minorityInterest": -4.9,
        "netIncome": 276.1,
        "netIncomeAfterTaxes": 280.9,
        "operationsMaintenance": 230.8,
        "otherOperatingExpensesTotal": 48.6,
        "otherRevenue": -0.1,
        "period": "2017-09-30",
        "pretaxIncome": 425.3,
        "provisionforIncomeTaxes": 144.3,
        "purchasedFuelPowerGas": 304.4,
        "revenue": 1183.3,
        "totalOperatingExpense": 717.7,
        "totalOtherIncomeExpenseNet": 1.9
      },
      {
        "depreciationAmortization": 125.7,
        "dilutedAverageSharesOutstanding": 112.3,
        "dilutedEPS": 1.49,
        "ebit": 291.9,
        "interestExpense": 39.607,
        "interestIncomeExpense": -34,
        "minorityInterest": -4.9,
        "netIncome": 167.4,
        "netIncomeAfterTaxes": 172.3,
        "operationsMaintenance": 221,
        "otherOperatingExpensesTotal": 46,
        "otherRevenue": -0.1,
        "period": "2017-06-30",
        "pretaxIncome": 261.3,
        "provisionforIncomeTaxes": 89,
        "purchasedFuelPowerGas": 260,
        "revenue": 944.6,
        "totalOperatingExpense": 652.7,
        "totalOtherIncomeExpenseNet": 3.5
      },
      {
        "depreciationAmortization": 127.6,
        "dilutedAverageSharesOutstanding": 112.2,
        "dilutedEPS": 0.21,
        "ebit": 14.8,
        "interestExpense": 37.91,
        "interestIncomeExpense": 14.9,
        "minorityInterest": -4.9,
        "netIncome": 23.3,
        "netIncomeAfterTaxes": 28.2,
        "operationsMaintenance": 226.1,
        "otherOperatingExpensesTotal": 44.2,
        "otherRevenue": -0.3,
        "period": "2017-03-31",
        "pretaxIncome": 32.4,
        "provisionforIncomeTaxes": 4.2,
        "purchasedFuelPowerGas": 265,
        "revenue": 677.7,
        "totalOperatingExpense": 662.9,
        "totalOtherIncomeExpenseNet": 2.7
      },
      {
        "depreciationAmortization": 122.9,
        "dilutedAverageSharesOutstanding": 112.2,
        "dilutedEPS": 0.47,
        "ebit": 91.9,
        "interestExpense": 34.652,
        "interestIncomeExpense": -3.5,
        "minorityInterest": -4.9,
        "netIncome": 53.2,
        "netIncomeAfterTaxes": 58.1,
        "operationsMaintenance": 208.3,
        "otherOperatingExpensesTotal": 42,
        "otherRevenue": 0.2,
        "period": "2016-12-31",
        "pretaxIncome": 85.4,
        "provisionforIncomeTaxes": 27.3,
        "purchasedFuelPowerGas": 274.1,
        "revenue": 739.2,
        "totalOperatingExpense": 647.3,
        "totalOtherIncomeExpenseNet": -3
      },
      {
        "depreciationAmortization": 120.4,
        "dilutedAverageSharesOutstanding": 112.1,
        "dilutedEPS": 2.35,
        "ebit": 486.4,
        "interestExpense": 36.778,
        "interestIncomeExpense": -72.3,
        "minorityInterest": -4.9,
        "netIncome": 263,
        "netIncomeAfterTaxes": 267.9,
        "operationsMaintenance": 217.6,
        "otherOperatingExpensesTotal": 41.5,
        "otherRevenue": 0,
        "period": "2016-09-30",
        "pretaxIncome": 409.3,
        "provisionforIncomeTaxes": 141.4,
        "purchasedFuelPowerGas": 301,
        "revenue": 1166.9,
        "totalOperatingExpense": 680.6,
        "totalOtherIncomeExpenseNet": -4.7
      },
      {
        "depreciationAmortization": 123.1,
        "dilutedAverageSharesOutstanding": 112,
        "dilutedEPS": 1.08,
        "ebit": 170.8,
        "interestExpense": 37.179,
        "interestIncomeExpense": 23.4,
        "minorityInterest": -4.9,
        "netIncome": 121.3,
        "netIncomeAfterTaxes": 126.2,
        "operationsMaintenance": 242.3,
        "otherOperatingExpensesTotal": 43.4,
        "otherRevenue": 0.6,
        "period": "2016-06-30",
        "pretaxIncome": 191.9,
        "provisionforIncomeTaxes": 65.7,
        "purchasedFuelPowerGas": 335.7,
        "revenue": 915.4,
        "totalOperatingExpense": 744.5,
        "totalOtherIncomeExpenseNet": -2.3
      },
      {
        "depreciationAmortization": 119.5,
        "dilutedAverageSharesOutstanding": 111.8,
        "dilutedEPS": 0.04,
        "ebit": 81.1,
        "interestExpense": 35.001,
        "interestIncomeExpense": -66.3,
        "minorityInterest": -4.9,
        "netIncome": 4.5,
        "netIncomeAfterTaxes": 9.3,
        "operationsMaintenance": 243.2,
        "otherOperatingExpensesTotal": 43,
        "otherRevenue": -0.1,
        "period": "2016-03-31",
        "pretaxIncome": 11.2,
        "provisionforIncomeTaxes": 1.9,
        "purchasedFuelPowerGas": 190.3,
        "revenue": 677.2,
        "totalOperatingExpense": 596.1,
        "totalOtherIncomeExpenseNet": -3.5
      },
      {
        "depreciationAmortization": 125.1,
        "dilutedAverageSharesOutstanding": 112.9,
        "dilutedEPS": 0.36,
        "ebit": 133.7,
        "interestExpense": 35.691,
        "interestIncomeExpense": -59.9,
        "minorityInterest": -4.9,
        "netIncome": 41.1,
        "netIncomeAfterTaxes": 46,
        "operationsMaintenance": 222,
        "otherOperatingExpensesTotal": 44.7,
        "otherRevenue": 0.1,
        "period": "2015-12-31",
        "pretaxIncome": 68.8,
        "provisionforIncomeTaxes": 22.8,
        "purchasedFuelPowerGas": 208.9,
        "revenue": 734.4,
        "totalOperatingExpense": 600.7,
        "totalOtherIncomeExpenseNet": -5
      },
      {
        "depreciationAmortization": 125.6,
        "dilutedAverageSharesOutstanding": 111.6,
        "dilutedEPS": 2.3,
        "ebit": 496,
        "interestExpense": 38.179,
        "interestIncomeExpense": -89.5,
        "minorityInterest": -4.9,
        "netIncome": 257.1,
        "netIncomeAfterTaxes": 262,
        "operationsMaintenance": 220.4,
        "otherOperatingExpensesTotal": 44.1,
        "otherRevenue": 0.6,
        "period": "2015-09-30",
        "pretaxIncome": 401.5,
        "provisionforIncomeTaxes": 139.6,
        "purchasedFuelPowerGas": 312.9,
        "revenue": 1199.1,
        "totalOperatingExpense": 703.1,
        "totalOtherIncomeExpenseNet": -5
      }
    ],
    "symbol": "PNW"
  }
}