{
  "symbol": "MHK",
  "statement": "ic",
  "frequency": "quarterly",
  "timestamp": "2025-09-19T14:04:09.150411",
  "data": {
    "financials": [
      {
        "costOfGoodsSold": 2061.5,
        "dilutedAverageSharesOutstanding": 62.6,
        "dilutedEPS": 2.3403,
        "ebit": 218.1,
        "grossIncome": 740.6,
        "interestExpense": 5.2,
        "interestIncomeExpense": -10.1,
        "minorityInterest": 0,
        "netIncome": 146.5,
        "netIncomeAfterTaxes": 146.5,
        "nonRecurringItems": -29.4,
        "period": "2025-06-28",
        "pretaxIncome": 180.5,
        "provisionforIncomeTaxes": 34,
        "revenue": 2802.1,
        "sgaExpense": 522.5,
        "totalOperatingExpense": 522.5,
        "totalOtherIncomeExpenseNet": 1.9
      },
      {
        "costOfGoodsSold": 1917.3,
        "dilutedAverageSharesOutstanding": 62.9,
        "dilutedEPS": 1.1542,
        "ebit": 121.3,
        "grossIncome": 608.5,
        "interestExpense": 6.4,
        "interestIncomeExpense": -7.1,
        "minorityInterest": 0,
        "netIncome": 72.6,
        "netIncomeAfterTaxes": 72.6,
        "nonRecurringItems": -25.3,
        "period": "2025-03-29",
        "pretaxIncome": 90.1,
        "provisionforIncomeTaxes": 17.5,
        "revenue": 2525.8,
        "sgaExpense": 487.2,
        "totalOperatingExpense": 487.2,
        "totalOtherIncomeExpenseNet": 1.2
      },
      {
        "costOfGoodsSold": 1992.7,
        "dilutedAverageSharesOutstanding": 63,
        "dilutedEPS": 1.4794,
        "ebit": 155.4,
        "grossIncome": 644.5,
        "interestExpense": 9.9,
        "interestIncomeExpense": -14.4,
        "minorityInterest": 0,
        "netIncome": 93.2,
        "netIncomeAfterTaxes": 93.2,
        "nonRecurringItems": -33.6,
        "period": "2024-12-31",
        "pretaxIncome": 111.5,
        "provisionforIncomeTaxes": 18.3,
        "revenue": 2637.2,
        "sgaExpense": 489.1,
        "totalOperatingExpense": 489.1,
        "totalOtherIncomeExpenseNet": 4.1
      },
      {
        "costOfGoodsSold": 2010,
        "dilutedAverageSharesOutstanding": 63.4,
        "dilutedEPS": 2.5552,
        "ebit": 231.8,
        "grossIncome": 709,
        "interestExpense": 11.2,
        "interestIncomeExpense": -14,
        "minorityInterest": 0,
        "netIncome": 162,
        "netIncomeAfterTaxes": 162,
        "nonRecurringItems": -19.5,
        "period": "2024-09-28",
        "pretaxIncome": 201.8,
        "provisionforIncomeTaxes": 39.8,
        "revenue": 2719,
        "sgaExpense": 477.2,
        "totalOperatingExpense": 477.2,
        "totalOtherIncomeExpenseNet": 3.5
      },
      {
        "costOfGoodsSold": 2042.3,
        "dilutedAverageSharesOutstanding": 63.9,
        "dilutedEPS": 2.4632,
        "ebit": 255.4,
        "grossIncome": 759,
        "interestExpense": 12.6,
        "interestIncomeExpense": -14.4,
        "minorityInterest": -0.1,
        "netIncome": 157.4,
        "netIncomeAfterTaxes": 157.5,
        "nonRecurringItems": -41.4,
        "period": "2024-06-29",
        "pretaxIncome": 199.8,
        "provisionforIncomeTaxes": 42.3,
        "revenue": 2801.3,
        "sgaExpense": 503.6,
        "totalOperatingExpense": 503.6,
        "totalOtherIncomeExpenseNet": 0.2
      },
      {
        "costOfGoodsSold": 2024.4,
        "dilutedAverageSharesOutstanding": 64,
        "dilutedEPS": 1.6406,
        "ebit": 154.5,
        "grossIncome": 655,
        "interestExpense": 14.9,
        "interestIncomeExpense": -17,
        "minorityInterest": 0,
        "netIncome": 105,
        "netIncomeAfterTaxes": 105,
        "nonRecurringItems": -7.9,
        "period": "2024-03-30",
        "pretaxIncome": 132.8,
        "provisionforIncomeTaxes": 27.8,
        "revenue": 2679.4,
        "sgaExpense": 500.5,
        "totalOperatingExpense": 500.5,
        "totalOtherIncomeExpenseNet": 3.2
      },
      {
        "costOfGoodsSold": 1967.745,
        "dilutedAverageSharesOutstanding": 63.684,
        "dilutedEPS": 2.19,
        "ebit": 179.479,
        "grossIncome": 644.533,
        "interestExpense": 17.376,
        "interestIncomeExpense": -21.403,
        "minorityInterest": 0.06,
        "netIncome": 139.488,
        "netIncomeAfterTaxes": 149.428,
        "nonRecurringItems": -12.381,
        "period": "2023-12-31",
        "pretaxIncome": 153.633,
        "provisionforIncomeTaxes": 4.205,
        "revenue": 2612.278,
        "sgaExpense": 465.054,
        "totalOperatingExpense": 465.054,
        "totalOtherIncomeExpenseNet": 7.938
      },
      {
        "costOfGoodsSold": 2031.5,
        "dilutedAverageSharesOutstanding": 63.7,
        "dilutedEPS": -11.94,
        "ebit": 189.5,
        "grossIncome": 734.7,
        "interestExpense": 20.144,
        "interestIncomeExpense": -20,
        "minorityInterest": -0.2,
        "netIncome": -760.5,
        "netIncomeAfterTaxes": -760.3,
        "nonRecurringItems": -923.2,
        "period": "2023-09-30",
        "pretaxIncome": -745.3,
        "provisionforIncomeTaxes": 15,
        "revenue": 2766.2,
        "sgaExpense": 545.2,
        "totalOperatingExpense": 545.2,
        "totalOtherIncomeExpenseNet": 8.4
      },
      {
        "costOfGoodsSold": 2188.1,
        "dilutedAverageSharesOutstanding": 63.9,
        "dilutedEPS": 1.58,
        "ebit": 194.7,
        "grossIncome": 762.4,
        "interestExpense": 22.857,
        "interestIncomeExpense": -29.7,
        "minorityInterest": 0,
        "netIncome": 101.2,
        "netIncomeAfterTaxes": 101.2,
        "nonRecurringItems": -41.7,
        "period": "2023-07-01",
        "pretaxIncome": 128,
        "provisionforIncomeTaxes": 26.8,
        "revenue": 2950.4,
        "sgaExpense": 567.6,
        "totalOperatingExpense": 567.6,
        "totalOtherIncomeExpenseNet": 4.6
      },
      {
        "costOfGoodsSold": 2133.7,
        "dilutedAverageSharesOutstanding": 63.8,
        "dilutedEPS": 1.26,
        "ebit": 157.9,
        "grossIncome": 672.5,
        "interestExpense": 17.137,
        "interestIncomeExpense": -22.1,
        "minorityInterest": 0,
        "netIncome": 80.2,
        "netIncomeAfterTaxes": 80.3,
        "nonRecurringItems": -32.1,
        "period": "2023-04-01",
        "pretaxIncome": 109.2,
        "provisionforIncomeTaxes": 28.9,
        "revenue": 2806.2,
        "sgaExpense": 514.6,
        "totalOperatingExpense": 514.6,
        "totalOtherIncomeExpenseNet": 5.5
      },
      {
        "costOfGoodsSold": 2060.3,
        "dilutedAverageSharesOutstanding": 64.5,
        "dilutedEPS": 0.52,
        "ebit": 104.5,
        "grossIncome": 590.4,
        "interestExpense": 14.601,
        "interestIncomeExpense": -23.6,
        "minorityInterest": -0.1,
        "netIncome": 33.5,
        "netIncomeAfterTaxes": 33.6,
        "nonRecurringItems": -43.4,
        "period": "2022-12-31",
        "pretaxIncome": 36.5,
        "provisionforIncomeTaxes": 2.9,
        "revenue": 2650.7,
        "sgaExpense": 485.9,
        "totalOperatingExpense": 485.9,
        "totalOtherIncomeExpenseNet": -1.1
      },
      {
        "costOfGoodsSold": 2173.5,
        "dilutedAverageSharesOutstanding": 63.5,
        "dilutedEPS": -8.4,
        "ebit": 224.7,
        "grossIncome": 744.1,
        "interestExpense": 13.797,
        "interestIncomeExpense": -19.8,
        "minorityInterest": -0.3,
        "netIncome": -534,
        "netIncomeAfterTaxes": -533.7,
        "nonRecurringItems": -730.3,
        "period": "2022-10-01",
        "pretaxIncome": -518.1,
        "provisionforIncomeTaxes": 15.6,
        "revenue": 2917.5,
        "sgaExpense": 519.4,
        "totalOperatingExpense": 519.3,
        "totalOtherIncomeExpenseNet": 7.3
      },
      {
        "costOfGoodsSold": 2279.3,
        "dilutedAverageSharesOutstanding": 63.8,
        "dilutedEPS": 4.4,
        "ebit": 369.8,
        "grossIncome": 873.9,
        "interestExpense": 12.059,
        "interestIncomeExpense": -11.8,
        "minorityInterest": -0.1,
        "netIncome": 280.4,
        "netIncomeAfterTaxes": 280.5,
        "nonRecurringItems": -1.9,
        "period": "2022-07-02",
        "pretaxIncome": 358.7,
        "provisionforIncomeTaxes": 78.2,
        "revenue": 3153.2,
        "sgaExpense": 504.1,
        "totalOperatingExpense": 504.1,
        "totalOtherIncomeExpenseNet": 2.5
      },
      {
        "costOfGoodsSold": 2212.6,
        "dilutedAverageSharesOutstanding": 65,
        "dilutedEPS": 3.78,
        "ebit": 322.7,
        "grossIncome": 803.1,
        "interestExpense": 11.481,
        "interestIncomeExpense": -12.2,
        "minorityInterest": -0.1,
        "netIncome": 245.3,
        "netIncomeAfterTaxes": 245.4,
        "nonRecurringItems": -1.9,
        "period": "2022-04-02",
        "pretaxIncome": 306.9,
        "provisionforIncomeTaxes": 61.4,
        "revenue": 3015.7,
        "sgaExpense": 480.3,
        "totalOperatingExpense": 480.4,
        "totalOtherIncomeExpenseNet": -1.7
      },
      {
        "costOfGoodsSold": 2020.9,
        "dilutedAverageSharesOutstanding": 67.5,
        "dilutedEPS": 2.8,
        "ebit": 257.7,
        "grossIncome": 739.8,
        "interestExpense": 12.169,
        "interestIncomeExpense": -15.4,
        "minorityInterest": 0,
        "netIncome": 189.1,
        "netIncomeAfterTaxes": 189.1,
        "nonRecurringItems": -4.6,
        "period": "2021-12-31",
        "pretaxIncome": 239.8,
        "provisionforIncomeTaxes": 50.7,
        "revenue": 2760.7,
        "sgaExpense": 482.1,
        "totalOperatingExpense": 482.1,
        "totalOtherIncomeExpenseNet": 2
      },
      {
        "costOfGoodsSold": 1979.2,
        "dilutedAverageSharesOutstanding": 68.9,
        "dilutedEPS": 3.93,
        "ebit": 361.1,
        "grossIncome": 837.9,
        "interestExpense": 14.948,
        "interestIncomeExpense": -18.1,
        "minorityInterest": -0.2,
        "netIncome": 271,
        "netIncomeAfterTaxes": 271.2,
        "nonRecurringItems": -1.1,
        "period": "2021-10-02",
        "pretaxIncome": 345,
        "provisionforIncomeTaxes": 73.8,
        "revenue": 2817,
        "sgaExpense": 476.8,
        "totalOperatingExpense": 476.7,
        "totalOtherIncomeExpenseNet": 3.1
      },
      {
        "costOfGoodsSold": 2046.3,
        "dilutedAverageSharesOutstanding": 69.7,
        "dilutedEPS": 4.82,
        "ebit": 411.2,
        "grossIncome": 907.5,
        "interestExpense": 14.894,
        "interestIncomeExpense": -16.1,
        "minorityInterest": -0.2,
        "netIncome": 336.3,
        "netIncomeAfterTaxes": 336.5,
        "nonRecurringItems": -6.8,
        "period": "2021-07-03",
        "pretaxIncome": 400.7,
        "provisionforIncomeTaxes": 64.2,
        "revenue": 2953.8,
        "sgaExpense": 496.3,
        "totalOperatingExpense": 496.3,
        "totalOtherIncomeExpenseNet": 12.3
      },
      {
        "costOfGoodsSold": 1867.1,
        "dilutedAverageSharesOutstanding": 70.5,
        "dilutedEPS": 3.36,
        "ebit": 328.7,
        "grossIncome": 802,
        "interestExpense": 15.241,
        "interestIncomeExpense": -13.5,
        "minorityInterest": 0,
        "netIncome": 236.8,
        "netIncomeAfterTaxes": 236.8,
        "nonRecurringItems": -11.2,
        "period": "2021-04-03",
        "pretaxIncome": 304.5,
        "provisionforIncomeTaxes": 67.7,
        "revenue": 2669,
        "sgaExpense": 473.3,
        "totalOperatingExpense": 473.2,
        "totalOtherIncomeExpenseNet": 0.5
      },
      {
        "costOfGoodsSold": 1880.8,
        "dilutedAverageSharesOutstanding": 71.5,
        "dilutedEPS": 3.47,
        "ebit": 308.8,
        "grossIncome": 760.9,
        "interestExpense": 15.898,
        "interestIncomeExpense": -12.4,
        "minorityInterest": -0.2,
        "netIncome": 248.2,
        "netIncomeAfterTaxes": 248.4,
        "nonRecurringItems": -26.1,
        "period": "2020-12-31",
        "pretaxIncome": 273.6,
        "provisionforIncomeTaxes": 25.2,
        "revenue": 2641.8,
        "sgaExpense": 452.1,
        "totalOperatingExpense": 452.1,
        "totalOtherIncomeExpenseNet": 3.2
      },
      {
        "costOfGoodsSold": 1851,
        "dilutedAverageSharesOutstanding": 71.4,
        "dilutedEPS": 2.87,
        "ebit": 289.2,
        "grossIncome": 723.9,
        "interestExpense": 14.854,
        "interestIncomeExpense": -18,
        "minorityInterest": -0.3,
        "netIncome": 205.1,
        "netIncomeAfterTaxes": 205.5,
        "nonRecurringItems": -26.5,
        "period": "2020-09-26",
        "pretaxIncome": 248.6,
        "provisionforIncomeTaxes": 43.2,
        "revenue": 2574.9,
        "sgaExpense": 434.7,
        "totalOperatingExpense": 434.6,
        "totalOtherIncomeExpenseNet": 3.9
      },
      {
        "costOfGoodsSold": 1629.8,
        "dilutedAverageSharesOutstanding": 71.2,
        "dilutedEPS": -0.68,
        "ebit": 2.6,
        "grossIncome": 420,
        "interestExpense": 12.956,
        "interestIncomeExpense": -10.6,
        "minorityInterest": 0.3,
        "netIncome": -48.3,
        "netIncomeAfterTaxes": -48.6,
        "nonRecurringItems": -67.2,
        "period": "2020-06-27",
        "pretaxIncome": -75,
        "provisionforIncomeTaxes": -26.4,
        "revenue": 2049.8,
        "sgaExpense": 417.4,
        "totalOperatingExpense": 417.4,
        "totalOtherIncomeExpenseNet": 0.2
      },
      {
        "costOfGoodsSold": 1657.5,
        "dilutedAverageSharesOutstanding": 71.8,
        "dilutedEPS": 1.54,
        "ebit": 164.2,
        "grossIncome": 628.2,
        "interestExpense": 8.671,
        "interestIncomeExpense": -16.3,
        "minorityInterest": 0,
        "netIncome": 110.5,
        "netIncomeAfterTaxes": 110.5,
        "nonRecurringItems": -12.7,
        "period": "2020-03-28",
        "pretaxIncome": 137.1,
        "provisionforIncomeTaxes": 26.7,
        "revenue": 2285.8,
        "sgaExpense": 464.1,
        "totalOperatingExpense": 464.1,
        "totalOtherIncomeExpenseNet": 1.9
      },
      {
        "costOfGoodsSold": 1759.3,
        "dilutedAverageSharesOutstanding": 71.3,
        "dilutedEPS": 3.71,
        "ebit": 201.9,
        "grossIncome": 665.2,
        "interestExpense": 10.962,
        "interestIncomeExpense": -4,
        "minorityInterest": 0,
        "netIncome": 264.7,
        "netIncomeAfterTaxes": 264.7,
        "nonRecurringItems": -41.8,
        "period": "2019-12-31",
        "pretaxIncome": 153.4,
        "provisionforIncomeTaxes": -111.3,
        "revenue": 2424.5,
        "sgaExpense": 463.3,
        "totalOperatingExpense": 463.3,
        "totalOtherIncomeExpenseNet": -2.7
      },
      {
        "costOfGoodsSold": 1820,
        "dilutedAverageSharesOutstanding": 72.4,
        "dilutedEPS": 2.15,
        "ebit": 249.7,
        "grossIncome": 699.2,
        "interestExpense": 9.316,
        "interestIncomeExpense": -8.1,
        "minorityInterest": -0.2,
        "netIncome": 155.5,
        "netIncomeAfterTaxes": 155.7,
        "nonRecurringItems": -74.7,
        "period": "2019-09-28",
        "pretaxIncome": 178.2,
        "provisionforIncomeTaxes": 22.5,
        "revenue": 2519.2,
        "sgaExpense": 449.4,
        "totalOperatingExpense": 449.4,
        "totalOtherIncomeExpenseNet": 11.3
      },
      {
        "costOfGoodsSold": 1842,
        "dilutedAverageSharesOutstanding": 72.7,
        "dilutedEPS": 2.79,
        "ebit": 275.8,
        "grossIncome": 742.5,
        "interestExpense": 10.521,
        "interestIncomeExpense": -12.6,
        "minorityInterest": -0.2,
        "netIncome": 202.4,
        "netIncomeAfterTaxes": 202.7,
        "nonRecurringItems": -8.9,
        "period": "2019-06-29",
        "pretaxIncome": 259.4,
        "provisionforIncomeTaxes": 56.7,
        "revenue": 2584.5,
        "sgaExpense": 466.7,
        "totalOperatingExpense": 466.7,
        "totalOtherIncomeExpenseNet": 5.1
      },
      {
        "costOfGoodsSold": 1785,
        "dilutedAverageSharesOutstanding": 72.6,
        "dilutedEPS": 1.67,
        "ebit": 201,
        "grossIncome": 657.5,
        "interestExpense": 10.473,
        "interestIncomeExpense": -9.4,
        "minorityInterest": 0,
        "netIncome": 121.6,
        "netIncomeAfterTaxes": 121.6,
        "nonRecurringItems": -35.7,
        "period": "2019-03-30",
        "pretaxIncome": 158.6,
        "provisionforIncomeTaxes": 37,
        "revenue": 2442.5,
        "sgaExpense": 456.5,
        "totalOperatingExpense": 456.5,
        "totalOtherIncomeExpenseNet": 2.6
      },
      {
        "costOfGoodsSold": 1791.9,
        "dilutedAverageSharesOutstanding": 74.2,
        "dilutedEPS": 3.05,
        "ebit": 234,
        "grossIncome": 656.7,
        "interestExpense": 14.411,
        "interestIncomeExpense": -16.8,
        "minorityInterest": -0.7,
        "netIncome": 226.4,
        "netIncomeAfterTaxes": 258.2,
        "nonRecurringItems": -20.6,
        "period": "2018-12-31",
        "pretaxIncome": 198.5,
        "provisionforIncomeTaxes": -59.8,
        "revenue": 2448.6,
        "sgaExpense": 422.7,
        "totalOperatingExpense": 422.7,
        "totalOtherIncomeExpenseNet": 1.9
      },
      {
        "costOfGoodsSold": 1815.2,
        "dilutedAverageSharesOutstanding": 74.9,
        "dilutedEPS": 3.02,
        "ebit": 307.1,
        "grossIncome": 730.6,
        "interestExpense": 9.025,
        "interestIncomeExpense": -11.5,
        "minorityInterest": -1,
        "netIncome": 226.3,
        "netIncomeAfterTaxes": 228,
        "nonRecurringItems": -19.9,
        "period": "2018-09-29",
        "pretaxIncome": 277.5,
        "provisionforIncomeTaxes": 49.5,
        "revenue": 2545.8,
        "sgaExpense": 423.5,
        "totalOperatingExpense": 423.5,
        "totalOtherIncomeExpenseNet": 1.8
      },
      {
        "costOfGoodsSold": 1798.4,
        "dilutedAverageSharesOutstanding": 74.9,
        "dilutedEPS": 2.62,
        "ebit": 342.3,
        "grossIncome": 778.6,
        "interestExpense": 7.863,
        "interestIncomeExpense": -11.2,
        "minorityInterest": -1,
        "netIncome": 196.6,
        "netIncomeAfterTaxes": 197.5,
        "nonRecurringItems": -16,
        "period": "2018-06-30",
        "pretaxIncome": 316.4,
        "provisionforIncomeTaxes": 118.8,
        "revenue": 2577,
        "sgaExpense": 436.2,
        "totalOperatingExpense": 436.3,
        "totalOtherIncomeExpenseNet": 1.2
      },
      {
        "costOfGoodsSold": 1693,
        "dilutedAverageSharesOutstanding": 74.9,
        "dilutedEPS": 2.78,
        "ebit": 290.5,
        "grossIncome": 719.2,
        "interestExpense": 7.528,
        "interestIncomeExpense": -8.9,
        "minorityInterest": -0.5,
        "netIncome": 208.5,
        "netIncomeAfterTaxes": 209.2,
        "nonRecurringItems": -22.1,
        "period": "2018-03-31",
        "pretaxIncome": 256.9,
        "provisionforIncomeTaxes": 47.6,
        "revenue": 2412.2,
        "sgaExpense": 428.7,
        "totalOperatingExpense": 428.7,
        "totalOtherIncomeExpenseNet": -2.6
      },
      {
        "costOfGoodsSold": 1604.1,
        "dilutedAverageSharesOutstanding": 74.9,
        "dilutedEPS": 3.2,
        "ebit": 358.7,
        "grossIncome": 765,
        "interestExpense": 7.257,
        "interestIncomeExpense": -9.4,
        "minorityInterest": -0.5,
        "netIncome": 240.4,
        "netIncomeAfterTaxes": 286.1,
        "nonRecurringItems": -15.2,
        "period": "2017-12-31",
        "pretaxIncome": 332.5,
        "provisionforIncomeTaxes": 46.3,
        "revenue": 2369.1,
        "sgaExpense": 406.3,
        "totalOperatingExpense": 406.3,
        "totalOtherIncomeExpenseNet": -1.6
      },
      {
        "costOfGoodsSold": 1656.4,
        "dilutedAverageSharesOutstanding": 74.8,
        "dilutedEPS": 3.61,
        "ebit": 394,
        "grossIncome": 792.1,
        "interestExpense": 7.259,
        "interestIncomeExpense": -10.8,
        "minorityInterest": -1,
        "netIncome": 270,
        "netIncomeAfterTaxes": 271,
        "nonRecurringItems": -13.9,
        "period": "2017-09-30",
        "pretaxIncome": 371.6,
        "provisionforIncomeTaxes": 100.5,
        "revenue": 2448.5,
        "sgaExpense": 398.2,
        "totalOperatingExpense": 398.1,
        "totalOtherIncomeExpenseNet": 2.3
      },
      {
        "costOfGoodsSold": 1660.9,
        "dilutedAverageSharesOutstanding": 74.8,
        "dilutedEPS": 3.48,
        "ebit": 371.7,
        "grossIncome": 792.2,
        "interestExpense": 8.393,
        "interestIncomeExpense": -13.4,
        "minorityInterest": -1.1,
        "netIncome": 260.7,
        "netIncomeAfterTaxes": 261.7,
        "nonRecurringItems": -15.9,
        "period": "2017-07-01",
        "pretaxIncome": 344.4,
        "provisionforIncomeTaxes": 82.7,
        "revenue": 2453,
        "sgaExpense": 420.5,
        "totalOperatingExpense": 420.4,
        "totalOtherIncomeExpenseNet": 2
      },
      {
        "costOfGoodsSold": 1537.5,
        "dilutedAverageSharesOutstanding": 74.8,
        "dilutedEPS": 2.68,
        "ebit": 278.8,
        "grossIncome": 683.2,
        "interestExpense": 8.202,
        "interestIncomeExpense": -5.9,
        "minorityInterest": -0.5,
        "netIncome": 200.6,
        "netIncomeAfterTaxes": 201.1,
        "nonRecurringItems": -4,
        "period": "2017-04-01",
        "pretaxIncome": 269.4,
        "provisionforIncomeTaxes": 68.4,
        "revenue": 2220.6,
        "sgaExpense": 404.4,
        "totalOperatingExpense": 404.4,
        "totalOtherIncomeExpenseNet": 0.5
      },
      {
        "costOfGoodsSold": 1479.3,
        "dilutedAverageSharesOutstanding": 74.6,
        "dilutedEPS": 3.13,
        "ebit": 321.5,
        "grossIncome": 703.2,
        "interestExpense": 8.485,
        "interestIncomeExpense": -5.4,
        "minorityInterest": -0.8,
        "netIncome": 233.7,
        "netIncomeAfterTaxes": 234.5,
        "nonRecurringItems": -16.2,
        "period": "2016-12-31",
        "pretaxIncome": 300,
        "provisionforIncomeTaxes": 65.5,
        "revenue": 2182.6,
        "sgaExpense": 381.7,
        "totalOperatingExpense": 381.8,
        "totalOtherIncomeExpenseNet": 0.1
      },
      {
        "costOfGoodsSold": 1550.1,
        "dilutedAverageSharesOutstanding": 74.6,
        "dilutedEPS": 3.62,
        "ebit": 399.6,
        "grossIncome": 744,
        "interestExpense": 9.41,
        "interestIncomeExpense": -10.2,
        "minorityInterest": -0.9,
        "netIncome": 269.8,
        "netIncomeAfterTaxes": 270.8,
        "nonRecurringItems": -21.3,
        "period": "2016-10-01",
        "pretaxIncome": 365.1,
        "provisionforIncomeTaxes": 94.2,
        "revenue": 2294.1,
        "sgaExpense": 344.4,
        "totalOperatingExpense": 344.4,
        "totalOtherIncomeExpenseNet": -3
      },
      {
        "costOfGoodsSold": 1552,
        "dilutedAverageSharesOutstanding": 74.6,
        "dilutedEPS": 3.42,
        "ebit": 356.7,
        "grossIncome": 758.4,
        "interestExpense": 10.351,
        "interestIncomeExpense": -8.7,
        "minorityInterest": -0.9,
        "netIncome": 255.2,
        "netIncomeAfterTaxes": 256.1,
        "nonRecurringItems": -6,
        "period": "2016-07-02",
        "pretaxIncome": 346.1,
        "provisionforIncomeTaxes": 90,
        "revenue": 2310.3,
        "sgaExpense": 401.7,
        "totalOperatingExpense": 401.6,
        "totalOtherIncomeExpenseNet": 4.1
      },
      {
        "costOfGoodsSold": 1526.5,
        "dilutedAverageSharesOutstanding": 74.5,
        "dilutedEPS": 2.3,
        "ebit": 252.7,
        "grossIncome": 645.5,
        "interestExpense": 12.301,
        "interestIncomeExpense": -17.3,
        "minorityInterest": -0.6,
        "netIncome": 171.5,
        "netIncomeAfterTaxes": 172.1,
        "nonRecurringItems": -7,
        "period": "2016-04-02",
        "pretaxIncome": 229.9,
        "provisionforIncomeTaxes": 57.8,
        "revenue": 2172,
        "sgaExpense": 392.8,
        "totalOperatingExpense": 392.9,
        "totalOtherIncomeExpenseNet": 1.6
      },
      {
        "costOfGoodsSold": 1359.8,
        "dilutedAverageSharesOutstanding": 74.5,
        "dilutedEPS": 2.57,
        "ebit": 280,
        "grossIncome": 638.2,
        "interestExpense": 18.48,
        "interestIncomeExpense": -19.1,
        "minorityInterest": -0.4,
        "netIncome": 191.6,
        "netIncomeAfterTaxes": 192,
        "nonRecurringItems": -30.8,
        "period": "2015-12-31",
        "pretaxIncome": 219.2,
        "provisionforIncomeTaxes": 27.2,
        "revenue": 1998,
        "sgaExpense": 358.1,
        "totalOperatingExpense": 358.2,
        "totalOtherIncomeExpenseNet": -10.9
      },
      {
        "costOfGoodsSold": 1482,
        "dilutedAverageSharesOutstanding": 74.4,
        "dilutedEPS": 2.89,
        "ebit": 301.5,
        "grossIncome": 668.7,
        "interestExpense": 19.319,
        "interestIncomeExpense": -24.9,
        "minorityInterest": -0.8,
        "netIncome": 214.9,
        "netIncomeAfterTaxes": 215.7,
        "nonRecurringItems": -12.8,
        "period": "2015-10-03",
        "pretaxIncome": 265.2,
        "provisionforIncomeTaxes": 49.5,
        "revenue": 2150.7,
        "sgaExpense": 367.2,
        "totalOperatingExpense": 367.1,
        "totalOtherIncomeExpenseNet": 1.4
      }
    ],
    "symbol": "MHK"
  }
}