{
  "symbol": "MCHP",
  "statement": "ic",
  "frequency": "quarterly",
  "timestamp": "2025-09-19T14:04:00.389616",
  "data": {
    "financials": [
      {
        "costOfGoodsSold": 498.8,
        "depreciationAmortization": 107.6,
        "dilutedAverageSharesOutstanding": 539.2,
        "dilutedEPS": -0.0861,
        "ebit": 54.3,
        "grossIncome": 576.7,
        "interestExpense": 57.4,
        "interestIncomeExpense": -52.5,
        "netIncome": -46.4,
        "netIncomeAfterTaxes": -18.6,
        "nonRecurringItems": -22.2,
        "period": "2025-06-30",
        "pretaxIncome": -15.8,
        "provisionforIncomeTaxes": 2.8,
        "researchDevelopment": 255.5,
        "revenue": 1075.5,
        "sgaExpense": 159.3,
        "totalOperatingExpense": 522.4,
        "totalOtherIncomeExpenseNet": 4.6
      },
      {
        "costOfGoodsSold": 469.4,
        "depreciationAmortization": 122.6,
        "dilutedAverageSharesOutstanding": 538.5,
        "dilutedEPS": -0.2953,
        "ebit": -28.7,
        "grossIncome": 501.1,
        "interestExpense": 69.6,
        "interestIncomeExpense": -66.9,
        "netIncome": -159,
        "netIncomeAfterTaxes": -154.6,
        "nonRecurringItems": -73,
        "period": "2025-03-31",
        "pretaxIncome": -168.3,
        "provisionforIncomeTaxes": -13.7,
        "researchDevelopment": 255.2,
        "revenue": 970.5,
        "sgaExpense": 152,
        "totalOperatingExpense": 529.8,
        "totalOtherIncomeExpenseNet": 0.3
      },
      {
        "costOfGoodsSold": 464.6,
        "depreciationAmortization": 122.6,
        "dilutedAverageSharesOutstanding": 537.4,
        "dilutedEPS": -0.0997,
        "ebit": 34.4,
        "grossIncome": 561.4,
        "interestExpense": 68.7,
        "interestIncomeExpense": -67,
        "netIncome": -53.6,
        "netIncomeAfterTaxes": -53.6,
        "nonRecurringItems": -3.8,
        "period": "2024-12-31",
        "pretaxIncome": -46.1,
        "provisionforIncomeTaxes": 7.5,
        "researchDevelopment": 246.2,
        "revenue": 1026,
        "sgaExpense": 158.2,
        "totalOperatingExpense": 527,
        "totalOtherIncomeExpenseNet": -9.7
      },
      {
        "costOfGoodsSold": 495.3,
        "depreciationAmortization": 122.7,
        "dilutedAverageSharesOutstanding": 542,
        "dilutedEPS": 0.1447,
        "ebit": 148.1,
        "grossIncome": 668.5,
        "interestExpense": 59.1,
        "interestIncomeExpense": -57.1,
        "netIncome": 78.4,
        "netIncomeAfterTaxes": 78.4,
        "nonRecurringItems": -1.5,
        "period": "2024-09-30",
        "pretaxIncome": 91.5,
        "provisionforIncomeTaxes": 13.1,
        "researchDevelopment": 240.7,
        "revenue": 1163.8,
        "sgaExpense": 157,
        "totalOperatingExpense": 520.4,
        "totalOtherIncomeExpenseNet": 2
      },
      {
        "costOfGoodsSold": 504.4,
        "depreciationAmortization": 123,
        "dilutedAverageSharesOutstanding": 542.8,
        "dilutedEPS": 0.2382,
        "ebit": 221.7,
        "grossIncome": 736.9,
        "interestExpense": 61.8,
        "interestIncomeExpense": -59,
        "netIncome": 129.3,
        "netIncomeAfterTaxes": 129.3,
        "nonRecurringItems": -2.6,
        "period": "2024-06-30",
        "pretaxIncome": 161.8,
        "provisionforIncomeTaxes": 32.5,
        "researchDevelopment": 241.7,
        "revenue": 1241.3,
        "sgaExpense": 150.5,
        "totalOperatingExpense": 515.2,
        "totalOtherIncomeExpenseNet": 1.7
      },
      {
        "costOfGoodsSold": 535.9,
        "depreciationAmortization": 151.2,
        "dilutedAverageSharesOutstanding": 545,
        "dilutedEPS": 0.2839,
        "ebit": 236.6,
        "grossIncome": 789.9,
        "interestExpense": 55.1,
        "interestIncomeExpense": -52.6,
        "netIncome": 154.7,
        "netIncomeAfterTaxes": 154.7,
        "nonRecurringItems": 16.9,
        "period": "2024-03-31",
        "pretaxIncome": 199.7,
        "provisionforIncomeTaxes": 45,
        "researchDevelopment": 240.3,
        "revenue": 1325.8,
        "sgaExpense": 161.8,
        "totalOperatingExpense": 553.3,
        "totalOtherIncomeExpenseNet": -1.2
      },
      {
        "costOfGoodsSold": 645.7,
        "depreciationAmortization": 151.3,
        "dilutedAverageSharesOutstanding": 546.5,
        "dilutedEPS": 0.7671,
        "ebit": 530.5,
        "grossIncome": 1120,
        "interestExpense": 49.2,
        "interestIncomeExpense": -47.2,
        "netIncome": 419.2,
        "netIncomeAfterTaxes": 419.2,
        "nonRecurringItems": -1.1,
        "period": "2023-12-31",
        "pretaxIncome": 484.3,
        "provisionforIncomeTaxes": 65.1,
        "researchDevelopment": 266,
        "revenue": 1765.7,
        "sgaExpense": 172.2,
        "totalOperatingExpense": 589.5,
        "totalOtherIncomeExpenseNet": 2.1
      },
      {
        "costOfGoodsSold": 726.9,
        "depreciationAmortization": 151.4,
        "dilutedAverageSharesOutstanding": 549.2,
        "dilutedEPS": 1.21,
        "ebit": 886.8,
        "grossIncome": 1527.4,
        "interestExpense": 46.8,
        "interestIncomeExpense": -45.2,
        "netIncome": 666.6,
        "netIncomeAfterTaxes": 666.6,
        "nonRecurringItems": -4.9,
        "period": "2023-09-30",
        "pretaxIncome": 833.6,
        "provisionforIncomeTaxes": 167,
        "researchDevelopment": 292.6,
        "revenue": 2254.3,
        "sgaExpense": 196.6,
        "totalOperatingExpense": 640.6,
        "totalOtherIncomeExpenseNet": -3.1
      },
      {
        "costOfGoodsSold": 730.2,
        "depreciationAmortization": 151.5,
        "dilutedAverageSharesOutstanding": 551.4,
        "dilutedEPS": 1.21,
        "ebit": 904.8,
        "grossIncome": 1558.4,
        "interestExpense": 47.2,
        "interestIncomeExpense": -45.7,
        "netIncome": 666.4,
        "netIncomeAfterTaxes": 666.4,
        "nonRecurringItems": -10.8,
        "period": "2023-06-30",
        "pretaxIncome": 848.3,
        "provisionforIncomeTaxes": 181.9,
        "researchDevelopment": 298.5,
        "revenue": 2288.6,
        "sgaExpense": 203.6,
        "totalOperatingExpense": 653.6,
        "totalOtherIncomeExpenseNet": 0
      },
      {
        "costOfGoodsSold": 713.4,
        "depreciationAmortization": 167.4,
        "dilutedAverageSharesOutstanding": 554,
        "dilutedEPS": 1.09,
        "ebit": 850.1,
        "grossIncome": 1519.3,
        "interestExpense": 47.5,
        "interestIncomeExpense": -46.5,
        "netIncome": 604,
        "netIncomeAfterTaxes": 604,
        "nonRecurringItems": -2.1,
        "period": "2023-03-31",
        "pretaxIncome": 801.8,
        "provisionforIncomeTaxes": 197.8,
        "researchDevelopment": 298.3,
        "revenue": 2232.7,
        "sgaExpense": 203.5,
        "totalOperatingExpense": 669.2,
        "totalOtherIncomeExpenseNet": 0.3
      },
      {
        "costOfGoodsSold": 698.4,
        "depreciationAmortization": 167.4,
        "dilutedAverageSharesOutstanding": 555.4,
        "dilutedEPS": 1.04,
        "ebit": 818.1,
        "grossIncome": 1470.8,
        "interestExpense": 52.8,
        "interestIncomeExpense": -52,
        "netIncome": 580.3,
        "netIncomeAfterTaxes": 580.3,
        "nonRecurringItems": -6.5,
        "period": "2022-12-31",
        "pretaxIncome": 762.2,
        "provisionforIncomeTaxes": 181.9,
        "researchDevelopment": 282.4,
        "revenue": 2169.2,
        "sgaExpense": 202.9,
        "totalOperatingExpense": 652.7,
        "totalOtherIncomeExpenseNet": 2.6
      },
      {
        "costOfGoodsSold": 675.3,
        "depreciationAmortization": 167.5,
        "dilutedAverageSharesOutstanding": 558.3,
        "dilutedEPS": 0.98,
        "ebit": 759.4,
        "grossIncome": 1397.9,
        "interestExpense": 53.3,
        "interestIncomeExpense": -53.1,
        "netIncome": 546.2,
        "netIncomeAfterTaxes": 546.2,
        "nonRecurringItems": -6.4,
        "period": "2022-09-30",
        "pretaxIncome": 699.1,
        "provisionforIncomeTaxes": 152.9,
        "researchDevelopment": 268.6,
        "revenue": 2073.2,
        "sgaExpense": 202.4,
        "totalOperatingExpense": 638.5,
        "totalOtherIncomeExpenseNet": -0.8
      },
      {
        "costOfGoodsSold": 653.7,
        "depreciationAmortization": 167.6,
        "dilutedAverageSharesOutstanding": 561.5,
        "dilutedEPS": 0.9,
        "ebit": 684.4,
        "grossIncome": 1309.9,
        "interestExpense": 50.3,
        "interestIncomeExpense": -50.2,
        "netIncome": 507.2,
        "netIncomeAfterTaxes": 507.2,
        "nonRecurringItems": 10.7,
        "period": "2022-06-30",
        "pretaxIncome": 646.6,
        "provisionforIncomeTaxes": 139.4,
        "researchDevelopment": 269,
        "revenue": 1963.6,
        "sgaExpense": 188.9,
        "totalOperatingExpense": 625.5,
        "totalOtherIncomeExpenseNet": 1.7
      },
      {
        "costOfGoodsSold": 623.8,
        "depreciationAmortization": 215.5,
        "dilutedAverageSharesOutstanding": 565.3,
        "dilutedEPS": 0.77,
        "ebit": 558.6,
        "grossIncome": 1220.4,
        "interestExpense": 57.8,
        "interestIncomeExpense": -57.8,
        "netIncome": 437.9,
        "netIncomeAfterTaxes": 437.9,
        "nonRecurringItems": -20.9,
        "period": "2022-03-31",
        "pretaxIncome": 479.2,
        "provisionforIncomeTaxes": 41.3,
        "researchDevelopment": 259.1,
        "revenue": 1844.2,
        "sgaExpense": 187.2,
        "totalOperatingExpense": 661.8,
        "totalOtherIncomeExpenseNet": -0.7
      },
      {
        "costOfGoodsSold": 604.2,
        "depreciationAmortization": 215.7,
        "dilutedAverageSharesOutstanding": 567.3,
        "dilutedEPS": 0.62,
        "ebit": 514.7,
        "grossIncome": 1153.3,
        "interestExpense": 62.1,
        "interestIncomeExpense": -62,
        "netIncome": 352.8,
        "netIncomeAfterTaxes": 352.8,
        "nonRecurringItems": -15.8,
        "period": "2021-12-31",
        "pretaxIncome": 441.5,
        "provisionforIncomeTaxes": 88.7,
        "researchDevelopment": 245.4,
        "revenue": 1757.5,
        "sgaExpense": 177.5,
        "totalOperatingExpense": 638.6,
        "totalOtherIncomeExpenseNet": 4.6
      },
      {
        "costOfGoodsSold": 581.5,
        "depreciationAmortization": 215.7,
        "dilutedAverageSharesOutstanding": 565.9,
        "dilutedEPS": 0.43,
        "ebit": 426.5,
        "grossIncome": 1068.3,
        "interestExpense": 64.8,
        "interestIncomeExpense": -64.7,
        "netIncome": 242,
        "netIncomeAfterTaxes": 242,
        "nonRecurringItems": -95.4,
        "period": "2021-09-30",
        "pretaxIncome": 264.8,
        "provisionforIncomeTaxes": 22.8,
        "researchDevelopment": 246.2,
        "revenue": 1649.8,
        "sgaExpense": 179.9,
        "totalOperatingExpense": 641.8,
        "totalOtherIncomeExpenseNet": -1.6
      },
      {
        "costOfGoodsSold": 561.8,
        "depreciationAmortization": 215.6,
        "dilutedAverageSharesOutstanding": 565.2,
        "dilutedEPS": 0.45,
        "ebit": 379.3,
        "grossIncome": 1007.6,
        "interestExpense": 72.3,
        "interestIncomeExpense": -72,
        "netIncome": 252.8,
        "netIncomeAfterTaxes": 252.8,
        "nonRecurringItems": -10.8,
        "period": "2021-06-30",
        "pretaxIncome": 297,
        "provisionforIncomeTaxes": 44.2,
        "researchDevelopment": 238.4,
        "revenue": 1569.4,
        "sgaExpense": 174.3,
        "totalOperatingExpense": 628.3,
        "totalOtherIncomeExpenseNet": 0.5
      },
      {
        "costOfGoodsSold": 540.3,
        "depreciationAmortization": 232.4,
        "dilutedAverageSharesOutstanding": 562.8,
        "dilutedEPS": 0.21,
        "ebit": 300.8,
        "grossIncome": 926.8,
        "interestExpense": 78,
        "interestIncomeExpense": -77.1,
        "netIncome": 116,
        "netIncomeAfterTaxes": 116,
        "nonRecurringItems": -78.4,
        "period": "2021-03-31",
        "pretaxIncome": 144.4,
        "provisionforIncomeTaxes": 28.4,
        "researchDevelopment": 228.5,
        "revenue": 1467.1,
        "sgaExpense": 165.1,
        "totalOperatingExpense": 626,
        "totalOtherIncomeExpenseNet": -0.9
      },
      {
        "costOfGoodsSold": 506.3,
        "depreciationAmortization": 231.6,
        "dilutedAverageSharesOutstanding": 550.8,
        "dilutedEPS": 0.07,
        "ebit": 249.9,
        "grossIncome": 845.8,
        "interestExpense": 86.5,
        "interestIncomeExpense": -86.3,
        "netIncome": 36.2,
        "netIncomeAfterTaxes": 36.2,
        "nonRecurringItems": -146.4,
        "period": "2020-12-31",
        "pretaxIncome": 16.8,
        "provisionforIncomeTaxes": -19.4,
        "researchDevelopment": 210.1,
        "revenue": 1352.1,
        "sgaExpense": 154.2,
        "totalOperatingExpense": 595.9,
        "totalOtherIncomeExpenseNet": -0.4
      },
      {
        "costOfGoodsSold": 501.6,
        "depreciationAmortization": 232.9,
        "dilutedAverageSharesOutstanding": 535.4,
        "dilutedEPS": 0.14,
        "ebit": 230.5,
        "grossIncome": 807.9,
        "interestExpense": 93.3,
        "interestIncomeExpense": -93,
        "netIncome": 73.6,
        "netIncomeAfterTaxes": 73.6,
        "nonRecurringItems": -49.4,
        "period": "2020-09-30",
        "pretaxIncome": 88.8,
        "provisionforIncomeTaxes": 15.2,
        "researchDevelopment": 199.8,
        "revenue": 1309.5,
        "sgaExpense": 144.7,
        "totalOperatingExpense": 577.4,
        "totalOtherIncomeExpenseNet": 0.7
      },
      {
        "costOfGoodsSold": 511.4,
        "depreciationAmortization": 235.4,
        "dilutedAverageSharesOutstanding": 515.6,
        "dilutedEPS": 0.24,
        "ebit": 218.6,
        "grossIncome": 798.3,
        "interestExpense": 99.1,
        "interestIncomeExpense": -98.8,
        "netIncome": 123.6,
        "netIncomeAfterTaxes": 123.6,
        "nonRecurringItems": -27.1,
        "period": "2020-06-30",
        "pretaxIncome": 89.5,
        "provisionforIncomeTaxes": -34.1,
        "researchDevelopment": 198,
        "revenue": 1309.7,
        "sgaExpense": 146.3,
        "totalOperatingExpense": 579.7,
        "totalOtherIncomeExpenseNet": -3.2
      },
      {
        "costOfGoodsSold": 512.5,
        "depreciationAmortization": 248.5,
        "dilutedAverageSharesOutstanding": 514.8,
        "dilutedEPS": 0.19,
        "ebit": 177.9,
        "grossIncome": 813.9,
        "interestExpense": 115.4,
        "interestIncomeExpense": -114.9,
        "netIncome": 99.9,
        "netIncomeAfterTaxes": 99.9,
        "nonRecurringItems": -20.6,
        "period": "2020-03-31",
        "pretaxIncome": 45.8,
        "provisionforIncomeTaxes": -54.1,
        "researchDevelopment": 221.8,
        "revenue": 1326.4,
        "sgaExpense": 165.7,
        "totalOperatingExpense": 636,
        "totalOtherIncomeExpenseNet": 3.4
      },
      {
        "costOfGoodsSold": 501.9,
        "depreciationAmortization": 248.7,
        "dilutedAverageSharesOutstanding": 516.6,
        "dilutedEPS": 0.6,
        "ebit": 149,
        "grossIncome": 785.5,
        "interestExpense": 119.7,
        "interestIncomeExpense": -119.1,
        "netIncome": 311.1,
        "netIncomeAfterTaxes": 311.1,
        "nonRecurringItems": -17.8,
        "period": "2019-12-31",
        "pretaxIncome": 10.6,
        "provisionforIncomeTaxes": -300.5,
        "researchDevelopment": 217.1,
        "revenue": 1287.4,
        "sgaExpense": 170.7,
        "totalOperatingExpense": 636.5,
        "totalOtherIncomeExpenseNet": -1.5
      },
      {
        "costOfGoodsSold": 510.3,
        "depreciationAmortization": 248.2,
        "dilutedAverageSharesOutstanding": 510.6,
        "dilutedEPS": 0.21,
        "ebit": 187.2,
        "grossIncome": 827.5,
        "interestExpense": 129.6,
        "interestIncomeExpense": -128.6,
        "netIncome": 108.9,
        "netIncomeAfterTaxes": 108.9,
        "nonRecurringItems": -3.7,
        "period": "2019-09-30",
        "pretaxIncome": 53.5,
        "provisionforIncomeTaxes": -55.4,
        "researchDevelopment": 219.8,
        "revenue": 1337.8,
        "sgaExpense": 172.3,
        "totalOperatingExpense": 640.3,
        "totalOtherIncomeExpenseNet": -1.4
      },
      {
        "costOfGoodsSold": 507.4,
        "depreciationAmortization": 248.5,
        "dilutedAverageSharesOutstanding": 507.8,
        "dilutedEPS": 0.1,
        "ebit": 179.7,
        "grossIncome": 815.2,
        "interestExpense": 132.6,
        "interestIncomeExpense": -131.9,
        "netIncome": 50.7,
        "netIncomeAfterTaxes": 50.7,
        "nonRecurringItems": -10,
        "period": "2019-06-30",
        "pretaxIncome": 40.5,
        "provisionforIncomeTaxes": -10.2,
        "researchDevelopment": 219.1,
        "revenue": 1322.6,
        "sgaExpense": 167.9,
        "totalOperatingExpense": 635.5,
        "totalOtherIncomeExpenseNet": 2.7
      },
      {
        "costOfGoodsSold": 509.4,
        "depreciationAmortization": 176.9,
        "dilutedAverageSharesOutstanding": 502.2,
        "dilutedEPS": 0.35,
        "ebit": 261.4,
        "grossIncome": 820.4,
        "interestExpense": 136.2,
        "interestIncomeExpense": -135.4,
        "netIncome": 174.7,
        "netIncomeAfterTaxes": 174.7,
        "nonRecurringItems": 15,
        "period": "2019-03-31",
        "pretaxIncome": 151.2,
        "provisionforIncomeTaxes": -23.5,
        "researchDevelopment": 214.7,
        "revenue": 1329.8,
        "sgaExpense": 167.4,
        "totalOperatingExpense": 559,
        "totalOtherIncomeExpenseNet": 10.2
      },
      {
        "costOfGoodsSold": 595.1,
        "depreciationAmortization": 193.7,
        "dilutedAverageSharesOutstanding": 489.2,
        "dilutedEPS": 0.1,
        "ebit": 193.4,
        "grossIncome": 779.6,
        "interestExpense": 137.6,
        "interestIncomeExpense": -137,
        "netIncome": 49.2,
        "netIncomeAfterTaxes": 62.3,
        "nonRecurringItems": 1.1,
        "period": "2018-12-31",
        "pretaxIncome": 55,
        "provisionforIncomeTaxes": -7.3,
        "researchDevelopment": 217.7,
        "revenue": 1374.7,
        "sgaExpense": 174.8,
        "totalOperatingExpense": 586.2,
        "totalOtherIncomeExpenseNet": -2.5
      },
      {
        "costOfGoodsSold": 743.2,
        "depreciationAmortization": 169.9,
        "dilutedAverageSharesOutstanding": 503.6,
        "dilutedEPS": 0.19,
        "ebit": 120.9,
        "grossIncome": 689.3,
        "interestExpense": 138.6,
        "interestIncomeExpense": -137.8,
        "netIncome": 96.3,
        "netIncomeAfterTaxes": 96.3,
        "nonRecurringItems": -22.3,
        "period": "2018-09-30",
        "pretaxIncome": -39.4,
        "provisionforIncomeTaxes": -135.7,
        "researchDevelopment": 221.9,
        "revenue": 1432.5,
        "sgaExpense": 176.6,
        "totalOperatingExpense": 568.4,
        "totalOtherIncomeExpenseNet": -0.2
      },
      {
        "costOfGoodsSold": 570.5,
        "depreciationAmortization": 133.7,
        "dilutedAverageSharesOutstanding": 504.4,
        "dilutedEPS": 0.07,
        "ebit": 172.4,
        "grossIncome": 642,
        "interestExpense": 90.4,
        "interestIncomeExpense": -84.8,
        "netIncome": 35.7,
        "netIncomeAfterTaxes": 35.7,
        "nonRecurringItems": -40.1,
        "period": "2018-06-30",
        "pretaxIncome": 37.7,
        "provisionforIncomeTaxes": 2,
        "researchDevelopment": 171.9,
        "revenue": 1212.5,
        "sgaExpense": 164,
        "totalOperatingExpense": 469.6,
        "totalOtherIncomeExpenseNet": -9.8
      },
      {
        "costOfGoodsSold": 387.2,
        "depreciationAmortization": 122.7,
        "dilutedAverageSharesOutstanding": 503.1,
        "dilutedEPS": 0.29,
        "ebit": 244.2,
        "grossIncome": 615.1,
        "interestExpense": 50.307,
        "interestIncomeExpense": -42.8,
        "minorityInterest": 0,
        "netIncome": 146.7,
        "netIncomeAfterTaxes": 41.5,
        "nonRecurringItems": -0.2,
        "period": "2018-03-31",
        "pretaxIncome": 188.2,
        "provisionforIncomeTaxes": 146.7,
        "researchDevelopment": 133.6,
        "revenue": 1002.3,
        "sgaExpense": 114.5,
        "totalOperatingExpense": 370.9,
        "totalOtherIncomeExpenseNet": -13
      },
      {
        "costOfGoodsSold": 387.1,
        "depreciationAmortization": 121,
        "dilutedAverageSharesOutstanding": 468.2,
        "dilutedEPS": -0.53,
        "ebit": 245.4,
        "grossIncome": 607.1,
        "interestExpense": 49.744,
        "interestIncomeExpense": -43.5,
        "netIncome": -251.1,
        "netIncomeAfterTaxes": 371.1,
        "nonRecurringItems": -2.3,
        "period": "2017-12-31",
        "pretaxIncome": 196.7,
        "provisionforIncomeTaxes": -174.5,
        "researchDevelopment": 131.6,
        "revenue": 994.2,
        "sgaExpense": 109.1,
        "totalOperatingExpense": 361.7,
        "totalOtherIncomeExpenseNet": -3
      },
      {
        "costOfGoodsSold": 398,
        "depreciationAmortization": 120.9,
        "dilutedAverageSharesOutstanding": 489.5,
        "dilutedEPS": 0.39,
        "ebit": 245.3,
        "grossIncome": 614.1,
        "interestExpense": 49.459,
        "interestIncomeExpense": -44.9,
        "netIncome": 189.2,
        "netIncomeAfterTaxes": 189.2,
        "nonRecurringItems": -19.9,
        "period": "2017-09-30",
        "pretaxIncome": 186.2,
        "provisionforIncomeTaxes": -2.9,
        "researchDevelopment": 133.6,
        "revenue": 1012.1,
        "sgaExpense": 114.3,
        "totalOperatingExpense": 368.8,
        "totalOtherIncomeExpenseNet": 5.7
      },
      {
        "costOfGoodsSold": 387.7,
        "depreciationAmortization": 120.8,
        "dilutedAverageSharesOutstanding": 485.8,
        "dilutedEPS": 0.35,
        "ebit": 218.9,
        "grossIncome": 584.4,
        "interestExpense": 49.49,
        "interestIncomeExpense": -46,
        "netIncome": 170.6,
        "netIncomeAfterTaxes": 170.6,
        "nonRecurringItems": -11.1,
        "period": "2017-06-30",
        "pretaxIncome": 166.2,
        "provisionforIncomeTaxes": -4.4,
        "researchDevelopment": 130.5,
        "revenue": 972.1,
        "sgaExpense": 114.3,
        "totalOperatingExpense": 365.6,
        "totalOtherIncomeExpenseNet": 4.5
      },
      {
        "costOfGoodsSold": 369.8,
        "depreciationAmortization": 94.3,
        "dilutedAverageSharesOutstanding": 478.3,
        "dilutedEPS": 0.29,
        "ebit": 200.2,
        "grossIncome": 532.8,
        "interestExpense": 41.661,
        "interestIncomeExpense": -40.4,
        "minorityInterest": 0,
        "netIncome": 136.9,
        "netIncomeAfterTaxes": 136.9,
        "nonRecurringItems": -90,
        "period": "2017-03-31",
        "pretaxIncome": 71.8,
        "provisionforIncomeTaxes": -65.1,
        "researchDevelopment": 127.2,
        "revenue": 902.7,
        "sgaExpense": 111.2,
        "totalOperatingExpense": 332.7,
        "totalOtherIncomeExpenseNet": 2
      },
      {
        "costOfGoodsSold": 369.1,
        "depreciationAmortization": 82.8,
        "dilutedAverageSharesOutstanding": 470.8,
        "dilutedEPS": 0.23,
        "ebit": 139,
        "grossIncome": 465.3,
        "interestExpense": 35.143,
        "interestIncomeExpense": -34.7,
        "minorityInterest": 0,
        "netIncome": 107.2,
        "netIncomeAfterTaxes": 107.3,
        "nonRecurringItems": -20.9,
        "period": "2016-12-31",
        "pretaxIncome": 83.5,
        "provisionforIncomeTaxes": -23.8,
        "researchDevelopment": 132.4,
        "revenue": 834.4,
        "sgaExpense": 111,
        "totalOperatingExpense": 326.3,
        "totalOtherIncomeExpenseNet": 0.1
      },
      {
        "costOfGoodsSold": 460.7,
        "depreciationAmortization": 80.4,
        "dilutedAverageSharesOutstanding": 467.9,
        "dilutedEPS": 0.08,
        "ebit": 72.3,
        "grossIncome": 410.6,
        "interestExpense": 35.126,
        "interestIncomeExpense": -34.7,
        "minorityInterest": 0,
        "netIncome": 33.9,
        "netIncomeAfterTaxes": 35.6,
        "nonRecurringItems": -9.5,
        "period": "2016-09-30",
        "pretaxIncome": 25.2,
        "provisionforIncomeTaxes": -10.3,
        "researchDevelopment": 137.8,
        "revenue": 871.4,
        "sgaExpense": 120.1,
        "totalOperatingExpense": 338.4,
        "totalOtherIncomeExpenseNet": -2.8
      },
      {
        "costOfGoodsSold": 450.9,
        "depreciationAmortization": 80.2,
        "dilutedAverageSharesOutstanding": 428.7,
        "dilutedEPS": -0.25,
        "ebit": -37.1,
        "grossIncome": 348.5,
        "interestExpense": 34.416,
        "interestIncomeExpense": -33.7,
        "minorityInterest": 0,
        "netIncome": -113.4,
        "netIncomeAfterTaxes": -109.2,
        "nonRecurringItems": -22,
        "period": "2016-06-30",
        "pretaxIncome": -90.7,
        "provisionforIncomeTaxes": 18.5,
        "researchDevelopment": 147.9,
        "revenue": 799.4,
        "sgaExpense": 157.5,
        "totalOperatingExpense": 385.6,
        "totalOtherIncomeExpenseNet": 2
      },
      {
        "costOfGoodsSold": 254.9,
        "depreciationAmortization": 48.1,
        "dilutedAverageSharesOutstanding": 435.4,
        "dilutedEPS": 0.15,
        "ebit": 80.7,
        "grossIncome": 302.8,
        "interestExpense": 26.815,
        "interestIncomeExpense": -21,
        "minorityInterest": 0,
        "netIncome": 67.4,
        "netIncomeAfterTaxes": 67.4,
        "nonRecurringItems": -0.8,
        "period": "2016-03-31",
        "pretaxIncome": 57.6,
        "provisionforIncomeTaxes": -9.7,
        "researchDevelopment": 95.6,
        "revenue": 557.6,
        "sgaExpense": 78.3,
        "totalOperatingExpense": 222,
        "totalOtherIncomeExpenseNet": -1.3
      },
      {
        "costOfGoodsSold": 247.6,
        "depreciationAmortization": 48.3,
        "dilutedAverageSharesOutstanding": 436,
        "dilutedEPS": 0.14,
        "ebit": 71.1,
        "grossIncome": 292.7,
        "interestExpense": 27.507,
        "interestIncomeExpense": -20.9,
        "minorityInterest": 0,
        "netIncome": 61.2,
        "netIncomeAfterTaxes": 61.2,
        "nonRecurringItems": 5,
        "period": "2015-12-31",
        "pretaxIncome": 50.2,
        "provisionforIncomeTaxes": -11.1,
        "researchDevelopment": 97,
        "revenue": 540.3,
        "sgaExpense": 76.3,
        "totalOperatingExpense": 221.6,
        "totalOtherIncomeExpenseNet": -5.1
      },
      {
        "costOfGoodsSold": 240.4,
        "depreciationAmortization": 43.8,
        "dilutedAverageSharesOutstanding": 434.2,
        "dilutedEPS": 0.15,
        "ebit": 81.5,
        "grossIncome": 301,
        "interestExpense": 25.644,
        "interestIncomeExpense": -19.3,
        "minorityInterest": 0,
        "netIncome": 64.9,
        "netIncomeAfterTaxes": 64.9,
        "nonRecurringItems": -6.6,
        "period": "2015-09-30",
        "pretaxIncome": 54,
        "provisionforIncomeTaxes": -10.9,
        "researchDevelopment": 95.3,
        "revenue": 541.4,
        "sgaExpense": 80.3,
        "totalOperatingExpense": 219.4,
        "totalOtherIncomeExpenseNet": -1.7
      }
    ],
    "symbol": "MCHP"
  }
}