{
  "symbol": "O",
  "statement": "ic",
  "frequency": "quarterly",
  "timestamp": "2025-09-19T14:06:06.158956",
  "data": {
    "financials": [
      {
        "costOfGoodsSold": 107.422,
        "depreciationAmortization": 647.849,
        "dilutedAverageSharesOutstanding": 906.398,
        "dilutedEPS": 0.22,
        "ebit": 605.778,
        "gainLossOnDispositionOfAssets": 38.566,
        "grossIncome": 1302.956,
        "interestExpense": 283.208,
        "interestIncomeExpense": -284.943,
        "minorityInterest": -2.092,
        "netIncome": 196.919,
        "netIncomeAfterTaxes": 199.011,
        "nonRecurringItems": -143.694,
        "period": "2025-06-30",
        "pretaxIncome": 223.076,
        "provisionforIncomeTaxes": 24.065,
        "revenue": 1410.378,
        "sgaExpense": 49.329,
        "totalOperatingExpense": 697.178,
        "totalOtherIncomeExpenseNet": 7.369
      },
      {
        "costOfGoodsSold": 106.681,
        "depreciationAmortization": 608.935,
        "dilutedAverageSharesOutstanding": 892.351,
        "dilutedEPS": 0.28,
        "ebit": 620.128,
        "gainLossOnDispositionOfAssets": 22.537,
        "grossIncome": 1273.824,
        "interestExpense": 268.234,
        "interestIncomeExpense": -264.517,
        "minorityInterest": -1.647,
        "netIncome": 249.815,
        "netIncomeAfterTaxes": 251.462,
        "nonRecurringItems": -116.868,
        "otherOperatingExpensesTotal": 0.717,
        "period": "2025-03-31",
        "pretaxIncome": 267.119,
        "provisionforIncomeTaxes": 15.657,
        "revenue": 1380.505,
        "sgaExpense": 44.044,
        "totalOperatingExpense": 653.696,
        "totalOtherIncomeExpenseNet": 5.839
      },
      {
        "costOfGoodsSold": 96.309,
        "depreciationAmortization": 606.671,
        "dilutedAverageSharesOutstanding": 876.782,
        "dilutedEPS": 0.23,
        "ebit": 587.583,
        "gainLossOnDispositionOfAssets": 24.985,
        "grossIncome": 1243.99,
        "interestExpense": 268.782,
        "interestIncomeExpense": -263.281,
        "minorityInterest": -1.738,
        "netIncome": 199.612,
        "netIncomeAfterTaxes": 201.35,
        "nonRecurringItems": -133.79,
        "otherOperatingExpensesTotal": 0.622,
        "period": "2024-12-31",
        "pretaxIncome": 221.452,
        "provisionforIncomeTaxes": 20.102,
        "revenue": 1340.299,
        "sgaExpense": 49.114,
        "totalOperatingExpense": 656.407,
        "totalOtherIncomeExpenseNet": 5.955
      },
      {
        "costOfGoodsSold": 92.154,
        "depreciationAmortization": 602.339,
        "dilutedAverageSharesOutstanding": 872.052,
        "dilutedEPS": 0.3,
        "ebit": 594.26,
        "gainLossOnDispositionOfAssets": 50.563,
        "grossIncome": 1238.761,
        "interestExpense": 260.578,
        "interestIncomeExpense": -256.195,
        "minorityInterest": -1.639,
        "netIncome": 261.781,
        "netIncomeAfterTaxes": 271.124,
        "nonRecurringItems": -105.53,
        "otherOperatingExpensesTotal": 0.293,
        "period": "2024-09-30",
        "pretaxIncome": 286.479,
        "provisionforIncomeTaxes": 15.355,
        "revenue": 1330.915,
        "sgaExpense": 41.869,
        "totalOperatingExpense": 644.501,
        "totalOtherIncomeExpenseNet": 3.381
      },
      {
        "costOfGoodsSold": 99.851,
        "depreciationAmortization": 605.57,
        "dilutedAverageSharesOutstanding": 870.725,
        "dilutedEPS": 0.29,
        "ebit": 588.872,
        "gainLossOnDispositionOfAssets": 25.153,
        "grossIncome": 1239.592,
        "interestExpense": 247.307,
        "interestIncomeExpense": -242.968,
        "minorityInterest": -1.577,
        "netIncome": 256.804,
        "netIncomeAfterTaxes": 260.968,
        "nonRecurringItems": -99.212,
        "otherOperatingExpensesTotal": 0.08,
        "period": "2024-06-30",
        "pretaxIncome": 276.61,
        "provisionforIncomeTaxes": 15.642,
        "revenue": 1339.443,
        "sgaExpense": 45.07,
        "totalOperatingExpense": 650.72,
        "totalOtherIncomeExpenseNet": 4.765
      },
      {
        "costOfGoodsSold": 89.361,
        "depreciationAmortization": 581.064,
        "dilutedAverageSharesOutstanding": 835.242,
        "dilutedEPS": 0.16,
        "ebit": 553.49,
        "gainLossOnDispositionOfAssets": 16.574,
        "grossIncome": 1171.124,
        "interestExpense": 245.343,
        "interestIncomeExpense": -241.173,
        "minorityInterest": -1.615,
        "netIncome": 129.696,
        "netIncomeAfterTaxes": 133.899,
        "nonRecurringItems": -183.593,
        "otherOperatingExpensesTotal": -4.272,
        "period": "2024-03-31",
        "pretaxIncome": 149.401,
        "provisionforIncomeTaxes": 15.502,
        "revenue": 1260.485,
        "sgaExpense": 40.842,
        "totalOperatingExpense": 617.634,
        "totalOtherIncomeExpenseNet": 4.103
      },
      {
        "costOfGoodsSold": 81.883,
        "depreciationAmortization": 475.856,
        "dilutedAverageSharesOutstanding": 725.709,
        "dilutedEPS": 0.3,
        "ebit": 498.747,
        "gainLossOnDispositionOfAssets": 5.992,
        "grossIncome": 994.402,
        "interestExpense": 226.97,
        "interestIncomeExpense": -241.407,
        "minorityInterest": -1.357,
        "netIncome": 218.405,
        "netIncomeAfterTaxes": 219.762,
        "nonRecurringItems": -37.213,
        "otherOperatingExpensesTotal": -18.216,
        "period": "2023-12-31",
        "pretaxIncome": 235.565,
        "provisionforIncomeTaxes": 15.803,
        "revenue": 1076.285,
        "sgaExpense": 38.015,
        "totalOperatingExpense": 495.655,
        "totalOtherIncomeExpenseNet": 9.446
      },
      {
        "costOfGoodsSold": 70.981,
        "depreciationAmortization": 495.566,
        "dilutedAverageSharesOutstanding": 709.543,
        "dilutedEPS": 0.33,
        "ebit": 455.222,
        "gainLossOnDispositionOfAssets": 7.572,
        "grossIncome": 968.123,
        "interestExpense": 202.743,
        "interestIncomeExpense": -203.766,
        "minorityInterest": -0.404,
        "netIncome": 233.473,
        "netIncomeAfterTaxes": 233.877,
        "nonRecurringItems": -19.692,
        "otherOperatingExpensesTotal": -18.19,
        "period": "2023-09-30",
        "pretaxIncome": 245.213,
        "provisionforIncomeTaxes": 11.336,
        "revenue": 1039.104,
        "sgaExpense": 35.525,
        "totalOperatingExpense": 512.901,
        "totalOtherIncomeExpenseNet": 5.877
      },
      {
        "costOfGoodsSold": 94.703,
        "depreciationAmortization": 472.278,
        "dilutedAverageSharesOutstanding": 674.593,
        "dilutedEPS": 0.29,
        "ebit": 433.716,
        "gainLossOnDispositionOfAssets": 7.824,
        "grossIncome": 924.502,
        "interestExpense": 202.664,
        "interestIncomeExpense": -203.006,
        "minorityInterest": -1.738,
        "netIncome": 195.415,
        "netIncomeAfterTaxes": 197.153,
        "nonRecurringItems": -30.156,
        "otherOperatingExpensesTotal": -18.321,
        "period": "2023-06-30",
        "pretaxIncome": 210.085,
        "provisionforIncomeTaxes": 12.932,
        "revenue": 1019.205,
        "sgaExpense": 36.829,
        "totalOperatingExpense": 490.786,
        "totalOtherIncomeExpenseNet": 1.707
      },
      {
        "costOfGoodsSold": 69.397,
        "depreciationAmortization": 451.477,
        "dilutedAverageSharesOutstanding": 661.239,
        "dilutedEPS": 0.34,
        "ebit": 408.09,
        "gainLossOnDispositionOfAssets": 4.279,
        "grossIncome": 875.002,
        "interestExpense": 173.337,
        "interestIncomeExpense": -161.214,
        "minorityInterest": -1.106,
        "netIncome": 225.016,
        "netIncomeAfterTaxes": 226.122,
        "nonRecurringItems": -14.485,
        "otherOperatingExpensesTotal": -18.732,
        "period": "2023-03-31",
        "pretaxIncome": 238.072,
        "provisionforIncomeTaxes": 11.95,
        "revenue": 944.399,
        "sgaExpense": 34.167,
        "totalOperatingExpense": 466.912,
        "totalOtherIncomeExpenseNet": 1.402
      },
      {
        "costOfGoodsSold": 69.089,
        "depreciationAmortization": 438.174,
        "dilutedAverageSharesOutstanding": 634.215,
        "dilutedEPS": 0.36,
        "ebit": 362.87,
        "gainLossOnDispositionOfAssets": 9.346,
        "grossIncome": 819.561,
        "interestExpense": 150.373,
        "interestIncomeExpense": -146.332,
        "minorityInterest": -1.071,
        "netIncome": 227.265,
        "netIncomeAfterTaxes": 228.336,
        "nonRecurringItems": -10.384,
        "otherOperatingExpensesTotal": -19.008,
        "period": "2022-12-31",
        "pretaxIncome": 237.717,
        "provisionforIncomeTaxes": 9.381,
        "revenue": 888.65,
        "sgaExpense": 37.525,
        "totalOperatingExpense": 456.691,
        "totalOtherIncomeExpenseNet": 22.217
      },
      {
        "costOfGoodsSold": 52.719,
        "depreciationAmortization": 419.016,
        "dilutedAverageSharesOutstanding": 617.957,
        "dilutedEPS": 0.36,
        "ebit": 350.527,
        "gainLossOnDispositionOfAssets": 42.883,
        "grossIncome": 784.55,
        "interestExpense": 134.406,
        "interestIncomeExpense": -158.695,
        "minorityInterest": -0.72,
        "netIncome": 219.567,
        "netIncomeAfterTaxes": 220.287,
        "nonRecurringItems": -5.156,
        "otherOperatingExpensesTotal": -19.089,
        "period": "2022-09-30",
        "pretaxIncome": 230.45,
        "provisionforIncomeTaxes": 10.163,
        "revenue": 837.269,
        "sgaExpense": 34.096,
        "totalOperatingExpense": 434.023,
        "totalOtherIncomeExpenseNet": 0.891
      },
      {
        "costOfGoodsSold": 52.18,
        "depreciationAmortization": 409.437,
        "dilutedAverageSharesOutstanding": 602.031,
        "dilutedEPS": 0.37,
        "ebit": 333.876,
        "gainLossOnDispositionOfAssets": 40.572,
        "grossIncome": 758.239,
        "interestExpense": 127.384,
        "interestIncomeExpense": -127.255,
        "minorityInterest": -0.615,
        "netIncome": 223.207,
        "netIncomeAfterTaxes": 223.822,
        "nonRecurringItems": -10.293,
        "otherOperatingExpensesTotal": -19.213,
        "period": "2022-06-30",
        "pretaxIncome": 238.48,
        "provisionforIncomeTaxes": 14.658,
        "revenue": 810.419,
        "sgaExpense": 34.139,
        "totalOperatingExpense": 424.363,
        "totalOtherIncomeExpenseNet": 1.58
      },
      {
        "costOfGoodsSold": 52.342,
        "depreciationAmortization": 403.762,
        "dilutedAverageSharesOutstanding": 594.042,
        "dilutedEPS": 0.34,
        "ebit": 337.841,
        "gainLossOnDispositionOfAssets": 10.156,
        "grossIncome": 755.001,
        "interestExpense": 124.045,
        "interestIncomeExpense": -124.403,
        "minorityInterest": -0.602,
        "netIncome": 199.369,
        "netIncomeAfterTaxes": 199.971,
        "nonRecurringItems": -13.557,
        "otherOperatingExpensesTotal": -19.301,
        "period": "2022-03-31",
        "pretaxIncome": 210.952,
        "provisionforIncomeTaxes": 10.981,
        "revenue": 807.343,
        "sgaExpense": 32.699,
        "totalOperatingExpense": 417.16,
        "totalOtherIncomeExpenseNet": 0.915
      },
      {
        "costOfGoodsSold": 43.71,
        "depreciationAmortization": 333.229,
        "dilutedAverageSharesOutstanding": 520.266,
        "dilutedEPS": 0.01,
        "ebit": 286.693,
        "gainLossOnDispositionOfAssets": 20.402,
        "grossIncome": 637.792,
        "interestExpense": 111.709,
        "interestIncomeExpense": -109.448,
        "minorityInterest": -0.426,
        "netIncome": 4.041,
        "netIncomeAfterTaxes": 4.467,
        "nonRecurringItems": -192.044,
        "otherOperatingExpensesTotal": -12.652,
        "period": "2021-12-31",
        "pretaxIncome": 14.595,
        "provisionforIncomeTaxes": 10.128,
        "revenue": 681.502,
        "sgaExpense": 30.522,
        "totalOperatingExpense": 351.099,
        "totalOtherIncomeExpenseNet": 8.992
      },
      {
        "costOfGoodsSold": 29.662,
        "depreciationAmortization": 198.832,
        "dilutedAverageSharesOutstanding": 392.05,
        "dilutedEPS": 0.34,
        "ebit": 240.139,
        "gainLossOnDispositionOfAssets": 12.094,
        "grossIncome": 462.213,
        "interestExpense": 75.035,
        "interestIncomeExpense": -78.143,
        "minorityInterest": -0.28,
        "netIncome": 134.996,
        "netIncomeAfterTaxes": 135.276,
        "nonRecurringItems": -31.777,
        "otherOperatingExpensesTotal": -0.571,
        "period": "2021-09-30",
        "pretaxIncome": 141.355,
        "provisionforIncomeTaxes": 6.079,
        "revenue": 491.875,
        "sgaExpense": 23.813,
        "totalOperatingExpense": 222.074,
        "totalOtherIncomeExpenseNet": -0.958
      },
      {
        "costOfGoodsSold": 31.734,
        "depreciationAmortization": 187.789,
        "dilutedAverageSharesOutstanding": 374.341,
        "dilutedEPS": 0.33,
        "ebit": 223.168,
        "gainLossOnDispositionOfAssets": 14.901,
        "grossIncome": 432.548,
        "interestExpense": 72.26,
        "interestIncomeExpense": -72.584,
        "minorityInterest": -0.289,
        "netIncome": 124.479,
        "netIncomeAfterTaxes": 124.768,
        "nonRecurringItems": -30.544,
        "otherOperatingExpensesTotal": -0.258,
        "period": "2021-06-30",
        "pretaxIncome": 133.993,
        "provisionforIncomeTaxes": 9.225,
        "revenue": 464.282,
        "sgaExpense": 21.849,
        "totalOperatingExpense": 209.38,
        "totalOtherIncomeExpenseNet": -0.948
      },
      {
        "costOfGoodsSold": 28.499,
        "depreciationAmortization": 177.985,
        "dilutedAverageSharesOutstanding": 371.602,
        "dilutedEPS": 0.26,
        "ebit": 215.339,
        "gainLossOnDispositionOfAssets": 8.401,
        "grossIncome": 413.755,
        "interestExpense": 71.78,
        "interestIncomeExpense": -71.698,
        "minorityInterest": -0.296,
        "netIncome": 95.94,
        "netIncomeAfterTaxes": 96.236,
        "nonRecurringItems": -49.193,
        "otherOperatingExpensesTotal": -0.365,
        "period": "2021-03-31",
        "pretaxIncome": 102.461,
        "provisionforIncomeTaxes": 6.225,
        "revenue": 442.254,
        "sgaExpense": 20.796,
        "totalOperatingExpense": 198.416,
        "totalOtherIncomeExpenseNet": -0.388
      },
      {
        "costOfGoodsSold": 27.135,
        "depreciationAmortization": 175.041,
        "dilutedAverageSharesOutstanding": 354.478,
        "dilutedEPS": 0.33,
        "ebit": 195.559,
        "gainLossOnDispositionOfAssets": 22.667,
        "grossIncome": 386.403,
        "interestExpense": 77.661,
        "interestIncomeExpense": -75.366,
        "minorityInterest": -0.219,
        "netIncome": 117.931,
        "netIncomeAfterTaxes": 118.15,
        "nonRecurringItems": -23.79,
        "otherOperatingExpensesTotal": -0.871,
        "period": "2020-12-31",
        "pretaxIncome": 122.65,
        "provisionforIncomeTaxes": 4.5,
        "revenue": 413.538,
        "sgaExpense": 16.674,
        "totalOperatingExpense": 190.844,
        "totalOtherIncomeExpenseNet": 3.58
      },
      {
        "costOfGoodsSold": 25.41,
        "depreciationAmortization": 169.084,
        "dilutedAverageSharesOutstanding": 346.749,
        "dilutedEPS": 0.07,
        "ebit": 194.597,
        "gainLossOnDispositionOfAssets": 13.736,
        "grossIncome": 379.162,
        "interestExpense": 75.758,
        "interestIncomeExpense": -74.545,
        "minorityInterest": -0.239,
        "netIncome": 22.904,
        "netIncomeAfterTaxes": 23.143,
        "nonRecurringItems": -105.095,
        "otherOperatingExpensesTotal": -1.033,
        "period": "2020-09-30",
        "pretaxIncome": 27.735,
        "provisionforIncomeTaxes": 4.592,
        "revenue": 404.572,
        "sgaExpense": 16.514,
        "totalOperatingExpense": 184.565,
        "totalOtherIncomeExpenseNet": -0.958
      },
      {
        "costOfGoodsSold": 26.452,
        "depreciationAmortization": 168.328,
        "dilutedAverageSharesOutstanding": 343.685,
        "dilutedEPS": 0.31,
        "ebit": 201.248,
        "gainLossOnDispositionOfAssets": 1.323,
        "grossIncome": 388.184,
        "interestExpense": 76.042,
        "interestIncomeExpense": -76.846,
        "minorityInterest": -0.246,
        "netIncome": 107.824,
        "netIncomeAfterTaxes": 108.07,
        "nonRecurringItems": -13.869,
        "otherOperatingExpensesTotal": -0.455,
        "period": "2020-06-30",
        "pretaxIncome": 110.908,
        "provisionforIncomeTaxes": 2.838,
        "revenue": 414.636,
        "sgaExpense": 19.063,
        "totalOperatingExpense": 186.936,
        "totalOtherIncomeExpenseNet": -0.948
      },
      {
        "costOfGoodsSold": 25.606,
        "depreciationAmortization": 164.585,
        "dilutedAverageSharesOutstanding": 336.977,
        "dilutedEPS": 0.44,
        "ebit": 207.302,
        "gainLossOnDispositionOfAssets": 38.506,
        "grossIncome": 388.735,
        "interestExpense": 74.944,
        "interestIncomeExpense": -77.194,
        "minorityInterest": -0.316,
        "netIncome": 146.827,
        "netIncomeAfterTaxes": 147.143,
        "nonRecurringItems": -17.76,
        "otherOperatingExpensesTotal": -0.653,
        "period": "2020-03-31",
        "pretaxIncome": 149.906,
        "provisionforIncomeTaxes": 2.763,
        "revenue": 414.341,
        "sgaExpense": 17.501,
        "totalOperatingExpense": 181.433,
        "totalOtherIncomeExpenseNet": -0.948
      },
      {
        "costOfGoodsSold": 25.253,
        "depreciationAmortization": 156.594,
        "dilutedAverageSharesOutstanding": 329.041,
        "dilutedEPS": 0.39,
        "ebit": 199.917,
        "gainLossOnDispositionOfAssets": 14.168,
        "grossIncome": 372.276,
        "interestExpense": 73.985,
        "interestIncomeExpense": -72.887,
        "minorityInterest": -0.256,
        "netIncome": 129.297,
        "netIncomeAfterTaxes": 129.553,
        "nonRecurringItems": -8.95,
        "otherOperatingExpensesTotal": -0.565,
        "period": "2019-12-31",
        "pretaxIncome": 131.289,
        "provisionforIncomeTaxes": 1.736,
        "revenue": 397.529,
        "sgaExpense": 16.33,
        "totalOperatingExpense": 172.359,
        "totalOtherIncomeExpenseNet": -0.959
      },
      {
        "costOfGoodsSold": 20.354,
        "depreciationAmortization": 149.424,
        "dilutedAverageSharesOutstanding": 320.263,
        "dilutedEPS": 0.32,
        "ebit": 188.574,
        "gainLossOnDispositionOfAssets": 1.674,
        "grossIncome": 353.893,
        "interestExpense": 72.323,
        "interestIncomeExpense": -72.69,
        "minorityInterest": -0.226,
        "netIncome": 101.049,
        "netIncomeAfterTaxes": 101.275,
        "nonRecurringItems": -13.503,
        "otherOperatingExpensesTotal": -0.565,
        "period": "2019-09-30",
        "pretaxIncome": 103.097,
        "provisionforIncomeTaxes": 1.822,
        "revenue": 374.247,
        "sgaExpense": 16.46,
        "totalOperatingExpense": 165.319,
        "totalOtherIncomeExpenseNet": -0.958
      },
      {
        "costOfGoodsSold": 21.342,
        "depreciationAmortization": 150.426,
        "dilutedAverageSharesOutstanding": 311.322,
        "dilutedEPS": 0.31,
        "ebit": 175.732,
        "gainLossOnDispositionOfAssets": 6.891,
        "grossIncome": 344.108,
        "interestExpense": 71.489,
        "interestIncomeExpense": -72.039,
        "minorityInterest": -0.226,
        "netIncome": 95.194,
        "netIncomeAfterTaxes": 95.42,
        "nonRecurringItems": -13.061,
        "otherOperatingExpensesTotal": -0.635,
        "period": "2019-06-30",
        "pretaxIncome": 96.575,
        "provisionforIncomeTaxes": 1.155,
        "revenue": 365.45,
        "sgaExpense": 18.585,
        "totalOperatingExpense": 168.376,
        "totalOtherIncomeExpenseNet": -0.948
      },
      {
        "costOfGoodsSold": 21.636,
        "depreciationAmortization": 137.517,
        "dilutedAverageSharesOutstanding": 303.82,
        "dilutedEPS": 0.37,
        "ebit": 180.75,
        "gainLossOnDispositionOfAssets": 7.263,
        "grossIncome": 332.729,
        "interestExpense": 69.05,
        "interestIncomeExpense": -69.728,
        "minorityInterest": -0.288,
        "netIncome": 110.942,
        "netIncomeAfterTaxes": 111.23,
        "nonRecurringItems": -4.672,
        "otherOperatingExpensesTotal": -0.646,
        "period": "2019-03-31",
        "pretaxIncome": 112.675,
        "provisionforIncomeTaxes": 1.445,
        "revenue": 354.365,
        "sgaExpense": 15.108,
        "totalOperatingExpense": 151.979,
        "totalOtherIncomeExpenseNet": -0.938
      },
      {
        "costOfGoodsSold": 17.732,
        "depreciationAmortization": 137.711,
        "dilutedAverageSharesOutstanding": 298.38,
        "dilutedEPS": 0.29,
        "ebit": 154.564,
        "gainLossOnDispositionOfAssets": 5.825,
        "grossIncome": 324.844,
        "interestExpense": 71.035,
        "interestIncomeExpense": -71.366,
        "minorityInterest": -0.231,
        "netIncome": 85.072,
        "netIncomeAfterTaxes": 85.303,
        "nonRecurringItems": -1.235,
        "otherOperatingExpensesTotal": -1.609,
        "period": "2018-12-31",
        "pretaxIncome": 86.91,
        "provisionforIncomeTaxes": 1.607,
        "revenue": 342.576,
        "sgaExpense": 34.178,
        "totalOperatingExpense": 170.28,
        "totalOtherIncomeExpenseNet": -0.878
      },
      {
        "costOfGoodsSold": 15.806,
        "depreciationAmortization": 136.967,
        "dilutedAverageSharesOutstanding": 291.207,
        "dilutedEPS": 0.34,
        "ebit": 169.33,
        "gainLossOnDispositionOfAssets": 7.813,
        "grossIncome": 322.275,
        "interestExpense": 69.322,
        "interestIncomeExpense": -69.057,
        "minorityInterest": -0.284,
        "netIncome": 98.999,
        "netIncomeAfterTaxes": 99.283,
        "nonRecurringItems": -6.862,
        "otherOperatingExpensesTotal": -0.354,
        "period": "2018-09-30",
        "pretaxIncome": 100.585,
        "provisionforIncomeTaxes": 1.302,
        "revenue": 338.081,
        "sgaExpense": 16.332,
        "totalOperatingExpense": 152.945,
        "totalOtherIncomeExpenseNet": -0.639
      },
      {
        "costOfGoodsSold": 16.236,
        "depreciationAmortization": 133.999,
        "dilutedAverageSharesOutstanding": 285.372,
        "dilutedEPS": 0.34,
        "ebit": 161.051,
        "gainLossOnDispositionOfAssets": 7.787,
        "grossIncome": 312.65,
        "interestExpense": 67.142,
        "interestIncomeExpense": -66.35,
        "minorityInterest": -0.317,
        "netIncome": 96.38,
        "netIncomeAfterTaxes": 96.697,
        "nonRecurringItems": -3.951,
        "otherOperatingExpensesTotal": -0.354,
        "period": "2018-06-30",
        "pretaxIncome": 97.905,
        "provisionforIncomeTaxes": 1.208,
        "revenue": 328.886,
        "sgaExpense": 17.954,
        "totalOperatingExpense": 151.599,
        "totalOtherIncomeExpenseNet": -0.632
      },
      {
        "costOfGoodsSold": 16.552,
        "depreciationAmortization": 131.103,
        "dilutedAverageSharesOutstanding": 284.345,
        "dilutedEPS": 0.29,
        "ebit": 155.415,
        "gainLossOnDispositionOfAssets": 3.218,
        "grossIncome": 301.743,
        "interestExpense": 61.256,
        "interestIncomeExpense": -59.249,
        "minorityInterest": -0.152,
        "netIncome": 83.163,
        "netIncomeAfterTaxes": 83.315,
        "nonRecurringItems": -14.221,
        "otherOperatingExpensesTotal": -0.459,
        "period": "2018-03-31",
        "pretaxIncome": 84.538,
        "provisionforIncomeTaxes": 1.223,
        "revenue": 318.295,
        "sgaExpense": 15.684,
        "totalOperatingExpense": 146.328,
        "totalOtherIncomeExpenseNet": -0.625
      },
      {
        "costOfGoodsSold": 16.652,
        "depreciationAmortization": 127.033,
        "dilutedAverageSharesOutstanding": 282.369,
        "dilutedEPS": 0.22,
        "ebit": 150.661,
        "gainLossOnDispositionOfAssets": 23.209,
        "grossIncome": 294.001,
        "interestExpense": 61.662,
        "interestIncomeExpense": -59.64,
        "minorityInterest": -0.1,
        "netIncome": 60.852,
        "netIncomeAfterTaxes": 60.952,
        "nonRecurringItems": -49.131,
        "otherOperatingExpensesTotal": 1.114,
        "period": "2017-12-31",
        "pretaxIncome": 64.375,
        "provisionforIncomeTaxes": 3.423,
        "revenue": 310.653,
        "sgaExpense": 15.193,
        "totalOperatingExpense": 143.34,
        "totalOtherIncomeExpenseNet": -0.724
      },
      {
        "costOfGoodsSold": 17.267,
        "depreciationAmortization": 127.569,
        "dilutedAverageSharesOutstanding": 276.051,
        "dilutedEPS": 0.32,
        "ebit": 148.563,
        "gainLossOnDispositionOfAssets": 4.319,
        "grossIncome": 289.653,
        "interestExpense": 62.893,
        "interestIncomeExpense": -62.525,
        "minorityInterest": -0.133,
        "netIncome": 87.94,
        "netIncomeAfterTaxes": 88.073,
        "nonRecurringItems": -0.384,
        "otherOperatingExpensesTotal": -0.341,
        "period": "2017-09-30",
        "pretaxIncome": 89.206,
        "provisionforIncomeTaxes": 1.133,
        "revenue": 306.92,
        "sgaExpense": 13.862,
        "totalOperatingExpense": 141.09,
        "totalOtherIncomeExpenseNet": -0.767
      },
      {
        "costOfGoodsSold": 16.486,
        "depreciationAmortization": 123.089,
        "dilutedAverageSharesOutstanding": 273.099,
        "dilutedEPS": 0.3,
        "ebit": 145.502,
        "gainLossOnDispositionOfAssets": 2.839,
        "grossIncome": 283.684,
        "interestExpense": 63.06,
        "interestIncomeExpense": -63.53,
        "minorityInterest": -0.123,
        "netIncome": 81.136,
        "netIncomeAfterTaxes": 81.259,
        "nonRecurringItems": -2.353,
        "otherOperatingExpensesTotal": -0.609,
        "period": "2017-06-30",
        "pretaxIncome": 81.7,
        "provisionforIncomeTaxes": 0.441,
        "revenue": 300.17,
        "sgaExpense": 15.702,
        "totalOperatingExpense": 138.182,
        "totalOtherIncomeExpenseNet": -0.758
      },
      {
        "costOfGoodsSold": 19.075,
        "depreciationAmortization": 121.097,
        "dilutedAverageSharesOutstanding": 263.934,
        "dilutedEPS": 0.27,
        "ebit": 142.792,
        "gainLossOnDispositionOfAssets": 10.532,
        "grossIncome": 278.95,
        "interestExpense": 58.258,
        "interestIncomeExpense": -56.928,
        "minorityInterest": -0.165,
        "netIncome": 71.586,
        "netIncomeAfterTaxes": 89.035,
        "nonRecurringItems": -5.564,
        "otherOperatingExpensesTotal": 1.627,
        "period": "2017-03-31",
        "pretaxIncome": 90.082,
        "provisionforIncomeTaxes": 1.047,
        "revenue": 298.025,
        "sgaExpense": 13.434,
        "totalOperatingExpense": 136.158,
        "totalOtherIncomeExpenseNet": -0.75
      },
      {
        "costOfGoodsSold": 17.411,
        "depreciationAmortization": 117.751,
        "dilutedAverageSharesOutstanding": 258.876,
        "dilutedEPS": 0.33,
        "ebit": 139.867,
        "gainLossOnDispositionOfAssets": 6.696,
        "grossIncome": 270.432,
        "interestExpense": 56.387,
        "interestIncomeExpense": -48.913,
        "minorityInterest": -0.283,
        "netIncome": 85.671,
        "netIncomeAfterTaxes": 92.724,
        "nonRecurringItems": -3.709,
        "otherOperatingExpensesTotal": -0.745,
        "period": "2016-12-31",
        "pretaxIncome": 93.174,
        "provisionforIncomeTaxes": 0.45,
        "revenue": 287.843,
        "sgaExpense": 13.559,
        "totalOperatingExpense": 130.565,
        "totalOtherIncomeExpenseNet": -0.767
      },
      {
        "costOfGoodsSold": 15.678,
        "depreciationAmortization": 113.917,
        "dilutedAverageSharesOutstanding": 258.674,
        "dilutedEPS": 0.27,
        "ebit": 136.29,
        "gainLossOnDispositionOfAssets": 4.335,
        "grossIncome": 261.496,
        "interestExpense": 55.051,
        "interestIncomeExpense": -53,
        "minorityInterest": -0.13,
        "netIncome": 70.302,
        "netIncomeAfterTaxes": 77.202,
        "nonRecurringItems": -8.763,
        "otherOperatingExpensesTotal": -0.814,
        "period": "2016-09-30",
        "pretaxIncome": 78.096,
        "provisionforIncomeTaxes": 0.894,
        "revenue": 277.174,
        "sgaExpense": 12.103,
        "totalOperatingExpense": 125.206,
        "totalOtherIncomeExpenseNet": -0.766
      },
      {
        "costOfGoodsSold": 14.671,
        "depreciationAmortization": 110.342,
        "dilutedAverageSharesOutstanding": 253.974,
        "dilutedEPS": 0.27,
        "ebit": 132.795,
        "gainLossOnDispositionOfAssets": 8.658,
        "grossIncome": 256.368,
        "interestExpense": 55.296,
        "interestIncomeExpense": -57.405,
        "minorityInterest": -0.253,
        "netIncome": 69.045,
        "netIncomeAfterTaxes": 76.068,
        "nonRecurringItems": -6.269,
        "otherOperatingExpensesTotal": -0.754,
        "period": "2016-06-30",
        "pretaxIncome": 77.021,
        "provisionforIncomeTaxes": 0.953,
        "revenue": 271.039,
        "sgaExpense": 13.985,
        "totalOperatingExpense": 123.573,
        "totalOtherIncomeExpenseNet": -0.758
      },
      {
        "costOfGoodsSold": 15.105,
        "depreciationAmortization": 107.933,
        "dilutedAverageSharesOutstanding": 250.698,
        "dilutedEPS": 0.25,
        "ebit": 132.861,
        "gainLossOnDispositionOfAssets": 2.289,
        "grossIncome": 252.011,
        "interestExpense": 55.243,
        "interestIncomeExpense": -61.021,
        "minorityInterest": -0.241,
        "netIncome": 63.473,
        "netIncomeAfterTaxes": 70.484,
        "nonRecurringItems": -1.923,
        "otherOperatingExpensesTotal": -1.101,
        "period": "2016-03-31",
        "pretaxIncome": 71.448,
        "provisionforIncomeTaxes": 0.964,
        "revenue": 267.116,
        "sgaExpense": 12.318,
        "totalOperatingExpense": 119.15,
        "totalOtherIncomeExpenseNet": -0.758
      },
      {
        "costOfGoodsSold": 12.897,
        "depreciationAmortization": 105.739,
        "dilutedAverageSharesOutstanding": 249.245,
        "dilutedEPS": 0.31,
        "ebit": 133.938,
        "gainLossOnDispositionOfAssets": 5.126,
        "grossIncome": 250.771,
        "interestExpense": 57.183,
        "interestIncomeExpense": -53.088,
        "minorityInterest": -0.17,
        "netIncome": 76.171,
        "netIncomeAfterTaxes": 83.111,
        "nonRecurringItems": -1.378,
        "otherOperatingExpensesTotal": -1.873,
        "period": "2015-12-31",
        "pretaxIncome": 83.832,
        "provisionforIncomeTaxes": 0.721,
        "revenue": 263.668,
        "sgaExpense": 12.967,
        "totalOperatingExpense": 116.833,
        "totalOtherIncomeExpenseNet": -0.766
      },
      {
        "costOfGoodsSold": 13.542,
        "depreciationAmortization": 104.338,
        "dilutedAverageSharesOutstanding": 236.74,
        "dilutedEPS": 0.26,
        "ebit": 131.934,
        "gainLossOnDispositionOfAssets": 6.224,
        "grossIncome": 245.347,
        "interestExpense": 59.789,
        "interestIncomeExpense": -64.969,
        "minorityInterest": -0.338,
        "netIncome": 60.705,
        "netIncomeAfterTaxes": 67.813,
        "nonRecurringItems": -3.864,
        "otherOperatingExpensesTotal": -1.786,
        "period": "2015-09-30",
        "pretaxIncome": 68.558,
        "provisionforIncomeTaxes": 0.745,
        "revenue": 258.889,
        "sgaExpense": 10.861,
        "totalOperatingExpense": 113.413,
        "totalOtherIncomeExpenseNet": -0.767
      }
    ],
    "symbol": "O"
  }
}