{
  "symbol": "RTX",
  "statement": "ic",
  "frequency": "annual",
  "timestamp": "2025-09-19T14:06:04.443189",
  "data": {
    "financials": [
      {
        "costOfGoodsSold": 65328,
        "dilutedAverageSharesOutstanding": 1343.6,
        "dilutedEPS": 3.55,
        "ebit": 6038,
        "grossIncome": 15410,
        "interestExpense": 1970,
        "interestIncomeExpense": -1868,
        "minorityInterest": -239,
        "netIncome": 4774,
        "netIncomeAfterTaxes": 5013,
        "nonRecurringItems": 500,
        "otherOperatingExpensesTotal": 632,
        "period": "2024-12-31",
        "pretaxIncome": 6194,
        "provisionforIncomeTaxes": 1181,
        "researchDevelopment": 2934,
        "revenue": 80738,
        "sgaExpense": 5806,
        "totalOperatingExpense": 9372,
        "totalOtherIncomeExpenseNet": 1524,
        "year": 2024
      },
      {
        "costOfGoodsSold": 56831,
        "dilutedAverageSharesOutstanding": 1435.4,
        "dilutedEPS": 2.23,
        "ebit": 3561,
        "grossIncome": 12089,
        "interestExpense": 1653,
        "interestIncomeExpense": -1553,
        "minorityInterest": -185,
        "netIncome": 3195,
        "netIncomeAfterTaxes": 3380,
        "nonRecurringItems": 0,
        "otherOperatingExpensesTotal": -86,
        "period": "2023-12-31",
        "pretaxIncome": 3836,
        "provisionforIncomeTaxes": 456,
        "researchDevelopment": 2805,
        "revenue": 68920,
        "sgaExpense": 5809,
        "totalOperatingExpense": 8528,
        "totalOtherIncomeExpenseNet": 1828,
        "year": 2023
      },
      {
        "costOfGoodsSold": 53406,
        "dilutedAverageSharesOutstanding": 1485.9,
        "dilutedEPS": 3.51,
        "ebit": 5504,
        "grossIncome": 13668,
        "interestExpense": 1300,
        "interestIncomeExpense": -1230,
        "minorityInterest": -111,
        "netIncome": 5197,
        "netIncomeAfterTaxes": 5327,
        "nonRecurringItems": 0,
        "otherOperatingExpensesTotal": -120,
        "period": "2022-12-31",
        "pretaxIncome": 6117,
        "provisionforIncomeTaxes": 790,
        "researchDevelopment": 2711,
        "revenue": 67074,
        "sgaExpense": 5573,
        "totalOperatingExpense": 8164,
        "totalOtherIncomeExpenseNet": 1843,
        "year": 2022
      },
      {
        "costOfGoodsSold": 51897,
        "dilutedAverageSharesOutstanding": 1508.5,
        "dilutedEPS": 2.58,
        "ebit": 5136,
        "grossIncome": 12491,
        "interestExpense": 1330,
        "interestIncomeExpense": -1294,
        "minorityInterest": -248,
        "netIncome": 3864,
        "netIncomeAfterTaxes": 4145,
        "nonRecurringItems": -649,
        "otherOperatingExpensesTotal": -423,
        "period": "2021-12-31",
        "pretaxIncome": 5109,
        "provisionforIncomeTaxes": 964,
        "researchDevelopment": 2732,
        "revenue": 64388,
        "sgaExpense": 5046,
        "totalOperatingExpense": 7355,
        "totalOtherIncomeExpenseNet": 1916,
        "year": 2021
      },
      {
        "costOfGoodsSold": 47659,
        "dilutedAverageSharesOutstanding": 1357.8,
        "dilutedEPS": -2.59,
        "ebit": 2062,
        "grossIncome": 8928,
        "interestExpense": 1408,
        "interestIncomeExpense": -1366,
        "minorityInterest": -181,
        "netIncome": -3519,
        "netIncomeAfterTaxes": -2928,
        "nonRecurringItems": -3960,
        "otherOperatingExpensesTotal": -885,
        "period": "2020-12-31",
        "pretaxIncome": -2353,
        "provisionforIncomeTaxes": 575,
        "researchDevelopment": 2582,
        "revenue": 56587,
        "sgaExpense": 5169,
        "totalOperatingExpense": 6866,
        "totalOtherIncomeExpenseNet": 911,
        "year": 2020
      },
      {
        "costOfGoodsSold": 34598,
        "dilutedAverageSharesOutstanding": 863.9,
        "dilutedEPS": 6.4,
        "ebit": 4914,
        "grossIncome": 10751,
        "interestExpense": 1711,
        "interestIncomeExpense": -1591,
        "minorityInterest": -221,
        "netIncome": 5537,
        "netIncomeAfterTaxes": 3731,
        "nonRecurringItems": 0,
        "otherOperatingExpensesTotal": -326,
        "period": "2019-12-31",
        "pretaxIncome": 4152,
        "provisionforIncomeTaxes": 421,
        "researchDevelopment": 2452,
        "revenue": 45349,
        "sgaExpense": 3711,
        "totalOperatingExpense": 5837,
        "totalOtherIncomeExpenseNet": 829,
        "year": 2019
      },
      {
        "costOfGoodsSold": 27465,
        "dilutedAverageSharesOutstanding": 810.1,
        "dilutedEPS": 6.5,
        "ebit": 2877,
        "grossIncome": 7236,
        "interestExpense": 1182,
        "interestIncomeExpense": -1032,
        "minorityInterest": -190,
        "netIncome": 5269,
        "netIncomeAfterTaxes": 2150,
        "nonRecurringItems": 0,
        "otherOperatingExpensesTotal": -383,
        "period": "2018-12-31",
        "pretaxIncome": 2504,
        "provisionforIncomeTaxes": 354,
        "researchDevelopment": 1878,
        "revenue": 34701,
        "sgaExpense": 2864,
        "totalOperatingExpense": 4359,
        "totalOtherIncomeExpenseNet": 659,
        "year": 2018
      },
      {
        "costOfGoodsSold": 44201,
        "dilutedAverageSharesOutstanding": 799.1,
        "dilutedEPS": 5.69,
        "ebit": 8061,
        "grossIncome": 15636,
        "interestExpense": 1017,
        "interestIncomeExpense": -832,
        "minorityInterest": -368,
        "netIncome": 4552,
        "netIncomeAfterTaxes": 5610,
        "otherOperatingExpensesTotal": -1281,
        "period": "2017-12-31",
        "pretaxIncome": 7763,
        "provisionforIncomeTaxes": 2153,
        "researchDevelopment": 2427,
        "revenue": 59837,
        "sgaExpense": 6429,
        "totalOperatingExpense": 7575,
        "totalOtherIncomeExpenseNet": 534,
        "year": 2017
      },
      {
        "costOfGoodsSold": 41471,
        "dilutedAverageSharesOutstanding": 826.1,
        "dilutedEPS": 6.13,
        "ebit": 8221,
        "grossIncome": 15773,
        "interestExpense": 1161,
        "interestIncomeExpense": -1039,
        "minorityInterest": -371,
        "netIncome": 5055,
        "netIncomeAfterTaxes": 5436,
        "otherOperatingExpensesTotal": -782,
        "period": "2016-12-31",
        "pretaxIncome": 7133,
        "provisionforIncomeTaxes": 1697,
        "researchDevelopment": 2376,
        "revenue": 57244,
        "sgaExpense": 5958,
        "totalOperatingExpense": 7552,
        "totalOtherIncomeExpenseNet": -49,
        "year": 2016
      },
      {
        "costOfGoodsSold": 40246,
        "dilutedAverageSharesOutstanding": 883.2,
        "dilutedEPS": 8.61,
        "ebit": 7750,
        "grossIncome": 15852,
        "interestExpense": 945,
        "interestIncomeExpense": -887,
        "minorityInterest": -360,
        "netIncome": 7608,
        "netIncomeAfterTaxes": 4356,
        "nonRecurringItems": -396,
        "otherOperatingExpensesTotal": 148,
        "period": "2015-12-31",
        "pretaxIncome": 6467,
        "provisionforIncomeTaxes": 2111,
        "researchDevelopment": 2279,
        "revenue": 56098,
        "sgaExpense": 5675,
        "totalOperatingExpense": 8102,
        "year": 2015
      }
    ],
    "symbol": "RTX"
  }
}