{
  "symbol": "CCL",
  "statement": "ic",
  "frequency": "quarterly",
  "timestamp": "2025-09-19T13:57:27.563537",
  "data": {
    "financials": [
      {
        "costOfGoodsSold": 2931,
        "depreciationAmortization": 692,
        "dilutedAverageSharesOutstanding": 1400,
        "dilutedEPS": 0.4036,
        "ebit": 934,
        "grossIncome": 3397,
        "interestExpense": 341,
        "interestIncomeExpense": -329,
        "netIncome": 565,
        "netIncomeAfterTaxes": 565,
        "nonRecurringItems": -4,
        "otherOperatingExpensesTotal": 955,
        "period": "2025-05-31",
        "pretaxIncome": 582,
        "provisionforIncomeTaxes": 17,
        "revenue": 6328,
        "sgaExpense": 816,
        "totalOperatingExpense": 2463,
        "totalOtherIncomeExpenseNet": -19
      },
      {
        "costOfGoodsSold": 2908,
        "depreciationAmortization": 654,
        "dilutedAverageSharesOutstanding": 1309,
        "dilutedEPS": -0.06,
        "ebit": 543,
        "grossIncome": 2902,
        "interestExpense": 377,
        "interestIncomeExpense": -370,
        "netIncome": -78,
        "netIncomeAfterTaxes": -78,
        "nonRecurringItems": -252,
        "otherOperatingExpensesTotal": 857,
        "period": "2025-02-28",
        "pretaxIncome": -71,
        "provisionforIncomeTaxes": 7,
        "revenue": 5810,
        "sgaExpense": 848,
        "totalOperatingExpense": 2359,
        "totalOtherIncomeExpenseNet": 8
      },
      {
        "costOfGoodsSold": 2828,
        "depreciationAmortization": 659,
        "dilutedAverageSharesOutstanding": 1398,
        "dilutedEPS": 0.23,
        "ebit": 561,
        "grossIncome": 3110,
        "interestExpense": 403,
        "interestIncomeExpense": -387,
        "netIncome": 303,
        "netIncomeAfterTaxes": 303,
        "nonRecurringItems": -1,
        "otherOperatingExpensesTotal": 1004,
        "period": "2024-11-30",
        "pretaxIncome": 289,
        "provisionforIncomeTaxes": -14,
        "revenue": 5938,
        "sgaExpense": 886,
        "totalOperatingExpense": 2549,
        "totalOtherIncomeExpenseNet": 116
      },
      {
        "costOfGoodsSold": 3307,
        "depreciationAmortization": 651,
        "dilutedAverageSharesOutstanding": 1399,
        "dilutedEPS": 1.26,
        "ebit": 2178,
        "grossIncome": 4589,
        "interestExpense": 431,
        "interestIncomeExpense": -412,
        "netIncome": 1735,
        "netIncomeAfterTaxes": 1735,
        "nonRecurringItems": -13,
        "otherOperatingExpensesTotal": 997,
        "period": "2024-08-31",
        "pretaxIncome": 1743,
        "provisionforIncomeTaxes": 8,
        "revenue": 7896,
        "sgaExpense": 763,
        "totalOperatingExpense": 2411,
        "totalOtherIncomeExpenseNet": -10
      },
      {
        "costOfGoodsSold": 2859,
        "depreciationAmortization": 634,
        "dilutedAverageSharesOutstanding": 1271,
        "dilutedEPS": 0.07,
        "ebit": 560,
        "grossIncome": 2922,
        "interestExpense": 450,
        "interestIncomeExpense": -425,
        "netIncome": 92,
        "netIncomeAfterTaxes": 91,
        "nonRecurringItems": -33,
        "otherOperatingExpensesTotal": 939,
        "period": "2024-05-31",
        "pretaxIncome": 96,
        "provisionforIncomeTaxes": 5,
        "revenue": 5781,
        "sgaExpense": 789,
        "totalOperatingExpense": 2362,
        "totalOtherIncomeExpenseNet": -6
      },
      {
        "costOfGoodsSold": 2843,
        "depreciationAmortization": 613,
        "dilutedAverageSharesOutstanding": 1264,
        "dilutedEPS": -0.17,
        "ebit": 276,
        "grossIncome": 2563,
        "interestExpense": 471,
        "interestIncomeExpense": -438,
        "netIncome": -214,
        "netIncomeAfterTaxes": -214,
        "nonRecurringItems": -33,
        "otherOperatingExpensesTotal": 861,
        "period": "2024-02-29",
        "pretaxIncome": -214,
        "provisionforIncomeTaxes": 0,
        "revenue": 5406,
        "sgaExpense": 813,
        "totalOperatingExpense": 2287,
        "totalOtherIncomeExpenseNet": -19
      },
      {
        "costOfGoodsSold": 2749,
        "depreciationAmortization": 596,
        "dilutedAverageSharesOutstanding": 1262,
        "dilutedEPS": -0.04,
        "ebit": 384,
        "grossIncome": 2647,
        "interestExpense": 466,
        "interestIncomeExpense": -416,
        "netIncome": -48,
        "netIncomeAfterTaxes": -49,
        "nonRecurringItems": 1,
        "otherOperatingExpensesTotal": 879,
        "period": "2023-11-30",
        "pretaxIncome": -39,
        "provisionforIncomeTaxes": 10,
        "revenue": 5396,
        "sgaExpense": 788,
        "totalOperatingExpense": 2263,
        "totalOtherIncomeExpenseNet": -8
      },
      {
        "costOfGoodsSold": 2992,
        "depreciationAmortization": 596,
        "dilutedAverageSharesOutstanding": 1396,
        "dilutedEPS": 0.76,
        "ebit": 1624,
        "grossIncome": 3862,
        "interestExpense": 518,
        "interestIncomeExpense": -459,
        "netIncome": 1074,
        "netIncomeAfterTaxes": 1074,
        "nonRecurringItems": -81,
        "otherOperatingExpensesTotal": 929,
        "period": "2023-08-31",
        "pretaxIncome": 1065,
        "provisionforIncomeTaxes": -9,
        "revenue": 6854,
        "sgaExpense": 713,
        "totalOperatingExpense": 2238,
        "totalOtherIncomeExpenseNet": -19
      },
      {
        "costOfGoodsSold": 2583,
        "depreciationAmortization": 597,
        "dilutedAverageSharesOutstanding": 1263,
        "dilutedEPS": -0.32,
        "ebit": 120,
        "grossIncome": 2328,
        "interestExpense": 542,
        "interestIncomeExpense": -473,
        "netIncome": -407,
        "netIncomeAfterTaxes": -407,
        "nonRecurringItems": -31,
        "otherOperatingExpensesTotal": 875,
        "period": "2023-05-31",
        "pretaxIncome": -402,
        "provisionforIncomeTaxes": 5,
        "revenue": 4911,
        "sgaExpense": 736,
        "totalOperatingExpense": 2208,
        "totalOtherIncomeExpenseNet": -18
      },
      {
        "costOfGoodsSold": 2567,
        "depreciationAmortization": 582,
        "dilutedAverageSharesOutstanding": 1260,
        "dilutedEPS": -0.55,
        "ebit": -172,
        "grossIncome": 1865,
        "interestExpense": 539,
        "interestIncomeExpense": -483,
        "netIncome": -693,
        "netIncomeAfterTaxes": -693,
        "nonRecurringItems": 0,
        "otherOperatingExpensesTotal": 743,
        "period": "2023-02-28",
        "pretaxIncome": -686,
        "provisionforIncomeTaxes": 7,
        "revenue": 4432,
        "sgaExpense": 712,
        "totalOperatingExpense": 2037,
        "totalOtherIncomeExpenseNet": -31
      },
      {
        "costOfGoodsSold": 2394,
        "depreciationAmortization": 568,
        "dilutedAverageSharesOutstanding": 1258,
        "dilutedEPS": -1.27,
        "ebit": -703,
        "grossIncome": 1445,
        "interestExpense": 448,
        "interestIncomeExpense": -408,
        "netIncome": -1598,
        "netIncomeAfterTaxes": -1599,
        "nonRecurringItems": -433,
        "otherOperatingExpensesTotal": 839,
        "period": "2022-11-30",
        "pretaxIncome": -1602,
        "provisionforIncomeTaxes": -3,
        "revenue": 3839,
        "sgaExpense": 741,
        "totalOperatingExpense": 2148,
        "totalOtherIncomeExpenseNet": -58
      },
      {
        "costOfGoodsSold": 2592,
        "depreciationAmortization": 581,
        "dilutedAverageSharesOutstanding": 1185,
        "dilutedEPS": -0.65,
        "ebit": -279,
        "grossIncome": 1713,
        "interestExpense": 422,
        "interestIncomeExpense": -398,
        "netIncome": -770,
        "netIncomeAfterTaxes": -770,
        "nonRecurringItems": 0,
        "otherOperatingExpensesTotal": 786,
        "period": "2022-08-31",
        "pretaxIncome": -759,
        "provisionforIncomeTaxes": 11,
        "revenue": 4305,
        "sgaExpense": 625,
        "totalOperatingExpense": 1992,
        "totalOtherIncomeExpenseNet": -82
      },
      {
        "costOfGoodsSold": 1908,
        "depreciationAmortization": 572,
        "dilutedAverageSharesOutstanding": 1140,
        "dilutedEPS": -1.61,
        "ebit": -1473,
        "grossIncome": 493,
        "interestExpense": 370,
        "interestIncomeExpense": -364,
        "netIncome": -1834,
        "netIncomeAfterTaxes": -1834,
        "nonRecurringItems": 0,
        "otherOperatingExpensesTotal": 775,
        "period": "2022-05-31",
        "pretaxIncome": -1831,
        "provisionforIncomeTaxes": 3,
        "revenue": 2401,
        "sgaExpense": 619,
        "totalOperatingExpense": 1966,
        "totalOtherIncomeExpenseNet": 6
      },
      {
        "costOfGoodsSold": 1467,
        "depreciationAmortization": 554,
        "dilutedAverageSharesOutstanding": 1137,
        "dilutedEPS": -1.66,
        "ebit": -1483,
        "grossIncome": 156,
        "interestExpense": 368,
        "interestIncomeExpense": -365,
        "netIncome": -1891,
        "netIncomeAfterTaxes": -1891,
        "nonRecurringItems": -8,
        "otherOperatingExpensesTotal": 555,
        "period": "2022-02-28",
        "pretaxIncome": -1888,
        "provisionforIncomeTaxes": 3,
        "revenue": 1623,
        "sgaExpense": 530,
        "totalOperatingExpense": 1639,
        "totalOtherIncomeExpenseNet": -32
      },
      {
        "costOfGoodsSold": 1195,
        "depreciationAmortization": 552,
        "dilutedAverageSharesOutstanding": 1132,
        "dilutedEPS": -2.31,
        "ebit": -1600,
        "grossIncome": 92,
        "interestExpense": 348,
        "interestIncomeExpense": -346,
        "netIncome": -2620,
        "netIncomeAfterTaxes": -2620,
        "nonRecurringItems": -591,
        "otherOperatingExpensesTotal": 560,
        "period": "2021-11-30",
        "pretaxIncome": -2624,
        "provisionforIncomeTaxes": -4,
        "revenue": 1287,
        "sgaExpense": 580,
        "totalOperatingExpense": 1692,
        "totalOtherIncomeExpenseNet": -87
      },
      {
        "costOfGoodsSold": 760,
        "depreciationAmortization": 562,
        "dilutedAverageSharesOutstanding": 1133,
        "dilutedEPS": -2.5,
        "ebit": -1582,
        "grossIncome": -214,
        "interestExpense": 418,
        "interestIncomeExpense": -791,
        "netIncome": -2836,
        "netIncomeAfterTaxes": -2836,
        "nonRecurringItems": -475,
        "otherOperatingExpensesTotal": 381,
        "period": "2021-08-31",
        "pretaxIncome": -2859,
        "provisionforIncomeTaxes": -23,
        "revenue": 546,
        "sgaExpense": 425,
        "totalOperatingExpense": 1368,
        "totalOtherIncomeExpenseNet": -11
      },
      {
        "costOfGoodsSold": 408,
        "depreciationAmortization": 567,
        "dilutedAverageSharesOutstanding": 1132,
        "dilutedEPS": -1.83,
        "ebit": -1567,
        "grossIncome": -358,
        "interestExpense": 437,
        "interestIncomeExpense": -433,
        "netIncome": -2072,
        "netIncomeAfterTaxes": -2072,
        "nonRecurringItems": -49,
        "otherOperatingExpensesTotal": 225,
        "period": "2021-05-31",
        "pretaxIncome": -2060,
        "provisionforIncomeTaxes": 12,
        "revenue": 50,
        "sgaExpense": 417,
        "totalOperatingExpense": 1209,
        "totalOtherIncomeExpenseNet": -11
      },
      {
        "costOfGoodsSold": 354,
        "depreciationAmortization": 552,
        "dilutedAverageSharesOutstanding": 1095,
        "dilutedEPS": -1.8,
        "ebit": -1524,
        "grossIncome": -328,
        "interestExpense": 398,
        "interestIncomeExpense": -395,
        "netIncome": -1973,
        "netIncomeAfterTaxes": -1973,
        "nonRecurringItems": 0,
        "otherOperatingExpensesTotal": 182,
        "period": "2021-02-28",
        "pretaxIncome": -1979,
        "provisionforIncomeTaxes": -6,
        "revenue": 26,
        "sgaExpense": 462,
        "totalOperatingExpense": 1196,
        "totalOtherIncomeExpenseNet": -60
      },
      {
        "costOfGoodsSold": 384,
        "depreciationAmortization": 543,
        "dilutedAverageSharesOutstanding": 919,
        "dilutedEPS": -2.42,
        "ebit": -1504,
        "grossIncome": -350,
        "interestExpense": 348,
        "interestIncomeExpense": -345,
        "netIncome": -2222,
        "netIncomeAfterTaxes": -2222,
        "nonRecurringItems": -138,
        "otherOperatingExpensesTotal": 168,
        "period": "2020-11-30",
        "pretaxIncome": -2237,
        "provisionforIncomeTaxes": -15,
        "revenue": 34,
        "sgaExpense": 443,
        "totalOperatingExpense": 1154,
        "totalOtherIncomeExpenseNet": -250
      },
      {
        "costOfGoodsSold": 431,
        "depreciationAmortization": 551,
        "dilutedAverageSharesOutstanding": 775,
        "dilutedEPS": -3.69,
        "ebit": -1423,
        "grossIncome": -400,
        "interestExpense": 310,
        "interestIncomeExpense": -307,
        "netIncome": -2858,
        "netIncomeAfterTaxes": -2859,
        "nonRecurringItems": -910,
        "otherOperatingExpensesTotal": 207,
        "period": "2020-08-31",
        "pretaxIncome": -2861,
        "provisionforIncomeTaxes": -2,
        "revenue": 31,
        "sgaExpense": 265,
        "totalOperatingExpense": 1023,
        "totalOtherIncomeExpenseNet": -221
      },
      {
        "costOfGoodsSold": 1425,
        "depreciationAmortization": 577,
        "dilutedAverageSharesOutstanding": 721,
        "dilutedEPS": -6.07,
        "ebit": -2224,
        "grossIncome": -685,
        "interestExpense": 184,
        "interestIncomeExpense": -176,
        "netIncome": -4374,
        "netIncomeAfterTaxes": -4374,
        "nonRecurringItems": -1953,
        "otherOperatingExpensesTotal": 470,
        "period": "2020-05-31",
        "pretaxIncome": -4385,
        "provisionforIncomeTaxes": -11,
        "revenue": 740,
        "sgaExpense": 492,
        "totalOperatingExpense": 1539,
        "totalOtherIncomeExpenseNet": -32
      },
      {
        "costOfGoodsSold": 2520,
        "depreciationAmortization": 570,
        "dilutedAverageSharesOutstanding": 684,
        "dilutedEPS": -1.14,
        "ebit": 348,
        "grossIncome": 2269,
        "interestExpense": 65,
        "interestIncomeExpense": -50,
        "netIncome": -781,
        "netIncomeAfterTaxes": -781,
        "nonRecurringItems": -1061,
        "otherOperatingExpensesTotal": 673,
        "period": "2020-02-29",
        "pretaxIncome": -770,
        "provisionforIncomeTaxes": 11,
        "revenue": 4789,
        "sgaExpense": 678,
        "totalOperatingExpense": 1921,
        "totalOtherIncomeExpenseNet": -7
      },
      {
        "costOfGoodsSold": 3077,
        "depreciationAmortization": 553,
        "dilutedAverageSharesOutstanding": 689,
        "dilutedEPS": 0.61,
        "ebit": 485,
        "grossIncome": 1705,
        "interestExpense": 56,
        "interestIncomeExpense": -42,
        "netIncome": 423,
        "netIncomeAfterTaxes": 421,
        "nonRecurringItems": 0,
        "otherOperatingExpensesTotal": 0,
        "period": "2019-11-30",
        "pretaxIncome": 436,
        "provisionforIncomeTaxes": 15,
        "revenue": 4782,
        "sgaExpense": 667,
        "totalOperatingExpense": 1220,
        "totalOtherIncomeExpenseNet": -7
      },
      {
        "costOfGoodsSold": 3532,
        "depreciationAmortization": 548,
        "dilutedAverageSharesOutstanding": 691,
        "dilutedEPS": 2.58,
        "ebit": 1890,
        "grossIncome": 3001,
        "interestExpense": 58,
        "interestIncomeExpense": -44,
        "netIncome": 1780,
        "netIncomeAfterTaxes": 1780,
        "period": "2019-08-31",
        "pretaxIncome": 1827,
        "provisionforIncomeTaxes": 47,
        "revenue": 6533,
        "sgaExpense": 563,
        "totalOperatingExpense": 1111,
        "totalOtherIncomeExpenseNet": -19
      },
      {
        "costOfGoodsSold": 3159,
        "depreciationAmortization": 542,
        "dilutedAverageSharesOutstanding": 693,
        "dilutedEPS": 0.65,
        "ebit": 515,
        "grossIncome": 1679,
        "interestExpense": 60,
        "interestIncomeExpense": -49,
        "netIncome": 451,
        "netIncomeAfterTaxes": 451,
        "otherOperatingExpensesTotal": 1,
        "period": "2019-05-31",
        "pretaxIncome": 459,
        "provisionforIncomeTaxes": 8,
        "revenue": 4838,
        "sgaExpense": 621,
        "totalOperatingExpense": 1164,
        "totalOtherIncomeExpenseNet": -7
      },
      {
        "costOfGoodsSold": 3142,
        "depreciationAmortization": 516,
        "dilutedAverageSharesOutstanding": 695,
        "dilutedEPS": 0.48,
        "ebit": 386,
        "grossIncome": 1531,
        "interestExpense": 55,
        "interestIncomeExpense": -47,
        "netIncome": 336,
        "netIncomeAfterTaxes": 336,
        "period": "2019-02-28",
        "pretaxIncome": 338,
        "provisionforIncomeTaxes": 2,
        "revenue": 4673,
        "sgaExpense": 629,
        "totalOperatingExpense": 1145,
        "totalOtherIncomeExpenseNet": -1
      },
      {
        "costOfGoodsSold": 2742,
        "depreciationAmortization": 507,
        "dilutedAverageSharesOutstanding": 700,
        "dilutedEPS": 0.7,
        "ebit": 553,
        "grossIncome": 1714,
        "interestExpense": 47,
        "interestIncomeExpense": -45,
        "netIncome": 493,
        "netIncomeAfterTaxes": 494,
        "nonRecurringItems": 0,
        "otherOperatingExpensesTotal": -2,
        "period": "2018-11-30",
        "pretaxIncome": 508,
        "provisionforIncomeTaxes": 14,
        "revenue": 4456,
        "sgaExpense": 656,
        "totalOperatingExpense": 1161,
        "totalOtherIncomeExpenseNet": 0
      },
      {
        "costOfGoodsSold": 2958,
        "depreciationAmortization": 511,
        "dilutedAverageSharesOutstanding": 707,
        "dilutedEPS": 2.41,
        "ebit": 1794,
        "grossIncome": 2878,
        "interestExpense": 49,
        "interestIncomeExpense": -40,
        "netIncome": 1707,
        "netIncomeAfterTaxes": 1707,
        "nonRecurringItems": 0,
        "period": "2018-08-31",
        "pretaxIncome": 1744,
        "provisionforIncomeTaxes": 37,
        "revenue": 5836,
        "sgaExpense": 573,
        "totalOperatingExpense": 1084,
        "totalOtherIncomeExpenseNet": -10
      },
      {
        "costOfGoodsSold": 2681,
        "depreciationAmortization": 512,
        "dilutedAverageSharesOutstanding": 715,
        "dilutedEPS": 0.78,
        "ebit": 559,
        "grossIncome": 1676,
        "interestExpense": 49,
        "interestIncomeExpense": -5,
        "netIncome": 561,
        "netIncomeAfterTaxes": 561,
        "period": "2018-05-31",
        "pretaxIncome": 564,
        "provisionforIncomeTaxes": 3,
        "revenue": 4357,
        "sgaExpense": 605,
        "totalOperatingExpense": 1117,
        "totalOtherIncomeExpenseNet": 10
      },
      {
        "costOfGoodsSold": 2709,
        "depreciationAmortization": 488,
        "dilutedAverageSharesOutstanding": 719,
        "dilutedEPS": 0.54,
        "ebit": 419,
        "grossIncome": 1523,
        "interestExpense": 48,
        "interestIncomeExpense": -29,
        "netIncome": 391,
        "netIncomeAfterTaxes": 390,
        "period": "2018-02-28",
        "pretaxIncome": 390,
        "provisionforIncomeTaxes": 0,
        "revenue": 4232,
        "sgaExpense": 616,
        "totalOperatingExpense": 1104,
        "totalOtherIncomeExpenseNet": 0
      },
      {
        "costOfGoodsSold": 2617,
        "depreciationAmortization": 478,
        "dilutedAverageSharesOutstanding": 719,
        "dilutedEPS": 0.76,
        "ebit": 548,
        "grossIncome": 1642,
        "interestExpense": 48,
        "interestIncomeExpense": 8,
        "netIncome": 546,
        "netIncomeAfterTaxes": 546,
        "nonRecurringItems": 0,
        "period": "2017-11-30",
        "pretaxIncome": 560,
        "provisionforIncomeTaxes": 14,
        "revenue": 4259,
        "sgaExpense": 616,
        "totalOperatingExpense": 1094,
        "totalOtherIncomeExpenseNet": 4
      },
      {
        "costOfGoodsSold": 3013,
        "depreciationAmortization": 473,
        "dilutedAverageSharesOutstanding": 726,
        "dilutedEPS": 1.83,
        "ebit": 1482,
        "grossIncome": 2502,
        "interestExpense": 49,
        "interestIncomeExpense": -39,
        "netIncome": 1329,
        "netIncomeAfterTaxes": 1329,
        "nonRecurringItems": -89,
        "period": "2017-08-31",
        "pretaxIncome": 1368,
        "provisionforIncomeTaxes": 39,
        "revenue": 5515,
        "sgaExpense": 547,
        "totalOperatingExpense": 1020,
        "totalOtherIncomeExpenseNet": 14
      },
      {
        "costOfGoodsSold": 2436,
        "depreciationAmortization": 456,
        "dilutedAverageSharesOutstanding": 727,
        "dilutedEPS": 0.52,
        "ebit": 500,
        "grossIncome": 1509,
        "interestExpense": 50,
        "interestIncomeExpense": -101,
        "netIncome": 379,
        "netIncomeAfterTaxes": 379,
        "period": "2017-05-31",
        "pretaxIncome": 384,
        "provisionforIncomeTaxes": 5,
        "revenue": 3945,
        "sgaExpense": 553,
        "totalOperatingExpense": 1009,
        "totalOtherIncomeExpenseNet": -15
      },
      {
        "costOfGoodsSold": 2435,
        "depreciationAmortization": 439,
        "dilutedAverageSharesOutstanding": 728,
        "dilutedEPS": 0.48,
        "ebit": 368,
        "grossIncome": 1356,
        "interestExpense": 51,
        "interestIncomeExpense": -22,
        "netIncome": 352,
        "netIncomeAfterTaxes": 352,
        "period": "2017-02-28",
        "pretaxIncome": 354,
        "provisionforIncomeTaxes": 2,
        "revenue": 3791,
        "sgaExpense": 549,
        "totalOperatingExpense": 988,
        "totalOtherIncomeExpenseNet": 8
      },
      {
        "costOfGoodsSold": 2319,
        "depreciationAmortization": 435,
        "dilutedAverageSharesOutstanding": 727,
        "dilutedEPS": 0.84,
        "ebit": 597,
        "grossIncome": 1616,
        "interestExpense": 55,
        "interestIncomeExpense": 1,
        "netIncome": 608,
        "netIncomeAfterTaxes": 608,
        "period": "2016-11-30",
        "pretaxIncome": 613,
        "provisionforIncomeTaxes": 5,
        "revenue": 3935,
        "sgaExpense": 584,
        "totalOperatingExpense": 1019,
        "totalOtherIncomeExpenseNet": 15
      },
      {
        "costOfGoodsSold": 2563,
        "depreciationAmortization": 443,
        "dilutedAverageSharesOutstanding": 739,
        "dilutedEPS": 1.93,
        "ebit": 1562,
        "grossIncome": 2534,
        "interestExpense": 61,
        "interestIncomeExpense": -95,
        "netIncome": 1424,
        "netIncomeAfterTaxes": 1424,
        "period": "2016-08-31",
        "pretaxIncome": 1465,
        "provisionforIncomeTaxes": 41,
        "revenue": 5097,
        "sgaExpense": 529,
        "totalOperatingExpense": 972,
        "totalOtherIncomeExpenseNet": -2
      },
      {
        "costOfGoodsSold": 2258,
        "depreciationAmortization": 437,
        "dilutedAverageSharesOutstanding": 753,
        "dilutedEPS": 0.8,
        "ebit": 478,
        "grossIncome": 1447,
        "interestExpense": 57,
        "interestIncomeExpense": 116,
        "netIncome": 605,
        "netIncomeAfterTaxes": 605,
        "period": "2016-05-31",
        "pretaxIncome": 607,
        "provisionforIncomeTaxes": 2,
        "revenue": 3705,
        "sgaExpense": 532,
        "totalOperatingExpense": 969,
        "totalOtherIncomeExpenseNet": 13
      },
      {
        "costOfGoodsSold": 2243,
        "depreciationAmortization": 423,
        "dilutedAverageSharesOutstanding": 769,
        "dilutedEPS": 0.18,
        "ebit": 434,
        "grossIncome": 1408,
        "interestExpense": 52,
        "interestIncomeExpense": -286,
        "netIncome": 142,
        "netIncomeAfterTaxes": 142,
        "period": "2016-02-29",
        "pretaxIncome": 143,
        "provisionforIncomeTaxes": 1,
        "revenue": 3651,
        "sgaExpense": 551,
        "totalOperatingExpense": 974,
        "totalOtherIncomeExpenseNet": -5
      },
      {
        "costOfGoodsSold": 2218,
        "depreciationAmortization": 420,
        "dilutedAverageSharesOutstanding": 774,
        "dilutedEPS": 0.35,
        "ebit": 510,
        "grossIncome": 1493,
        "interestExpense": 50,
        "interestIncomeExpense": -246,
        "netIncome": 270,
        "netIncomeAfterTaxes": 270,
        "nonRecurringItems": 0,
        "period": "2015-11-30",
        "pretaxIncome": 271,
        "provisionforIncomeTaxes": 1,
        "revenue": 3711,
        "sgaExpense": 563,
        "totalOperatingExpense": 983,
        "totalOtherIncomeExpenseNet": 7
      },
      {
        "costOfGoodsSold": 2490,
        "depreciationAmortization": 399,
        "dilutedAverageSharesOutstanding": 781,
        "dilutedEPS": 1.56,
        "ebit": 1510,
        "grossIncome": 2393,
        "interestExpense": 53,
        "interestIncomeExpense": -248,
        "netIncome": 1216,
        "netIncomeAfterTaxes": 1216,
        "period": "2015-08-31",
        "pretaxIncome": 1250,
        "provisionforIncomeTaxes": 34,
        "revenue": 4883,
        "sgaExpense": 484,
        "totalOperatingExpense": 883,
        "totalOtherIncomeExpenseNet": -12
      }
    ],
    "symbol": "CCL"
  }
}