{
  "symbol": "CARR",
  "statement": "ic",
  "frequency": "quarterly",
  "timestamp": "2025-09-19T13:57:29.136495",
  "data": {
    "financials": [
      {
        "costOfGoodsSold": 4336,
        "dilutedAverageSharesOutstanding": 866.3,
        "dilutedEPS": 0.7018,
        "ebit": 872,
        "grossIncome": 1777,
        "interestExpense": 115,
        "interestIncomeExpense": -13,
        "minorityInterest": -42,
        "netIncome": 591,
        "netIncomeAfterTaxes": 650,
        "nonRecurringItems": -47,
        "otherOperatingExpensesTotal": -30,
        "period": "2025-06-30",
        "pretaxIncome": 812,
        "provisionforIncomeTaxes": 162,
        "researchDevelopment": 161,
        "revenue": 6113,
        "sgaExpense": 774,
        "totalOperatingExpense": 905,
        "totalOtherIncomeExpenseNet": 0
      },
      {
        "costOfGoodsSold": 3771,
        "dilutedAverageSharesOutstanding": 878.3,
        "dilutedEPS": 0.4691,
        "ebit": 593,
        "grossIncome": 1447,
        "interestExpense": 112,
        "interestIncomeExpense": -38,
        "minorityInterest": -25,
        "netIncome": 412,
        "netIncomeAfterTaxes": 437,
        "nonRecurringItems": -8,
        "otherOperatingExpensesTotal": -22,
        "period": "2025-03-31",
        "pretaxIncome": 548,
        "provisionforIncomeTaxes": 111,
        "researchDevelopment": 153,
        "revenue": 5218,
        "sgaExpense": 723,
        "totalOperatingExpense": 854,
        "totalOtherIncomeExpenseNet": 1
      },
      {
        "costOfGoodsSold": 3798,
        "dilutedAverageSharesOutstanding": 890.1,
        "dilutedEPS": 2.86,
        "ebit": 432,
        "grossIncome": 1350,
        "interestExpense": 118,
        "interestIncomeExpense": -37,
        "minorityInterest": -18,
        "netIncome": 2551,
        "netIncomeAfterTaxes": -30,
        "nonRecurringItems": 298,
        "otherOperatingExpensesTotal": 13,
        "period": "2024-12-31",
        "pretaxIncome": 693,
        "provisionforIncomeTaxes": 723,
        "researchDevelopment": 162,
        "revenue": 5148,
        "sgaExpense": 743,
        "totalOperatingExpense": 918,
        "totalOtherIncomeExpenseNet": 0
      },
      {
        "costOfGoodsSold": 4292,
        "dilutedAverageSharesOutstanding": 915,
        "dilutedEPS": 0.48,
        "ebit": 760,
        "grossIncome": 1692,
        "interestExpense": 131,
        "interestIncomeExpense": 74,
        "minorityInterest": -34,
        "netIncome": 447,
        "netIncomeAfterTaxes": 598,
        "nonRecurringItems": -63,
        "otherOperatingExpensesTotal": 9,
        "period": "2024-09-30",
        "pretaxIncome": 770,
        "provisionforIncomeTaxes": 172,
        "researchDevelopment": 172,
        "revenue": 5984,
        "sgaExpense": 751,
        "totalOperatingExpense": 932,
        "totalOtherIncomeExpenseNet": -1
      },
      {
        "costOfGoodsSold": 4346,
        "dilutedAverageSharesOutstanding": 915,
        "dilutedEPS": 2.55,
        "ebit": 725,
        "grossIncome": 2981,
        "interestExpense": 175,
        "interestIncomeExpense": -263,
        "minorityInterest": -32,
        "netIncome": 2337,
        "netIncomeAfterTaxes": 447,
        "nonRecurringItems": -36,
        "otherOperatingExpensesTotal": -255,
        "period": "2024-06-30",
        "pretaxIncome": 567,
        "provisionforIncomeTaxes": 120,
        "researchDevelopment": 352,
        "revenue": 11354,
        "sgaExpense": 766,
        "totalOperatingExpense": 863,
        "totalOtherIncomeExpenseNet": 141
      },
      {
        "costOfGoodsSold": 4465,
        "dilutedAverageSharesOutstanding": 913,
        "dilutedEPS": 0.2946,
        "ebit": 600,
        "grossIncome": 1717,
        "interestExpense": 156,
        "interestIncomeExpense": -220,
        "minorityInterest": -20,
        "netIncome": 269,
        "netIncomeAfterTaxes": 289,
        "nonRecurringItems": -45,
        "otherOperatingExpensesTotal": -59,
        "period": "2024-03-31",
        "pretaxIncome": 335,
        "provisionforIncomeTaxes": 46,
        "researchDevelopment": 224,
        "revenue": 6182,
        "sgaExpense": 952,
        "totalOperatingExpense": 1117
      },
      {
        "costOfGoodsSold": 3662,
        "dilutedAverageSharesOutstanding": 853.9,
        "dilutedEPS": 0.4919,
        "ebit": 478,
        "grossIncome": 1440,
        "interestExpense": 97,
        "interestIncomeExpense": 265,
        "minorityInterest": -19,
        "netIncome": 420,
        "netIncomeAfterTaxes": 439,
        "nonRecurringItems": -183,
        "otherOperatingExpensesTotal": 0,
        "period": "2023-12-31",
        "pretaxIncome": 559,
        "provisionforIncomeTaxes": 120,
        "researchDevelopment": 170,
        "revenue": 5102,
        "sgaExpense": 792,
        "totalOperatingExpense": 962,
        "totalOtherIncomeExpenseNet": -1
      },
      {
        "costOfGoodsSold": 3912,
        "dilutedAverageSharesOutstanding": 854.7,
        "dilutedEPS": 0.42,
        "ebit": 660,
        "grossIncome": 1819,
        "interestExpense": 73,
        "interestIncomeExpense": 24,
        "minorityInterest": -24,
        "netIncome": 357,
        "netIncomeAfterTaxes": 381,
        "nonRecurringItems": -90,
        "otherOperatingExpensesTotal": 258,
        "period": "2023-09-30",
        "pretaxIncome": 594,
        "provisionforIncomeTaxes": 213,
        "researchDevelopment": 157,
        "revenue": 5731,
        "sgaExpense": 744,
        "totalOperatingExpense": 1159,
        "totalOtherIncomeExpenseNet": 0
      },
      {
        "costOfGoodsSold": 4234,
        "dilutedAverageSharesOutstanding": 850.9,
        "dilutedEPS": 0.23,
        "ebit": 460,
        "grossIncome": 1758,
        "interestExpense": 65,
        "interestIncomeExpense": -15,
        "minorityInterest": -34,
        "netIncome": 199,
        "netIncomeAfterTaxes": 233,
        "nonRecurringItems": -23,
        "otherOperatingExpensesTotal": 383,
        "period": "2023-06-30",
        "pretaxIncome": 422,
        "provisionforIncomeTaxes": 189,
        "researchDevelopment": 151,
        "revenue": 5992,
        "sgaExpense": 764,
        "totalOperatingExpense": 1298,
        "totalOtherIncomeExpenseNet": 0
      },
      {
        "costOfGoodsSold": 3889,
        "dilutedAverageSharesOutstanding": 852.2,
        "dilutedEPS": 0.44,
        "ebit": 540,
        "grossIncome": 1384,
        "interestExpense": 71,
        "interestIncomeExpense": -2,
        "minorityInterest": -14,
        "netIncome": 373,
        "netIncomeAfterTaxes": 387,
        "nonRecurringItems": -29,
        "otherOperatingExpensesTotal": 7,
        "period": "2023-03-31",
        "pretaxIncome": 509,
        "provisionforIncomeTaxes": 122,
        "researchDevelopment": 139,
        "revenue": 5273,
        "sgaExpense": 698,
        "totalOperatingExpense": 844,
        "totalOtherIncomeExpenseNet": 0
      },
      {
        "costOfGoodsSold": 3857,
        "dilutedAverageSharesOutstanding": 851.9,
        "dilutedEPS": 0.32,
        "ebit": 395,
        "grossIncome": 1248,
        "interestIncomeExpense": -14,
        "minorityInterest": -8,
        "netIncome": 270,
        "netIncomeAfterTaxes": 278,
        "nonRecurringItems": -2,
        "otherOperatingExpensesTotal": 32,
        "period": "2022-12-31",
        "pretaxIncome": 377,
        "provisionforIncomeTaxes": 99,
        "researchDevelopment": 149,
        "revenue": 5105,
        "sgaExpense": 672,
        "totalOperatingExpense": 853,
        "totalOtherIncomeExpenseNet": -2
      },
      {
        "costOfGoodsSold": 3973,
        "dilutedAverageSharesOutstanding": 856.5,
        "dilutedEPS": 1.53,
        "ebit": 1469,
        "grossIncome": 1478,
        "interestExpense": 71,
        "interestIncomeExpense": 7,
        "minorityInterest": -20,
        "netIncome": 1312,
        "netIncomeAfterTaxes": 1332,
        "nonRecurringItems": -6,
        "otherOperatingExpensesTotal": -753,
        "period": "2022-09-30",
        "pretaxIncome": 1470,
        "provisionforIncomeTaxes": 138,
        "researchDevelopment": 143,
        "revenue": 5451,
        "sgaExpense": 619,
        "totalOperatingExpense": 9,
        "totalOtherIncomeExpenseNet": 0
      },
      {
        "costOfGoodsSold": 3759,
        "dilutedAverageSharesOutstanding": 862.7,
        "dilutedEPS": 0.66,
        "ebit": 731,
        "grossIncome": 1452,
        "interestExpense": 68,
        "interestIncomeExpense": 40,
        "minorityInterest": -14,
        "netIncome": 573,
        "netIncomeAfterTaxes": 587,
        "nonRecurringItems": -13,
        "otherOperatingExpensesTotal": -7,
        "period": "2022-06-30",
        "pretaxIncome": 757,
        "provisionforIncomeTaxes": 170,
        "researchDevelopment": 122,
        "revenue": 5211,
        "sgaExpense": 606,
        "totalOperatingExpense": 721,
        "totalOtherIncomeExpenseNet": -1
      },
      {
        "costOfGoodsSold": 3359,
        "dilutedAverageSharesOutstanding": 874.1,
        "dilutedEPS": 1.58,
        "ebit": 1689,
        "grossIncome": 1295,
        "interestExpense": 87,
        "interestIncomeExpense": 10,
        "minorityInterest": -8,
        "netIncome": 1379,
        "netIncomeAfterTaxes": 1387,
        "nonRecurringItems": -10,
        "otherOperatingExpensesTotal": -1112,
        "period": "2022-03-31",
        "pretaxIncome": 1688,
        "provisionforIncomeTaxes": 301,
        "researchDevelopment": 125,
        "revenue": 4654,
        "sgaExpense": 593,
        "totalOperatingExpense": -394,
        "totalOtherIncomeExpenseNet": -1
      },
      {
        "costOfGoodsSold": 3757,
        "dilutedAverageSharesOutstanding": 888.5,
        "dilutedEPS": 0.36,
        "ebit": 455,
        "grossIncome": 1376,
        "interestExpense": 72,
        "interestIncomeExpense": -20,
        "minorityInterest": -8,
        "netIncome": 324,
        "netIncomeAfterTaxes": 332,
        "nonRecurringItems": -40,
        "otherOperatingExpensesTotal": -2,
        "period": "2021-12-31",
        "pretaxIncome": 405,
        "provisionforIncomeTaxes": 73,
        "researchDevelopment": 134,
        "revenue": 5133,
        "sgaExpense": 789,
        "totalOperatingExpense": 921,
        "totalOtherIncomeExpenseNet": 10
      },
      {
        "costOfGoodsSold": 3733,
        "dilutedAverageSharesOutstanding": 892,
        "dilutedEPS": 0.53,
        "ebit": 765,
        "grossIncome": 1608,
        "interestExpense": 76,
        "interestIncomeExpense": 2,
        "minorityInterest": -11,
        "netIncome": 469,
        "netIncomeAfterTaxes": 480,
        "nonRecurringItems": -13,
        "otherOperatingExpensesTotal": -22,
        "period": "2021-09-30",
        "pretaxIncome": 768,
        "provisionforIncomeTaxes": 288,
        "researchDevelopment": 123,
        "revenue": 5341,
        "sgaExpense": 742,
        "totalOperatingExpense": 843,
        "totalOtherIncomeExpenseNet": 14
      },
      {
        "costOfGoodsSold": 3815,
        "dilutedAverageSharesOutstanding": 890.9,
        "dilutedEPS": 0.55,
        "ebit": 720,
        "grossIncome": 1625,
        "interestExpense": 75,
        "interestIncomeExpense": 16,
        "minorityInterest": -10,
        "netIncome": 487,
        "netIncomeAfterTaxes": 497,
        "nonRecurringItems": -24,
        "otherOperatingExpensesTotal": -15,
        "period": "2021-06-30",
        "pretaxIncome": 731,
        "provisionforIncomeTaxes": 234,
        "researchDevelopment": 125,
        "revenue": 5440,
        "sgaExpense": 795,
        "totalOperatingExpense": 905,
        "totalOtherIncomeExpenseNet": 19
      },
      {
        "costOfGoodsSold": 3300,
        "dilutedAverageSharesOutstanding": 889.8,
        "dilutedEPS": 0.43,
        "ebit": 567,
        "grossIncome": 1399,
        "interestExpense": 96,
        "interestIncomeExpense": -55,
        "minorityInterest": -8,
        "netIncome": 384,
        "netIncomeAfterTaxes": 392,
        "nonRecurringItems": -34,
        "otherOperatingExpensesTotal": -3,
        "period": "2021-03-31",
        "pretaxIncome": 496,
        "provisionforIncomeTaxes": 104,
        "researchDevelopment": 121,
        "revenue": 4699,
        "sgaExpense": 714,
        "totalOperatingExpense": 832,
        "totalOtherIncomeExpenseNet": 18
      },
      {
        "costOfGoodsSold": 3294,
        "dilutedAverageSharesOutstanding": 892.2,
        "dilutedEPS": 0.99,
        "ebit": 375,
        "grossIncome": 1300,
        "interestExpense": 85,
        "interestIncomeExpense": 1100,
        "minorityInterest": -3,
        "netIncome": 884,
        "netIncomeAfterTaxes": 887,
        "nonRecurringItems": -312,
        "otherOperatingExpensesTotal": 3,
        "period": "2020-12-31",
        "pretaxIncome": 1176,
        "provisionforIncomeTaxes": 289,
        "researchDevelopment": 127,
        "revenue": 4594,
        "sgaExpense": 795,
        "totalOperatingExpense": 925,
        "totalOtherIncomeExpenseNet": 13
      },
      {
        "costOfGoodsSold": 3442,
        "dilutedAverageSharesOutstanding": 881.5,
        "dilutedEPS": 0.84,
        "ebit": 692,
        "grossIncome": 1560,
        "interestExpense": 90,
        "interestIncomeExpense": -26,
        "minorityInterest": -7,
        "netIncome": 741,
        "netIncomeAfterTaxes": 748,
        "nonRecurringItems": 327,
        "otherOperatingExpensesTotal": 91,
        "period": "2020-09-30",
        "pretaxIncome": 1009,
        "provisionforIncomeTaxes": 261,
        "researchDevelopment": 100,
        "revenue": 5002,
        "sgaExpense": 677,
        "totalOperatingExpense": 868,
        "totalOtherIncomeExpenseNet": 16
      },
      {
        "costOfGoodsSold": 2826,
        "dilutedAverageSharesOutstanding": 870.9,
        "dilutedEPS": 0.3,
        "ebit": 455,
        "grossIncome": 1146,
        "interestExpense": 85,
        "interestIncomeExpense": -24,
        "minorityInterest": -8,
        "netIncome": 261,
        "netIncomeAfterTaxes": 269,
        "nonRecurringItems": -70,
        "otherOperatingExpensesTotal": -34,
        "period": "2020-06-30",
        "pretaxIncome": 375,
        "provisionforIncomeTaxes": 106,
        "researchDevelopment": 94,
        "revenue": 3972,
        "sgaExpense": 631,
        "totalOperatingExpense": 691,
        "totalOtherIncomeExpenseNet": 14
      },
      {
        "costOfGoodsSold": 2765,
        "dilutedAverageSharesOutstanding": 866.2,
        "dilutedEPS": 0.11,
        "ebit": 352,
        "grossIncome": 1123,
        "interestExpense": 38,
        "interestIncomeExpense": -8,
        "minorityInterest": -6,
        "netIncome": 96,
        "netIncomeAfterTaxes": 102,
        "nonRecurringItems": -66,
        "otherOperatingExpensesTotal": -15,
        "period": "2020-03-31",
        "pretaxIncome": 295,
        "provisionforIncomeTaxes": 193,
        "researchDevelopment": 98,
        "revenue": 3888,
        "sgaExpense": 688,
        "totalOperatingExpense": 771,
        "totalOtherIncomeExpenseNet": 17
      },
      {
        "costOfGoodsSold": 3219,
        "dilutedAverageSharesOutstanding": 866.3,
        "dilutedEPS": 0.51,
        "ebit": 656,
        "grossIncome": 1282,
        "interestIncomeExpense": 42,
        "minorityInterest": -14,
        "netIncome": 440,
        "netIncomeAfterTaxes": 454,
        "nonRecurringItems": -137,
        "otherOperatingExpensesTotal": -148,
        "period": "2019-12-31",
        "pretaxIncome": 591,
        "provisionforIncomeTaxes": 137,
        "researchDevelopment": 99,
        "revenue": 4501,
        "sgaExpense": 675,
        "totalOperatingExpense": 626,
        "totalOtherIncomeExpenseNet": 30
      },
      {
        "costOfGoodsSold": 3362,
        "dilutedAverageSharesOutstanding": 866.2,
        "dilutedEPS": 0.57,
        "ebit": 585,
        "grossIncome": 1460,
        "interestExpense": 20,
        "interestIncomeExpense": 81,
        "minorityInterest": -12,
        "netIncome": 492,
        "netIncomeAfterTaxes": 504,
        "nonRecurringItems": -34,
        "otherOperatingExpensesTotal": 91,
        "period": "2019-09-30",
        "pretaxIncome": 679,
        "provisionforIncomeTaxes": 175,
        "researchDevelopment": 102,
        "revenue": 4822,
        "sgaExpense": 682,
        "totalOperatingExpense": 875,
        "totalOtherIncomeExpenseNet": 47
      },
      {
        "costOfGoodsSold": 3480,
        "dilutedAverageSharesOutstanding": 866.2,
        "dilutedEPS": 0.91,
        "ebit": 755,
        "grossIncome": 1482,
        "interestExpense": 9,
        "interestIncomeExpense": 96,
        "minorityInterest": -10,
        "netIncome": 784,
        "netIncomeAfterTaxes": 794,
        "nonRecurringItems": -30,
        "otherOperatingExpensesTotal": -34,
        "period": "2019-06-30",
        "pretaxIncome": 859,
        "provisionforIncomeTaxes": 65,
        "researchDevelopment": 103,
        "revenue": 4962,
        "sgaExpense": 658,
        "totalOperatingExpense": 727,
        "totalOtherIncomeExpenseNet": 38
      },
      {
        "costOfGoodsSold": 3092,
        "dilutedAverageSharesOutstanding": 866.2,
        "dilutedEPS": 0.46,
        "ebit": 493,
        "grossIncome": 1231,
        "interestExpense": 26,
        "interestIncomeExpense": 44,
        "minorityInterest": -3,
        "netIncome": 400,
        "netIncomeAfterTaxes": 403,
        "nonRecurringItems": -33,
        "otherOperatingExpensesTotal": -15,
        "period": "2019-03-31",
        "pretaxIncome": 543,
        "provisionforIncomeTaxes": 140,
        "researchDevelopment": 97,
        "revenue": 4323,
        "sgaExpense": 656,
        "totalOperatingExpense": 738,
        "totalOtherIncomeExpenseNet": 39
      }
    ],
    "symbol": "CARR"
  }
}