{
  "symbol": "DVA",
  "statement": "ic",
  "frequency": "annual",
  "timestamp": "2025-09-19T13:58:54.835160",
  "data": {
    "financials": [
      {
        "costOfGoodsSold": 8598.521,
        "depreciationAmortization": 723.86,
        "dilutedAverageSharesOutstanding": 87.274,
        "dilutedEPS": 10.7288,
        "ebit": 1954.828,
        "grossIncome": 4217.029,
        "interestExpense": 470.469,
        "interestIncomeExpense": -444.28,
        "minorityInterest": -314.395,
        "netIncome": 936.342,
        "netIncomeAfterTaxes": 1250.737,
        "nonRecurringItems": 89.653,
        "period": "2024-12-31",
        "pretaxIncome": 1530.393,
        "provisionforIncomeTaxes": 279.656,
        "revenue": 12815.55,
        "sgaExpense": 1538.341,
        "totalOperatingExpense": 2262.201,
        "totalOtherIncomeExpenseNet": -69.808,
        "year": 2024
      },
      {
        "costOfGoodsSold": 8319.717,
        "depreciationAmortization": 745.443,
        "dilutedAverageSharesOutstanding": 93.182,
        "dilutedEPS": 7.4213,
        "ebit": 1601.003,
        "grossIncome": 3820.43,
        "interestExpense": 398.551,
        "interestIncomeExpense": -370.687,
        "minorityInterest": -265.443,
        "netIncome": 691.535,
        "netIncomeAfterTaxes": 956.978,
        "nonRecurringItems": -34.045,
        "period": "2023-12-31",
        "pretaxIncome": 1177.094,
        "provisionforIncomeTaxes": 220.116,
        "revenue": 12140.147,
        "sgaExpense": 1473.984,
        "totalOperatingExpense": 2219.427,
        "totalOtherIncomeExpenseNet": -19.177,
        "year": 2023
      },
      {
        "costOfGoodsSold": 8210,
        "depreciationAmortization": 733,
        "dilutedAverageSharesOutstanding": 96,
        "dilutedEPS": 5.83,
        "ebit": 1312,
        "grossIncome": 3400,
        "interestExpense": 357.019,
        "interestIncomeExpense": -330,
        "minorityInterest": -221,
        "netIncome": 560,
        "netIncomeAfterTaxes": 768,
        "nonRecurringItems": 0,
        "period": "2022-12-31",
        "pretaxIncome": 966,
        "provisionforIncomeTaxes": 198,
        "revenue": 11610,
        "sgaExpense": 1355,
        "totalOperatingExpense": 2088,
        "totalOtherIncomeExpenseNet": -16,
        "year": 2022
      },
      {
        "costOfGoodsSold": 7972,
        "depreciationAmortization": 681,
        "dilutedAverageSharesOutstanding": 110,
        "dilutedEPS": 8.9,
        "ebit": 1770,
        "grossIncome": 3646,
        "interestExpense": 285.254,
        "interestIncomeExpense": -258,
        "minorityInterest": -233,
        "netIncome": 978,
        "netIncomeAfterTaxes": 1212,
        "nonRecurringItems": 0,
        "period": "2021-12-31",
        "pretaxIncome": 1518,
        "provisionforIncomeTaxes": 307,
        "revenue": 11619,
        "sgaExpense": 1195,
        "totalOperatingExpense": 1876,
        "totalOtherIncomeExpenseNet": 6,
        "year": 2021
      },
      {
        "costOfGoodsSold": 7989,
        "depreciationAmortization": 630,
        "dilutedAverageSharesOutstanding": 123,
        "dilutedEPS": 6.29,
        "ebit": 1684,
        "grossIncome": 3562,
        "interestExpense": 304.111,
        "interestIncomeExpense": -277,
        "minorityInterest": -221,
        "netIncome": 774,
        "netIncomeAfterTaxes": 1004,
        "nonRecurringItems": -105,
        "period": "2020-12-31",
        "pretaxIncome": 1318,
        "provisionforIncomeTaxes": 314,
        "revenue": 11551,
        "sgaExpense": 1248,
        "totalOperatingExpense": 1878,
        "totalOtherIncomeExpenseNet": 17,
        "year": 2020
      },
      {
        "costOfGoodsSold": 7914,
        "depreciationAmortization": 615,
        "dilutedAverageSharesOutstanding": 154,
        "dilutedEPS": 5.26,
        "ebit": 1755,
        "grossIncome": 3474,
        "interestExpense": 443.824,
        "interestIncomeExpense": -431,
        "minorityInterest": -210,
        "netIncome": 811,
        "netIncomeAfterTaxes": 916,
        "nonRecurringItems": -158,
        "period": "2019-12-31",
        "pretaxIncome": 1195,
        "provisionforIncomeTaxes": 280,
        "revenue": 11388,
        "sgaExpense": 1103,
        "totalOperatingExpense": 1720,
        "totalOtherIncomeExpenseNet": 29,
        "year": 2019
      },
      {
        "costOfGoodsSold": 8196,
        "depreciationAmortization": 591,
        "dilutedAverageSharesOutstanding": 172,
        "dilutedEPS": 0.92,
        "ebit": 1490,
        "grossIncome": 3209,
        "interestExpense": 487.435,
        "interestIncomeExpense": -491,
        "minorityInterest": -174,
        "netIncome": 159,
        "netIncomeAfterTaxes": 790,
        "nonRecurringItems": 40,
        "period": "2018-12-31",
        "pretaxIncome": 1048,
        "provisionforIncomeTaxes": 258,
        "revenue": 11405,
        "sgaExpense": 1128,
        "totalOperatingExpense": 1719,
        "totalOtherIncomeExpenseNet": 10,
        "year": 2018
      },
      {
        "costOfGoodsSold": 7640,
        "depreciationAmortization": 560,
        "dilutedAverageSharesOutstanding": 191,
        "dilutedEPS": 3.47,
        "ebit": 1620,
        "grossIncome": 3237,
        "interestExpense": 438.912,
        "interestIncomeExpense": -440,
        "minorityInterest": -167,
        "netIncome": 664,
        "netIncomeAfterTaxes": 824,
        "nonRecurringItems": 202,
        "period": "2017-12-31",
        "pretaxIncome": 1400,
        "provisionforIncomeTaxes": 576,
        "revenue": 10877,
        "sgaExpense": 1057,
        "totalOperatingExpense": 1617,
        "totalOtherIncomeExpenseNet": 18,
        "year": 2017
      },
      {
        "costOfGoodsSold": 7432,
        "depreciationAmortization": 509,
        "dilutedAverageSharesOutstanding": 205,
        "dilutedEPS": 4.29,
        "ebit": 1682,
        "grossIncome": 3276,
        "interestExpense": 418.314,
        "interestIncomeExpense": -397,
        "minorityInterest": -153,
        "netIncome": 880,
        "netIncomeAfterTaxes": 1191,
        "nonRecurringItems": 331,
        "period": "2016-12-31",
        "pretaxIncome": 1623,
        "provisionforIncomeTaxes": 432,
        "revenue": 10707,
        "sgaExpense": 1085,
        "totalOperatingExpense": 1594,
        "totalOtherIncomeExpenseNet": 8,
        "year": 2016
      },
      {
        "costOfGoodsSold": 9825,
        "depreciationAmortization": 638,
        "dilutedAverageSharesOutstanding": 216,
        "dilutedEPS": 1.25,
        "ebit": 1858,
        "grossIncome": 3957,
        "interestExpense": 461.555,
        "interestIncomeExpense": -438,
        "minorityInterest": -158,
        "netIncome": 270,
        "netIncomeAfterTaxes": 427,
        "nonRecurringItems": -705,
        "period": "2015-12-31",
        "pretaxIncome": 723,
        "provisionforIncomeTaxes": 296,
        "revenue": 13782,
        "sgaExpense": 1461,
        "totalOperatingExpense": 2099,
        "totalOtherIncomeExpenseNet": 9,
        "year": 2015
      }
    ],
    "symbol": "DVA"
  }
}