{
  "symbol": "GOOGL",
  "statement": "ic",
  "frequency": "annual",
  "timestamp": "2025-09-19T13:55:37.622425",
  "data": {
    "financials": [
      {
        "costOfGoodsSold": 146306,
        "dilutedAverageSharesOutstanding": 13313,
        "dilutedEPS": 7.52,
        "ebit": 113690,
        "grossIncome": 203712,
        "interestExpense": 268,
        "interestIncomeExpense": 6288,
        "netIncome": 100118,
        "netIncomeAfterTaxes": 102818,
        "nonRecurringItems": -1300,
        "period": "2024-12-31",
        "pretaxIncome": 119815,
        "provisionforIncomeTaxes": 16997,
        "researchDevelopment": 49326,
        "revenue": 350018,
        "sgaExpense": 40696,
        "totalOperatingExpense": 90022,
        "totalOtherIncomeExpenseNet": 1137,
        "year": 2024
      },
      {
        "costOfGoodsSold": 132372,
        "dilutedAverageSharesOutstanding": 12630,
        "dilutedEPS": 5.84,
        "ebit": 88226,
        "grossIncome": 175022,
        "interestExpense": 308,
        "interestIncomeExpense": 868,
        "netIncome": 73795,
        "netIncomeAfterTaxes": 73795,
        "nonRecurringItems": -3933,
        "period": "2023-12-31",
        "pretaxIncome": 85717,
        "provisionforIncomeTaxes": 11922,
        "researchDevelopment": 43709,
        "revenue": 307394,
        "sgaExpense": 43087,
        "totalOperatingExpense": 86796,
        "totalOtherIncomeExpenseNet": 556,
        "year": 2023
      },
      {
        "costOfGoodsSold": 126203,
        "dilutedAverageSharesOutstanding": 13159,
        "dilutedEPS": 4.55,
        "ebit": 74842,
        "grossIncome": 156633,
        "interestExpense": 357,
        "interestIncomeExpense": -4693,
        "netIncome": 59972,
        "netIncomeAfterTaxes": 61572,
        "period": "2022-12-31",
        "pretaxIncome": 71328,
        "provisionforIncomeTaxes": 9756,
        "researchDevelopment": 39500,
        "revenue": 282836,
        "sgaExpense": 42291,
        "totalOperatingExpense": 81791,
        "totalOtherIncomeExpenseNet": 1179,
        "year": 2022
      },
      {
        "costOfGoodsSold": 110939,
        "dilutedAverageSharesOutstanding": 13553.48,
        "dilutedEPS": 5.61,
        "ebit": 78714,
        "grossIncome": 146698,
        "interestExpense": 346,
        "interestIncomeExpense": 13517,
        "netIncome": 76033,
        "netIncomeAfterTaxes": 76033,
        "nonRecurringItems": 0,
        "period": "2021-12-31",
        "pretaxIncome": 90734,
        "provisionforIncomeTaxes": 14701,
        "researchDevelopment": 31562,
        "revenue": 257637,
        "sgaExpense": 36422,
        "totalOperatingExpense": 67984,
        "totalOtherIncomeExpenseNet": -1497,
        "year": 2021
      },
      {
        "costOfGoodsSold": 84732,
        "dilutedAverageSharesOutstanding": 13740.56,
        "dilutedEPS": 2.93,
        "ebit": 41224,
        "grossIncome": 97795,
        "interestExpense": 135,
        "interestIncomeExpense": 8104,
        "netIncome": 40269,
        "netIncomeAfterTaxes": 40269,
        "nonRecurringItems": 0,
        "period": "2020-12-31",
        "pretaxIncome": 48082,
        "provisionforIncomeTaxes": 7813,
        "researchDevelopment": 27573,
        "revenue": 182527,
        "sgaExpense": 28998,
        "totalOperatingExpense": 56571,
        "totalOtherIncomeExpenseNet": -1246,
        "year": 2020
      },
      {
        "costOfGoodsSold": 71896,
        "dilutedAverageSharesOutstanding": 13971.12,
        "dilutedEPS": 2.46,
        "ebit": 35928,
        "grossIncome": 89961,
        "interestExpense": 100,
        "interestIncomeExpense": 5473,
        "netIncome": 34343,
        "netIncomeAfterTaxes": 34343,
        "nonRecurringItems": -1697,
        "period": "2019-12-31",
        "pretaxIncome": 39625,
        "provisionforIncomeTaxes": 5282,
        "researchDevelopment": 26018,
        "revenue": 161857,
        "sgaExpense": 28015,
        "totalOperatingExpense": 54033,
        "totalOtherIncomeExpenseNet": -79,
        "year": 2019
      },
      {
        "costOfGoodsSold": 59549,
        "dilutedAverageSharesOutstanding": 14065.7,
        "dilutedEPS": 2.19,
        "ebit": 32595,
        "grossIncome": 77270,
        "interestExpense": 114,
        "interestIncomeExpense": 8383,
        "netIncome": 30736,
        "netIncomeAfterTaxes": 30736,
        "nonRecurringItems": -5071,
        "period": "2018-12-31",
        "pretaxIncome": 34913,
        "provisionforIncomeTaxes": 4177,
        "researchDevelopment": 21419,
        "revenue": 136819,
        "sgaExpense": 23256,
        "totalOperatingExpense": 44675,
        "totalOtherIncomeExpenseNet": -994,
        "year": 2018
      },
      {
        "costOfGoodsSold": 45583,
        "dilutedAverageSharesOutstanding": 14071.68,
        "dilutedEPS": 0.89,
        "ebit": 28914,
        "grossIncome": 65272,
        "interestExpense": 109,
        "interestIncomeExpense": 765,
        "netIncome": 12662,
        "netIncomeAfterTaxes": 22486,
        "nonRecurringItems": -2736,
        "period": "2017-12-31",
        "pretaxIncome": 27193,
        "provisionforIncomeTaxes": 4707,
        "researchDevelopment": 16625,
        "revenue": 110855,
        "sgaExpense": 19733,
        "totalOperatingExpense": 36358,
        "totalOtherIncomeExpenseNet": 250,
        "year": 2017
      },
      {
        "costOfGoodsSold": 35138,
        "dilutedAverageSharesOutstanding": 13974.12,
        "dilutedEPS": 1.39,
        "ebit": 23716,
        "grossIncome": 55134,
        "interestExpense": 124,
        "interestIncomeExpense": 90,
        "netIncome": 19478,
        "netIncomeAfterTaxes": 19478,
        "period": "2016-12-31",
        "pretaxIncome": 24150,
        "provisionforIncomeTaxes": 4672,
        "researchDevelopment": 13948,
        "revenue": 90272,
        "sgaExpense": 17470,
        "totalOperatingExpense": 31418,
        "totalOtherIncomeExpenseNet": 344,
        "year": 2016
      },
      {
        "costOfGoodsSold": 28164,
        "dilutedAverageSharesOutstanding": 13858.6,
        "dilutedEPS": 1.14,
        "ebit": 19360,
        "gainLossOnDispositionOfAssets": 0,
        "grossIncome": 46825,
        "interestExpense": 104,
        "interestIncomeExpense": 35,
        "netIncome": 15826,
        "netIncomeAfterTaxes": 16348,
        "period": "2015-12-31",
        "pretaxIncome": 19651,
        "provisionforIncomeTaxes": 3303,
        "researchDevelopment": 12282,
        "revenue": 74989,
        "sgaExpense": 15183,
        "totalOperatingExpense": 27465,
        "totalOtherIncomeExpenseNet": 256,
        "year": 2015
      }
    ],
    "symbol": "GOOGL"
  }
}