{
  "symbol": "WRB",
  "statement": "ic",
  "frequency": "annual",
  "timestamp": "2025-09-19T14:08:29.715455",
  "data": {
    "financials": [
      {
        "benefitsClaimsLossAdjustment": 7131.595,
        "dilutedAverageSharesOutstanding": 403.224,
        "dilutedEPS": 4.36,
        "ebit": 2391.4,
        "grossPremiumsEarned": 12187.883,
        "interestExpense": 126.907,
        "interestIncomeExpense": -126.907,
        "minorityInterest": 1.538,
        "netIncome": 1756.115,
        "netIncomeAfterTaxes": 1754.577,
        "otherOperatingExpensesTotal": 4115.757,
        "period": "2024-12-31",
        "pretaxIncome": 2264.493,
        "provisionforIncomeTaxes": 509.916,
        "revenue": 13638.752,
        "totalOperatingExpense": 11247.352,
        "year": 2024
      },
      {
        "benefitsClaimsLossAdjustment": 9417.542,
        "dilutedAverageSharesOutstanding": 409.945,
        "dilutedEPS": 3.37,
        "ebit": 1844.661,
        "grossPremiumsEarned": 11043.061,
        "interestExpense": 127.459,
        "interestIncomeExpense": -89.258,
        "minorityInterest": -2.487,
        "netIncome": 1381.359,
        "netIncomeAfterTaxes": 1383.846,
        "nonRecurringItems": -1,
        "otherOperatingExpensesTotal": 766.479,
        "period": "2023-12-31",
        "pretaxIncome": 1754.403,
        "provisionforIncomeTaxes": 370.557,
        "revenue": 12072.938,
        "sgaExpense": 44.256,
        "totalOperatingExpense": 10228.277,
        "year": 2023
      },
      {
        "benefitsClaimsLossAdjustment": 8627.072,
        "dilutedAverageSharesOutstanding": 419.189,
        "dilutedEPS": 3.29,
        "ebit": 1804.125,
        "grossPremiumsEarned": 10184.917,
        "interestExpense": 130.374,
        "interestIncomeExpense": -79.444,
        "minorityInterest": -3.892,
        "netIncome": 1381.062,
        "netIncomeAfterTaxes": 1384.954,
        "nonRecurringItems": -5,
        "otherOperatingExpensesTotal": 691.919,
        "period": "2022-12-31",
        "pretaxIncome": 1719.681,
        "provisionforIncomeTaxes": 334.727,
        "revenue": 11166.499,
        "sgaExpense": 43.383,
        "totalOperatingExpense": 9362.374,
        "year": 2022
      },
      {
        "benefitsClaimsLossAdjustment": 7288.69,
        "dilutedAverageSharesOutstanding": 419.619,
        "dilutedEPS": 2.44,
        "ebit": 1473.881,
        "grossPremiumsEarned": 8693.216,
        "interestExpense": 147.18,
        "interestIncomeExpense": -121.455,
        "minorityInterest": -8.525,
        "netIncome": 1022.49,
        "netIncomeAfterTaxes": 1031.015,
        "nonRecurringItems": -69.521,
        "otherOperatingExpensesTotal": 648.844,
        "period": "2021-12-31",
        "pretaxIncome": 1282.905,
        "provisionforIncomeTaxes": 251.89,
        "revenue": 9455.466,
        "sgaExpense": 44.051,
        "totalOperatingExpense": 7981.585,
        "year": 2021
      },
      {
        "benefitsClaimsLossAdjustment": 6494.443,
        "dilutedAverageSharesOutstanding": 424.713,
        "dilutedEPS": 1.25,
        "ebit": 1035.142,
        "grossPremiumsEarned": 7412.104,
        "interestExpense": 150.537,
        "interestIncomeExpense": -150.9,
        "minorityInterest": -2.315,
        "netIncome": 530.67,
        "netIncomeAfterTaxes": 532.985,
        "nonRecurringItems": -179.44,
        "otherOperatingExpensesTotal": 525.049,
        "period": "2020-12-31",
        "pretaxIncome": 704.802,
        "provisionforIncomeTaxes": 171.817,
        "revenue": 8098.925,
        "sgaExpense": 44.291,
        "totalOperatingExpense": 7063.783,
        "year": 2020
      },
      {
        "benefitsClaimsLossAdjustment": 6322.734,
        "dilutedAverageSharesOutstanding": 435.418,
        "dilutedEPS": 1.57,
        "ebit": 975.614,
        "grossPremiumsEarned": 7135.879,
        "interestExpense": 153.409,
        "interestIncomeExpense": -122.694,
        "minorityInterest": -2.041,
        "netIncome": 681.944,
        "netIncomeAfterTaxes": 683.985,
        "nonRecurringItems": 0,
        "otherOperatingExpensesTotal": 559.741,
        "period": "2019-12-31",
        "pretaxIncome": 852.92,
        "provisionforIncomeTaxes": 168.935,
        "revenue": 7902.196,
        "sgaExpense": 44.107,
        "totalOperatingExpense": 6926.582,
        "year": 2019
      },
      {
        "benefitsClaimsLossAdjustment": 6191.94,
        "dilutedAverageSharesOutstanding": 649.319,
        "dilutedEPS": 0.98,
        "ebit": 947.899,
        "grossPremiumsEarned": 6862.928,
        "interestExpense": 157.185,
        "interestIncomeExpense": -130.118,
        "minorityInterest": -8.317,
        "netIncome": 640.749,
        "netIncomeAfterTaxes": 627.116,
        "nonRecurringItems": -5.687,
        "otherOperatingExpensesTotal": 557.499,
        "period": "2018-12-31",
        "pretaxIncome": 812.094,
        "provisionforIncomeTaxes": 184.978,
        "revenue": 7697.338,
        "totalOperatingExpense": 6749.439,
        "year": 2018
      },
      {
        "benefitsClaimsLossAdjustment": 6233.148,
        "dilutedAverageSharesOutstanding": 653.136,
        "dilutedEPS": 0.84,
        "ebit": 935.334,
        "grossPremiumsEarned": 6773.118,
        "interestExpense": 147.297,
        "interestIncomeExpense": -162.564,
        "minorityInterest": -4.243,
        "netIncome": 549.094,
        "netIncomeAfterTaxes": 532.606,
        "nonRecurringItems": 0,
        "otherOperatingExpensesTotal": 516.282,
        "period": "2017-12-31",
        "pretaxIncome": 772.77,
        "provisionforIncomeTaxes": 240.164,
        "revenue": 7684.764,
        "totalOperatingExpense": 6749.43,
        "year": 2017
      },
      {
        "benefitsClaimsLossAdjustment": 6073.911,
        "dilutedAverageSharesOutstanding": 650.784,
        "dilutedEPS": 0.92,
        "ebit": 1043.544,
        "grossPremiumsEarned": 6823.016,
        "interestExpense": 140.896,
        "interestIncomeExpense": -128.992,
        "minorityInterest": -1.569,
        "netIncome": 601.916,
        "netIncomeAfterTaxes": 603.485,
        "nonRecurringItems": -18.114,
        "otherOperatingExpensesTotal": 554.843,
        "period": "2016-12-31",
        "pretaxIncome": 896.438,
        "provisionforIncomeTaxes": 292.953,
        "revenue": 7672.298,
        "totalOperatingExpense": 6628.754,
        "year": 2016
      },
      {
        "benefitsClaimsLossAdjustment": 5789.133,
        "dilutedAverageSharesOutstanding": 659.066,
        "dilutedEPS": 0.76,
        "ebit": 896.685,
        "grossPremiumsEarned": 6601.488,
        "interestExpense": 130.946,
        "interestIncomeExpense": -131.346,
        "minorityInterest": -0.413,
        "netIncome": 503.694,
        "netIncomeAfterTaxes": 504.107,
        "nonRecurringItems": -33.309,
        "otherOperatingExpensesTotal": 553.948,
        "period": "2015-12-31",
        "pretaxIncome": 732.03,
        "provisionforIncomeTaxes": 227.923,
        "revenue": 7239.766,
        "totalOperatingExpense": 6343.081,
        "year": 2015
      }
    ],
    "symbol": "WRB"
  }
}