{
  "symbol": "HII",
  "statement": "ic",
  "frequency": "annual",
  "timestamp": "2025-09-19T14:01:50.386873",
  "data": {
    "financials": [
      {
        "costOfGoodsSold": 10085,
        "dilutedAverageSharesOutstanding": 39.4,
        "dilutedEPS": 13.9594,
        "ebit": 486,
        "grossIncome": 1450,
        "interestExpense": 95,
        "interestIncomeExpense": -46,
        "netIncome": 550,
        "netIncomeAfterTaxes": 550,
        "otherOperatingExpensesTotal": -9,
        "period": "2024-12-31",
        "pretaxIncome": 643,
        "provisionforIncomeTaxes": 93,
        "researchDevelopment": 27,
        "revenue": 11535,
        "sgaExpense": 946,
        "totalOperatingExpense": 964,
        "totalOtherIncomeExpenseNet": 203,
        "year": 2024
      },
      {
        "costOfGoodsSold": 9808,
        "dilutedAverageSharesOutstanding": 39.9,
        "dilutedEPS": 17.0677,
        "ebit": 744,
        "grossIncome": 1646,
        "interestExpense": 95,
        "interestIncomeExpense": -58,
        "netIncome": 681,
        "netIncomeAfterTaxes": 681,
        "otherOperatingExpensesTotal": -120,
        "period": "2023-12-31",
        "pretaxIncome": 853,
        "provisionforIncomeTaxes": 172,
        "researchDevelopment": 35,
        "revenue": 11454,
        "sgaExpense": 987,
        "totalOperatingExpense": 902,
        "totalOtherIncomeExpenseNet": 167,
        "year": 2023
      },
      {
        "costOfGoodsSold": 9236,
        "dilutedAverageSharesOutstanding": 40,
        "dilutedEPS": 14.47,
        "ebit": 517,
        "grossIncome": 1440,
        "interestExpense": 102,
        "interestIncomeExpense": -54,
        "netIncome": 579,
        "netIncomeAfterTaxes": 579,
        "otherOperatingExpensesTotal": -1,
        "period": "2022-12-31",
        "pretaxIncome": 719,
        "provisionforIncomeTaxes": 140,
        "researchDevelopment": 40,
        "revenue": 10676,
        "sgaExpense": 884,
        "totalOperatingExpense": 923,
        "totalOtherIncomeExpenseNet": 256,
        "year": 2022
      },
      {
        "costOfGoodsSold": 8156,
        "dilutedAverageSharesOutstanding": 40,
        "dilutedEPS": 13.6,
        "ebit": 470,
        "grossIncome": 1368,
        "interestExpense": 89,
        "interestIncomeExpense": -48,
        "netIncome": 544,
        "netIncomeAfterTaxes": 544,
        "nonRecurringItems": 2,
        "period": "2021-12-31",
        "pretaxIncome": 622,
        "provisionforIncomeTaxes": 78,
        "researchDevelopment": 34,
        "revenue": 9524,
        "sgaExpense": 864,
        "totalOperatingExpense": 898,
        "totalOtherIncomeExpenseNet": 198,
        "year": 2021
      },
      {
        "costOfGoodsSold": 7691,
        "dilutedAverageSharesOutstanding": 41,
        "dilutedEPS": 16.97,
        "ebit": 767,
        "grossIncome": 1670,
        "interestExpense": 114,
        "interestIncomeExpense": -82,
        "netIncome": 696,
        "netIncomeAfterTaxes": 696,
        "otherOperatingExpensesTotal": -1,
        "period": "2020-12-31",
        "pretaxIncome": 810,
        "provisionforIncomeTaxes": 114,
        "researchDevelopment": 31,
        "revenue": 9361,
        "sgaExpense": 873,
        "totalOperatingExpense": 903,
        "totalOtherIncomeExpenseNet": 125,
        "year": 2020
      },
      {
        "costOfGoodsSold": 7368,
        "dilutedAverageSharesOutstanding": 41,
        "dilutedEPS": 13.39,
        "ebit": 743,
        "grossIncome": 1531,
        "interestExpense": 70,
        "interestIncomeExpense": -48,
        "netIncome": 549,
        "netIncomeAfterTaxes": 549,
        "nonRecurringItems": -29,
        "otherOperatingExpensesTotal": 0,
        "period": "2019-12-31",
        "pretaxIncome": 683,
        "provisionforIncomeTaxes": 134,
        "researchDevelopment": 23,
        "revenue": 8899,
        "sgaExpense": 765,
        "totalOperatingExpense": 788,
        "totalOtherIncomeExpenseNet": 17,
        "year": 2019
      },
      {
        "costOfGoodsSold": 6385,
        "dilutedAverageSharesOutstanding": 44,
        "dilutedEPS": 19,
        "ebit": 934,
        "grossIncome": 1791,
        "interestExpense": 58,
        "interestIncomeExpense": -41,
        "netIncome": 836,
        "netIncomeAfterTaxes": 836,
        "otherOperatingExpensesTotal": -14,
        "period": "2018-12-31",
        "pretaxIncome": 971,
        "provisionforIncomeTaxes": 135,
        "researchDevelopment": 25,
        "revenue": 8176,
        "sgaExpense": 846,
        "totalOperatingExpense": 857,
        "totalOtherIncomeExpenseNet": 78,
        "year": 2018
      },
      {
        "costOfGoodsSold": 5813,
        "dilutedAverageSharesOutstanding": 46,
        "dilutedEPS": 10.41,
        "ebit": 869,
        "grossIncome": 1628,
        "interestExpense": 94,
        "interestIncomeExpense": -82,
        "netIncome": 479,
        "netIncomeAfterTaxes": 479,
        "nonRecurringItems": 0,
        "otherOperatingExpensesTotal": 0,
        "period": "2017-12-31",
        "pretaxIncome": 772,
        "provisionforIncomeTaxes": 293,
        "researchDevelopment": 17,
        "revenue": 7441,
        "sgaExpense": 742,
        "totalOperatingExpense": 759,
        "totalOtherIncomeExpenseNet": -15,
        "year": 2017
      },
      {
        "costOfGoodsSold": 5608,
        "dilutedAverageSharesOutstanding": 47,
        "dilutedEPS": 12.19,
        "ebit": 852,
        "grossIncome": 1460,
        "interestExpense": 74,
        "interestIncomeExpense": -68,
        "netIncome": 573,
        "netIncomeAfterTaxes": 573,
        "nonRecurringItems": 0,
        "otherOperatingExpensesTotal": -15,
        "period": "2016-12-31",
        "pretaxIncome": 784,
        "provisionforIncomeTaxes": 211,
        "revenue": 7068,
        "sgaExpense": 623,
        "totalOperatingExpense": 608,
        "totalOtherIncomeExpenseNet": 0,
        "year": 2016
      },
      {
        "costOfGoodsSold": 5517,
        "dilutedAverageSharesOutstanding": 48,
        "dilutedEPS": 8.41,
        "ebit": 834,
        "grossIncome": 1503,
        "interestExpense": 137,
        "interestIncomeExpense": -127,
        "netIncome": 404,
        "netIncomeAfterTaxes": 404,
        "nonRecurringItems": -75,
        "period": "2015-12-31",
        "pretaxIncome": 632,
        "provisionforIncomeTaxes": 228,
        "revenue": 7020,
        "sgaExpense": 669,
        "totalOperatingExpense": 669,
        "totalOtherIncomeExpenseNet": 0,
        "year": 2015
      }
    ],
    "symbol": "HII"
  }
}