{
  "symbol": "SLB",
  "statement": "ic",
  "frequency": "annual",
  "timestamp": "2025-09-19T14:06:31.256759",
  "data": {
    "financials": [
      {
        "costOfGoodsSold": 28786,
        "dilutedAverageSharesOutstanding": 1436,
        "dilutedEPS": 3.1066,
        "ebit": 6369,
        "grossIncome": 7503,
        "interestExpense": 512,
        "interestIncomeExpense": -132,
        "minorityInterest": -118,
        "netIncome": 4461,
        "netIncomeAfterTaxes": 4579,
        "nonRecurringItems": -565,
        "period": "2024-12-31",
        "pretaxIncome": 5672,
        "provisionforIncomeTaxes": 1093,
        "researchDevelopment": 749,
        "revenue": 36289,
        "sgaExpense": 385,
        "totalOperatingExpense": 1134,
        "year": 2024
      },
      {
        "costOfGoodsSold": 26561,
        "dilutedAverageSharesOutstanding": 1443,
        "dilutedEPS": 2.9127,
        "ebit": 5499,
        "grossIncome": 6574,
        "interestExpense": 503,
        "interestIncomeExpense": -197,
        "minorityInterest": -72,
        "netIncome": 4203,
        "netIncomeAfterTaxes": 4275,
        "nonRecurringItems": -20,
        "period": "2023-12-31",
        "pretaxIncome": 5282,
        "provisionforIncomeTaxes": 1007,
        "researchDevelopment": 711,
        "revenue": 33135,
        "sgaExpense": 364,
        "totalOperatingExpense": 1075,
        "year": 2023
      },
      {
        "costOfGoodsSold": 22930,
        "dilutedAverageSharesOutstanding": 1437,
        "dilutedEPS": 2.3946,
        "ebit": 4151,
        "gainLossOnDispositionOfAssets": 43,
        "grossIncome": 5161,
        "interestExpense": 490,
        "interestIncomeExpense": -259,
        "minorityInterest": -51,
        "netIncome": 3441,
        "netIncomeAfterTaxes": 3492,
        "nonRecurringItems": 325,
        "period": "2022-12-31",
        "pretaxIncome": 4271,
        "provisionforIncomeTaxes": 779,
        "researchDevelopment": 634,
        "revenue": 28091,
        "sgaExpense": 376,
        "totalOperatingExpense": 1010,
        "totalOtherIncomeExpenseNet": 11,
        "year": 2022
      },
      {
        "costOfGoodsSold": 19271,
        "dilutedAverageSharesOutstanding": 1427,
        "dilutedEPS": 1.3182,
        "ebit": 2765,
        "grossIncome": 3658,
        "interestExpense": 539,
        "interestIncomeExpense": -419,
        "minorityInterest": -47,
        "netIncome": 1881,
        "netIncomeAfterTaxes": 1928,
        "nonRecurringItems": 28,
        "period": "2021-12-31",
        "pretaxIncome": 2374,
        "provisionforIncomeTaxes": 446,
        "researchDevelopment": 554,
        "revenue": 22929,
        "sgaExpense": 339,
        "totalOperatingExpense": 893,
        "year": 2021
      },
      {
        "costOfGoodsSold": 21000,
        "dilutedAverageSharesOutstanding": 1390,
        "dilutedEPS": -7.57,
        "ebit": 1656,
        "grossIncome": 2601,
        "interestExpense": 563,
        "interestIncomeExpense": -400,
        "minorityInterest": -32,
        "netIncome": -10518,
        "netIncomeAfterTaxes": -10486,
        "nonRecurringItems": -12554,
        "period": "2020-12-31",
        "pretaxIncome": -11298,
        "provisionforIncomeTaxes": -812,
        "researchDevelopment": 580,
        "revenue": 23601,
        "sgaExpense": 365,
        "totalOperatingExpense": 945,
        "year": 2020
      },
      {
        "costOfGoodsSold": 28715,
        "dilutedAverageSharesOutstanding": 1385,
        "dilutedEPS": -7.32,
        "ebit": 3011,
        "grossIncome": 4202,
        "interestExpense": 644,
        "interestIncomeExpense": -528,
        "minorityInterest": -30,
        "netIncome": -10137,
        "netIncomeAfterTaxes": -10107,
        "nonRecurringItems": -12901,
        "period": "2019-12-31",
        "pretaxIncome": -10418,
        "provisionforIncomeTaxes": -311,
        "researchDevelopment": 717,
        "revenue": 32917,
        "sgaExpense": 474,
        "totalOperatingExpense": 1191,
        "year": 2019
      },
      {
        "costOfGoodsSold": 28517,
        "dilutedAverageSharesOutstanding": 1393,
        "dilutedEPS": 1.53,
        "ebit": 3152,
        "grossIncome": 4298,
        "interestExpense": 520,
        "interestIncomeExpense": -387,
        "minorityInterest": -39,
        "netIncome": 2138,
        "netIncomeAfterTaxes": 2177,
        "nonRecurringItems": -141,
        "period": "2018-12-31",
        "pretaxIncome": 2624,
        "provisionforIncomeTaxes": 447,
        "researchDevelopment": 702,
        "revenue": 32815,
        "sgaExpense": 444,
        "totalOperatingExpense": 1146,
        "year": 2018
      },
      {
        "costOfGoodsSold": 26509,
        "dilutedAverageSharesOutstanding": 1388,
        "dilutedEPS": -1.08,
        "ebit": 2712,
        "grossIncome": 3931,
        "interestExpense": 639,
        "interestIncomeExpense": -376,
        "minorityInterest": 8,
        "netIncome": -1505,
        "netIncomeAfterTaxes": -1437,
        "nonRecurringItems": -3519,
        "period": "2017-12-31",
        "pretaxIncome": -1183,
        "provisionforIncomeTaxes": 254,
        "researchDevelopment": 787,
        "revenue": 30440,
        "sgaExpense": 432,
        "totalOperatingExpense": 1219,
        "year": 2017
      },
      {
        "costOfGoodsSold": 23864,
        "dilutedAverageSharesOutstanding": 1357,
        "dilutedEPS": -1.24,
        "ebit": 2531,
        "grossIncome": 3946,
        "interestExpense": 539,
        "interestIncomeExpense": -616,
        "minorityInterest": -60,
        "netIncome": -1687,
        "netIncomeAfterTaxes": -1627,
        "nonRecurringItems": -3820,
        "period": "2016-12-31",
        "pretaxIncome": -1905,
        "provisionforIncomeTaxes": -278,
        "researchDevelopment": 1012,
        "revenue": 27810,
        "sgaExpense": 403,
        "totalOperatingExpense": 1415,
        "year": 2016
      },
      {
        "costOfGoodsSold": 28167,
        "dilutedAverageSharesOutstanding": 1275,
        "dilutedEPS": 1.63,
        "ebit": 5720,
        "grossIncome": 7308,
        "interestExpense": 282,
        "interestIncomeExpense": -264,
        "minorityInterest": -63,
        "netIncome": 2072,
        "netIncomeAfterTaxes": 2135,
        "nonRecurringItems": -2575,
        "period": "2015-12-31",
        "pretaxIncome": 2881,
        "provisionforIncomeTaxes": 746,
        "researchDevelopment": 1094,
        "revenue": 35475,
        "sgaExpense": 494,
        "totalOperatingExpense": 1588,
        "year": 2015
      }
    ],
    "symbol": "SLB"
  }
}