{
  "symbol": "EL",
  "statement": "ic",
  "frequency": "annual",
  "timestamp": "2025-09-19T14:00:01.751383",
  "data": {
    "financials": [
      {
        "costOfGoodsSold": 3721,
        "dilutedAverageSharesOutstanding": 360.1,
        "dilutedEPS": -3.1464,
        "ebit": 1146,
        "grossIncome": 10602,
        "interestExpense": 357,
        "interestIncomeExpense": -243,
        "minorityInterest": 0,
        "netIncome": -1133,
        "netIncomeAfterTaxes": -1133,
        "nonRecurringItems": -1931,
        "period": "2025-06-30",
        "pretaxIncome": -1040,
        "provisionforIncomeTaxes": 93,
        "researchDevelopment": 316,
        "revenue": 14323,
        "sgaExpense": 9140,
        "totalOperatingExpense": 9456,
        "totalOtherIncomeExpenseNet": -12,
        "year": 2025
      },
      {
        "costOfGoodsSold": 4423,
        "dilutedAverageSharesOutstanding": 360.8,
        "dilutedEPS": 1.0809,
        "ebit": 1565,
        "grossIncome": 11186,
        "interestExpense": 378,
        "interestIncomeExpense": -211,
        "minorityInterest": -19,
        "netIncome": 390,
        "netIncomeAfterTaxes": 409,
        "nonRecurringItems": -595,
        "period": "2024-06-30",
        "pretaxIncome": 772,
        "provisionforIncomeTaxes": 363,
        "researchDevelopment": 360,
        "revenue": 15609,
        "sgaExpense": 9261,
        "totalOperatingExpense": 9621,
        "totalOtherIncomeExpenseNet": 13,
        "year": 2024
      },
      {
        "costOfGoodsSold": 4561,
        "dilutedAverageSharesOutstanding": 360.9,
        "dilutedEPS": 2.7875,
        "ebit": 1801,
        "grossIncome": 11376,
        "interestExpense": 255,
        "interestIncomeExpense": -124,
        "minorityInterest": -4,
        "netIncome": 1006,
        "netIncomeAfterTaxes": 1010,
        "nonRecurringItems": -292,
        "period": "2023-06-30",
        "pretaxIncome": 1397,
        "provisionforIncomeTaxes": 387,
        "researchDevelopment": 344,
        "revenue": 15937,
        "sgaExpense": 9231,
        "totalOperatingExpense": 9575,
        "totalOtherIncomeExpenseNet": 12,
        "year": 2023
      },
      {
        "costOfGoodsSold": 4305,
        "dilutedAverageSharesOutstanding": 364.9,
        "dilutedEPS": 6.5497,
        "ebit": 3544,
        "grossIncome": 13432,
        "interestExpense": 167,
        "interestIncomeExpense": -136,
        "minorityInterest": -18,
        "netIncome": 2390,
        "netIncomeAfterTaxes": 2408,
        "nonRecurringItems": -374,
        "period": "2022-06-30",
        "pretaxIncome": 3036,
        "provisionforIncomeTaxes": 628,
        "researchDevelopment": 307,
        "revenue": 17737,
        "sgaExpense": 9581,
        "totalOperatingExpense": 9888,
        "totalOtherIncomeExpenseNet": 2,
        "year": 2022
      },
      {
        "costOfGoodsSold": 3834,
        "dilutedAverageSharesOutstanding": 368.2,
        "dilutedEPS": 7.7947,
        "ebit": 3031,
        "grossIncome": 12381,
        "interestExpense": 173,
        "interestIncomeExpense": 725,
        "minorityInterest": -5,
        "netIncome": 2870,
        "netIncomeAfterTaxes": 2875,
        "nonRecurringItems": -413,
        "period": "2021-06-30",
        "pretaxIncome": 3331,
        "provisionforIncomeTaxes": 456,
        "researchDevelopment": 243,
        "revenue": 16215,
        "sgaExpense": 9107,
        "totalOperatingExpense": 9350,
        "totalOtherIncomeExpenseNet": -12,
        "year": 2021
      },
      {
        "costOfGoodsSold": 3552,
        "dilutedAverageSharesOutstanding": 367,
        "dilutedEPS": 1.86,
        "ebit": 2112,
        "grossIncome": 10742,
        "interestExpense": 161,
        "interestIncomeExpense": 444,
        "minorityInterest": -12,
        "netIncome": 684,
        "netIncomeAfterTaxes": 696,
        "nonRecurringItems": -1506,
        "period": "2020-06-30",
        "pretaxIncome": 1046,
        "provisionforIncomeTaxes": 350,
        "researchDevelopment": 228,
        "revenue": 14294,
        "sgaExpense": 8402,
        "totalOperatingExpense": 8630,
        "totalOtherIncomeExpenseNet": -4,
        "year": 2020
      },
      {
        "costOfGoodsSold": 3387,
        "dilutedAverageSharesOutstanding": 370,
        "dilutedEPS": 4.83,
        "ebit": 2625,
        "grossIncome": 11476,
        "interestExpense": 133,
        "interestIncomeExpense": -81,
        "minorityInterest": -9,
        "netIncome": 1785,
        "netIncomeAfterTaxes": 1799,
        "nonRecurringItems": -306,
        "period": "2019-06-30",
        "pretaxIncome": 2307,
        "provisionforIncomeTaxes": 508,
        "researchDevelopment": 202,
        "revenue": 14863,
        "sgaExpense": 8649,
        "totalOperatingExpense": 8851,
        "totalOtherIncomeExpenseNet": 69,
        "year": 2019
      },
      {
        "costOfGoodsSold": 2844,
        "dilutedAverageSharesOutstanding": 376,
        "dilutedEPS": 2.94,
        "ebit": 2289,
        "grossIncome": 10839,
        "interestExpense": 128,
        "interestIncomeExpense": -78,
        "minorityInterest": -9,
        "netIncome": 1108,
        "netIncomeAfterTaxes": 1544,
        "nonRecurringItems": -231,
        "period": "2018-06-30",
        "pretaxIncome": 1980,
        "provisionforIncomeTaxes": 436,
        "researchDevelopment": 181,
        "revenue": 13683,
        "sgaExpense": 8369,
        "totalOperatingExpense": 8550,
        "year": 2018
      },
      {
        "costOfGoodsSold": 2437,
        "dilutedAverageSharesOutstanding": 373,
        "dilutedEPS": 3.35,
        "ebit": 1920,
        "grossIncome": 9387,
        "interestExpense": 103,
        "interestIncomeExpense": -77,
        "minorityInterest": -7,
        "netIncome": 1249,
        "netIncomeAfterTaxes": 1256,
        "nonRecurringItems": -226,
        "period": "2017-06-30",
        "pretaxIncome": 1617,
        "provisionforIncomeTaxes": 361,
        "researchDevelopment": 179,
        "revenue": 11824,
        "sgaExpense": 7288,
        "totalOperatingExpense": 7467,
        "year": 2017
      },
      {
        "costOfGoodsSold": 2181,
        "dilutedAverageSharesOutstanding": 377,
        "dilutedEPS": 2.96,
        "ebit": 1738,
        "grossIncome": 9081,
        "interestExpense": 70.7,
        "interestIncomeExpense": -50,
        "minorityInterest": -6,
        "netIncome": 1115,
        "netIncomeAfterTaxes": 1121,
        "nonRecurringItems": -133,
        "period": "2016-06-30",
        "pretaxIncome": 1555,
        "provisionforIncomeTaxes": 434,
        "researchDevelopment": 191,
        "revenue": 11262,
        "sgaExpense": 7152,
        "totalOperatingExpense": 7343,
        "year": 2016
      }
    ],
    "symbol": "EL"
  }
}