{
  "symbol": "ERIE",
  "statement": "ic",
  "frequency": "quarterly",
  "timestamp": "2025-09-19T13:59:58.871066",
  "data": {
    "financials": [
      {
        "costOfGoodsSold": 860.924,
        "dilutedAverageSharesOutstanding": 58.4052,
        "dilutedEPS": 2.9909,
        "ebit": 199.173,
        "grossIncome": 199.173,
        "interestIncomeExpense": 20.509,
        "netIncome": 174.685,
        "netIncomeAfterTaxes": 174.685,
        "nonRecurringItems": -0.909,
        "period": "2025-06-30",
        "pretaxIncome": 220.747,
        "provisionforIncomeTaxes": 46.062,
        "revenue": 1060.097,
        "totalOperatingExpense": 0,
        "totalOtherIncomeExpenseNet": 1.974
      },
      {
        "costOfGoodsSold": 838.023,
        "dilutedAverageSharesOutstanding": 58.4052,
        "dilutedEPS": 2.3699,
        "ebit": 151.376,
        "grossIncome": 151.376,
        "interestIncomeExpense": 20.45,
        "netIncome": 138.417,
        "netIncomeAfterTaxes": 138.417,
        "nonRecurringItems": -0.914,
        "period": "2025-03-31",
        "pretaxIncome": 174.746,
        "provisionforIncomeTaxes": 36.329,
        "revenue": 989.399,
        "totalOperatingExpense": 0,
        "totalOtherIncomeExpenseNet": 3.834
      },
      {
        "costOfGoodsSold": 756.78,
        "dilutedAverageSharesOutstanding": 58.4229,
        "dilutedEPS": 2.6022,
        "ebit": 167.31,
        "grossIncome": 167.31,
        "interestIncomeExpense": 21.166,
        "netIncome": 152.029,
        "netIncomeAfterTaxes": 152.029,
        "nonRecurringItems": -0.361,
        "period": "2024-12-31",
        "pretaxIncome": 191.808,
        "provisionforIncomeTaxes": 39.779,
        "revenue": 924.09,
        "totalOperatingExpense": 0,
        "totalOtherIncomeExpenseNet": 3.693
      },
      {
        "costOfGoodsSold": 819.761,
        "dilutedAverageSharesOutstanding": 58.4073,
        "dilutedEPS": 2.7365,
        "ebit": 180.125,
        "grossIncome": 180.125,
        "interestIncomeExpense": 20.247,
        "netIncome": 159.83,
        "netIncomeAfterTaxes": 159.83,
        "nonRecurringItems": -0.698,
        "period": "2024-09-30",
        "pretaxIncome": 200.842,
        "provisionforIncomeTaxes": 41.012,
        "revenue": 999.886,
        "totalOperatingExpense": 0,
        "totalOtherIncomeExpenseNet": 1.168
      },
      {
        "costOfGoodsSold": 800.23,
        "dilutedAverageSharesOutstanding": 58.4061,
        "dilutedEPS": 2.8063,
        "ebit": 190.208,
        "grossIncome": 190.208,
        "interestIncomeExpense": 14.215,
        "netIncome": 163.903,
        "netIncomeAfterTaxes": 163.903,
        "nonRecurringItems": -0.388,
        "period": "2024-06-30",
        "pretaxIncome": 207.327,
        "provisionforIncomeTaxes": 43.424,
        "revenue": 990.438,
        "totalOperatingExpense": 0,
        "totalOtherIncomeExpenseNet": 3.292
      },
      {
        "costOfGoodsSold": 741.889,
        "dilutedAverageSharesOutstanding": 58.4026,
        "dilutedEPS": 2.1326,
        "ebit": 138.812,
        "grossIncome": 138.812,
        "interestIncomeExpense": 17.756,
        "netIncome": 124.552,
        "netIncomeAfterTaxes": 124.552,
        "nonRecurringItems": -2.677,
        "period": "2024-03-31",
        "pretaxIncome": 157.302,
        "provisionforIncomeTaxes": 32.75,
        "revenue": 880.701,
        "totalOperatingExpense": 0,
        "totalOtherIncomeExpenseNet": 3.411
      },
      {
        "costOfGoodsSold": 690.583,
        "dilutedAverageSharesOutstanding": 58.4025,
        "dilutedEPS": 1.8994,
        "ebit": 127.084,
        "grossIncome": 127.084,
        "interestIncomeExpense": 17.62,
        "netIncome": 110.928,
        "netIncomeAfterTaxes": 110.928,
        "nonRecurringItems": -7.849,
        "period": "2023-12-31",
        "pretaxIncome": 139.924,
        "provisionforIncomeTaxes": 28.996,
        "revenue": 817.667,
        "totalOperatingExpense": 0,
        "totalOtherIncomeExpenseNet": 3.069
      },
      {
        "costOfGoodsSold": 710.5,
        "dilutedAverageSharesOutstanding": 58.4,
        "dilutedEPS": 2.24,
        "ebit": 148.5,
        "grossIncome": 148.5,
        "interestIncomeExpense": 12.4,
        "netIncome": 131,
        "netIncomeAfterTaxes": 131,
        "nonRecurringItems": -0.1,
        "period": "2023-09-30",
        "pretaxIncome": 163.8,
        "provisionforIncomeTaxes": 32.7,
        "revenue": 858.9,
        "totalOperatingExpense": 0,
        "totalOtherIncomeExpenseNet": 3
      },
      {
        "costOfGoodsSold": 705.7,
        "dilutedAverageSharesOutstanding": 58.4,
        "dilutedEPS": 2.02,
        "ebit": 134.2,
        "grossIncome": 134.2,
        "interestIncomeExpense": 11.8,
        "netIncome": 117.9,
        "netIncomeAfterTaxes": 117.9,
        "nonRecurringItems": -0.2,
        "period": "2023-06-30",
        "pretaxIncome": 149.1,
        "provisionforIncomeTaxes": 31.2,
        "revenue": 839.9,
        "totalOperatingExpense": 0,
        "totalOtherIncomeExpenseNet": 3.3
      },
      {
        "costOfGoodsSold": 641.9,
        "dilutedAverageSharesOutstanding": 58.4,
        "dilutedEPS": 1.48,
        "ebit": 110.5,
        "grossIncome": 110.5,
        "interestIncomeExpense": -3.1,
        "netIncome": 86.2,
        "netIncomeAfterTaxes": 86.2,
        "nonRecurringItems": -1.6,
        "period": "2023-03-31",
        "pretaxIncome": 109.1,
        "provisionforIncomeTaxes": 22.9,
        "revenue": 752.5,
        "totalOperatingExpense": 0.1,
        "totalOtherIncomeExpenseNet": 3.3
      },
      {
        "costOfGoodsSold": 619.2,
        "dilutedAverageSharesOutstanding": 58.4,
        "dilutedEPS": 1.12,
        "ebit": 81.4,
        "grossIncome": 81.4,
        "interestIncomeExpense": 0.5,
        "netIncome": 65.5,
        "netIncomeAfterTaxes": 65.5,
        "nonRecurringItems": -0.2,
        "period": "2022-12-31",
        "pretaxIncome": 82,
        "provisionforIncomeTaxes": 16.5,
        "revenue": 700.6,
        "totalOperatingExpense": 0,
        "totalOtherIncomeExpenseNet": 0.2
      },
      {
        "costOfGoodsSold": 634.8,
        "dilutedAverageSharesOutstanding": 58.4,
        "dilutedEPS": 1.44,
        "ebit": 106.5,
        "grossIncome": 106.5,
        "interestExpense": 0.115,
        "interestIncomeExpense": -0.5,
        "netIncome": 84.3,
        "netIncomeAfterTaxes": 84.3,
        "nonRecurringItems": -0.2,
        "period": "2022-09-30",
        "pretaxIncome": 106.3,
        "provisionforIncomeTaxes": 22,
        "revenue": 741.2,
        "totalOperatingExpense": -0.1,
        "totalOtherIncomeExpenseNet": 0.6
      },
      {
        "costOfGoodsSold": 622.1,
        "dilutedAverageSharesOutstanding": 58.4,
        "dilutedEPS": 1.37,
        "ebit": 104,
        "grossIncome": 104,
        "interestExpense": 0.895,
        "interestIncomeExpense": -3,
        "netIncome": 80.1,
        "netIncomeAfterTaxes": 80.1,
        "nonRecurringItems": 0,
        "period": "2022-06-30",
        "pretaxIncome": 101.3,
        "provisionforIncomeTaxes": 21.2,
        "revenue": 726.1,
        "totalOperatingExpense": 0.1,
        "totalOtherIncomeExpenseNet": 0.3
      },
      {
        "costOfGoodsSold": 587.8,
        "dilutedAverageSharesOutstanding": 58.4,
        "dilutedEPS": 1.17,
        "ebit": 84.3,
        "grossIncome": 84.3,
        "interestExpense": 0.999,
        "interestIncomeExpense": 2.2,
        "netIncome": 68.6,
        "netIncomeAfterTaxes": 68.6,
        "nonRecurringItems": -0.2,
        "period": "2022-03-31",
        "pretaxIncome": 86.8,
        "provisionforIncomeTaxes": 18.2,
        "revenue": 672.1,
        "totalOperatingExpense": 0,
        "totalOtherIncomeExpenseNet": 0.5
      },
      {
        "costOfGoodsSold": 574.1,
        "dilutedAverageSharesOutstanding": 58.4,
        "dilutedEPS": 0.94,
        "ebit": 61.8,
        "grossIncome": 61.8,
        "interestExpense": 1.05,
        "interestIncomeExpense": 11.3,
        "netIncome": 55,
        "netIncomeAfterTaxes": 55,
        "nonRecurringItems": 0,
        "period": "2021-12-31",
        "pretaxIncome": 69.8,
        "provisionforIncomeTaxes": 14.8,
        "revenue": 635.9,
        "totalOperatingExpense": 0,
        "totalOtherIncomeExpenseNet": -3.3
      },
      {
        "costOfGoodsSold": 592.7,
        "dilutedAverageSharesOutstanding": 58.4,
        "dilutedEPS": 1.54,
        "ebit": 95.1,
        "grossIncome": 95.1,
        "interestExpense": 1.034,
        "interestIncomeExpense": 19.4,
        "netIncome": 90.2,
        "netIncomeAfterTaxes": 90.2,
        "nonRecurringItems": 0.1,
        "period": "2021-09-30",
        "pretaxIncome": 114.1,
        "provisionforIncomeTaxes": 23.9,
        "revenue": 687.8,
        "totalOperatingExpense": 0,
        "totalOtherIncomeExpenseNet": -0.5
      },
      {
        "costOfGoodsSold": 595,
        "dilutedAverageSharesOutstanding": 58.4,
        "dilutedEPS": 1.35,
        "ebit": 85.1,
        "grossIncome": 85.1,
        "interestExpense": 1.039,
        "interestIncomeExpense": 15.4,
        "netIncome": 79,
        "netIncomeAfterTaxes": 79,
        "nonRecurringItems": 0,
        "period": "2021-06-30",
        "pretaxIncome": 99.9,
        "provisionforIncomeTaxes": 20.9,
        "revenue": 680,
        "totalOperatingExpense": 0,
        "totalOtherIncomeExpenseNet": -0.5
      },
      {
        "costOfGoodsSold": 554.1,
        "dilutedAverageSharesOutstanding": 58.4,
        "dilutedEPS": 1.26,
        "ebit": 76.1,
        "grossIncome": 76.1,
        "interestExpense": 1.009,
        "interestIncomeExpense": 16.9,
        "netIncome": 73.6,
        "netIncomeAfterTaxes": 73.6,
        "nonRecurringItems": 0.1,
        "period": "2021-03-31",
        "pretaxIncome": 92.6,
        "provisionforIncomeTaxes": 19,
        "revenue": 630.2,
        "totalOperatingExpense": 0,
        "totalOtherIncomeExpenseNet": -0.5
      },
      {
        "costOfGoodsSold": 544.2,
        "dilutedAverageSharesOutstanding": 58.4,
        "dilutedEPS": 1.07,
        "ebit": 65.1,
        "grossIncome": 65.1,
        "interestExpense": 0.723,
        "interestIncomeExpense": 13.4,
        "netIncome": 62.8,
        "netIncomeAfterTaxes": 62.8,
        "nonRecurringItems": -0.1,
        "period": "2020-12-31",
        "pretaxIncome": 78.2,
        "provisionforIncomeTaxes": 15.4,
        "revenue": 609.3,
        "totalOperatingExpense": 0,
        "totalOtherIncomeExpenseNet": -0.2
      },
      {
        "costOfGoodsSold": 557.3,
        "dilutedAverageSharesOutstanding": 58.4,
        "dilutedEPS": 1.53,
        "ebit": 96.2,
        "grossIncome": 96.2,
        "interestExpense": 0.003,
        "interestIncomeExpense": 16.6,
        "netIncome": 89.2,
        "netIncomeAfterTaxes": 89.2,
        "nonRecurringItems": -0.1,
        "period": "2020-09-30",
        "pretaxIncome": 111.7,
        "provisionforIncomeTaxes": 22.5,
        "revenue": 653.5,
        "totalOperatingExpense": 0,
        "totalOtherIncomeExpenseNet": -1
      },
      {
        "costOfGoodsSold": 565.8,
        "dilutedAverageSharesOutstanding": 58.4,
        "dilutedEPS": 1.4,
        "ebit": 91.2,
        "grossIncome": 91.2,
        "interestExpense": 0.002,
        "interestIncomeExpense": 11.6,
        "netIncome": 82,
        "netIncomeAfterTaxes": 82,
        "nonRecurringItems": 0,
        "period": "2020-06-30",
        "pretaxIncome": 102.5,
        "provisionforIncomeTaxes": 20.5,
        "revenue": 657,
        "totalOperatingExpense": 0,
        "totalOtherIncomeExpenseNet": -0.3
      },
      {
        "costOfGoodsSold": 531,
        "dilutedAverageSharesOutstanding": 58.4,
        "dilutedEPS": 1.02,
        "ebit": 85.7,
        "grossIncome": 85.7,
        "interestExpense": 0.003,
        "interestIncomeExpense": -6.1,
        "netIncome": 59.3,
        "netIncomeAfterTaxes": 59.3,
        "nonRecurringItems": -3.1,
        "period": "2020-03-31",
        "pretaxIncome": 76.1,
        "provisionforIncomeTaxes": 16.8,
        "revenue": 616.7,
        "totalOperatingExpense": 0,
        "totalOtherIncomeExpenseNet": -0.4
      },
      {
        "costOfGoodsSold": 528,
        "dilutedAverageSharesOutstanding": 58.4,
        "dilutedEPS": 1.02,
        "ebit": 68.7,
        "grossIncome": 68.7,
        "interestExpense": 0.024,
        "interestIncomeExpense": 6.9,
        "netIncome": 59.6,
        "netIncomeAfterTaxes": 59.6,
        "nonRecurringItems": 0,
        "period": "2019-12-31",
        "pretaxIncome": 75.7,
        "provisionforIncomeTaxes": 16.1,
        "revenue": 596.7,
        "totalOperatingExpense": 0,
        "totalOtherIncomeExpenseNet": 0.1
      },
      {
        "costOfGoodsSold": 532.8,
        "dilutedAverageSharesOutstanding": 58.4,
        "dilutedEPS": 1.61,
        "ebit": 105.9,
        "grossIncome": 105.9,
        "interestExpense": 0.111,
        "interestIncomeExpense": 13.5,
        "netIncome": 94.2,
        "netIncomeAfterTaxes": 94.2,
        "nonRecurringItems": 0,
        "period": "2019-09-30",
        "pretaxIncome": 119.5,
        "provisionforIncomeTaxes": 25.3,
        "revenue": 638.7,
        "totalOperatingExpense": 0.1,
        "totalOtherIncomeExpenseNet": 0.1
      },
      {
        "costOfGoodsSold": 551.1,
        "dilutedAverageSharesOutstanding": 58.4,
        "dilutedEPS": 1.5,
        "ebit": 96.6,
        "grossIncome": 96.6,
        "interestExpense": 0.272,
        "interestIncomeExpense": 9.5,
        "netIncome": 87.8,
        "netIncomeAfterTaxes": 87.8,
        "nonRecurringItems": -0.1,
        "period": "2019-06-30",
        "pretaxIncome": 106,
        "provisionforIncomeTaxes": 18.3,
        "revenue": 647.7,
        "totalOperatingExpense": 0,
        "totalOtherIncomeExpenseNet": 0
      },
      {
        "costOfGoodsSold": 508,
        "dilutedAverageSharesOutstanding": 58.4,
        "dilutedEPS": 1.29,
        "ebit": 86.1,
        "grossIncome": 86.1,
        "interestExpense": 0.449,
        "interestIncomeExpense": 9.4,
        "netIncome": 75.3,
        "netIncomeAfterTaxes": 75.3,
        "nonRecurringItems": -0.1,
        "period": "2019-03-31",
        "pretaxIncome": 95.5,
        "provisionforIncomeTaxes": 20.2,
        "revenue": 594.1,
        "totalOperatingExpense": 0,
        "totalOtherIncomeExpenseNet": 0
      },
      {
        "costOfGoodsSold": 501.7,
        "dilutedAverageSharesOutstanding": 58.4,
        "dilutedEPS": 1.07,
        "ebit": 74.7,
        "grossIncome": 74.8,
        "interestExpense": 0.596,
        "interestIncomeExpense": 5.3,
        "netIncome": 62.3,
        "netIncomeAfterTaxes": 62.3,
        "nonRecurringItems": -0.9,
        "period": "2018-12-31",
        "pretaxIncome": 82.6,
        "provisionforIncomeTaxes": 20.3,
        "revenue": 576.5,
        "totalOperatingExpense": 0,
        "totalOtherIncomeExpenseNet": 3.5
      },
      {
        "costOfGoodsSold": 515.4,
        "dilutedAverageSharesOutstanding": 58.4,
        "dilutedEPS": 1.38,
        "ebit": 96.7,
        "grossIncome": 96.7,
        "interestExpense": 0.709,
        "interestIncomeExpense": 7.7,
        "netIncome": 80.4,
        "netIncomeAfterTaxes": 80.4,
        "nonRecurringItems": 0,
        "period": "2018-09-30",
        "pretaxIncome": 104.5,
        "provisionforIncomeTaxes": 24,
        "revenue": 612.1,
        "totalOperatingExpense": 0,
        "totalOtherIncomeExpenseNet": 0.1
      },
      {
        "costOfGoodsSold": 526.1,
        "dilutedAverageSharesOutstanding": 58.4,
        "dilutedEPS": 1.36,
        "ebit": 95.3,
        "grossIncome": 95.3,
        "interestExpense": 0.602,
        "interestIncomeExpense": 6.3,
        "netIncome": 79.7,
        "netIncomeAfterTaxes": 79.7,
        "nonRecurringItems": -0.6,
        "period": "2018-06-30",
        "pretaxIncome": 101,
        "provisionforIncomeTaxes": 21.3,
        "revenue": 621.5,
        "totalOperatingExpense": 0.1,
        "totalOtherIncomeExpenseNet": 0.1
      },
      {
        "costOfGoodsSold": 494.6,
        "dilutedAverageSharesOutstanding": 58.4,
        "dilutedEPS": 1.13,
        "ebit": 77.6,
        "grossIncome": 77.6,
        "interestExpense": 0.553,
        "interestIncomeExpense": 5.6,
        "netIncome": 65.8,
        "netIncomeAfterTaxes": 65.8,
        "nonRecurringItems": 0,
        "period": "2018-03-31",
        "pretaxIncome": 83.2,
        "provisionforIncomeTaxes": 17.5,
        "revenue": 572.2,
        "totalOperatingExpense": 0,
        "totalOtherIncomeExpenseNet": 0
      },
      {
        "costOfGoodsSold": 342.8,
        "dilutedAverageSharesOutstanding": 58.4,
        "dilutedEPS": 0.54,
        "ebit": 58.6,
        "grossIncome": 58.6,
        "interestExpense": 0.438,
        "interestIncomeExpense": 6.7,
        "netIncome": 32.1,
        "netIncomeAfterTaxes": 42.1,
        "nonRecurringItems": 0,
        "period": "2017-12-31",
        "pretaxIncome": 64.6,
        "provisionforIncomeTaxes": 22.5,
        "revenue": 401.4,
        "totalOperatingExpense": 0,
        "totalOtherIncomeExpenseNet": -0.7
      },
      {
        "costOfGoodsSold": 361.3,
        "dilutedAverageSharesOutstanding": 58.4,
        "dilutedEPS": 1,
        "ebit": 81.2,
        "grossIncome": 81.2,
        "interestExpense": 0.377,
        "interestIncomeExpense": 8,
        "netIncome": 58.5,
        "netIncomeAfterTaxes": 58.5,
        "nonRecurringItems": 0,
        "period": "2017-09-30",
        "pretaxIncome": 88.9,
        "provisionforIncomeTaxes": 30.3,
        "revenue": 442.5,
        "totalOperatingExpense": 0,
        "totalOtherIncomeExpenseNet": -0.4
      },
      {
        "costOfGoodsSold": 365.1,
        "dilutedAverageSharesOutstanding": 52.3,
        "dilutedEPS": 1.12,
        "ebit": 83.5,
        "grossIncome": 83.4,
        "interestExpense": 0.257,
        "interestIncomeExpense": 6.3,
        "netIncome": 58.5,
        "netIncomeAfterTaxes": 58.5,
        "nonRecurringItems": -0.1,
        "period": "2017-06-30",
        "pretaxIncome": 89.2,
        "provisionforIncomeTaxes": 30.7,
        "revenue": 448.6,
        "totalOperatingExpense": 0,
        "totalOtherIncomeExpenseNet": -0.4
      },
      {
        "dilutedAverageSharesOutstanding": 58.5,
        "dilutedEPS": 0.82,
        "ebit": 66.5,
        "interestExpense": 0.166,
        "interestIncomeExpense": 6.5,
        "netIncome": 47.9,
        "netIncomeAfterTaxes": 47.9,
        "nonRecurringItems": -0.1,
        "otherOperatingExpensesTotal": 273,
        "period": "2017-03-31",
        "pretaxIncome": 73,
        "provisionforIncomeTaxes": 25.1,
        "revenue": 399.3,
        "sgaExpense": 59.7,
        "totalOperatingExpense": 332.8
      },
      {
        "dilutedAverageSharesOutstanding": 58.5,
        "dilutedEPS": 0.78,
        "ebit": 56.7,
        "interestExpense": 0.101,
        "interestIncomeExpense": 13.5,
        "netIncome": 45.8,
        "netIncomeAfterTaxes": 45.8,
        "nonRecurringItems": -0.1,
        "otherOperatingExpensesTotal": 271.2,
        "period": "2016-12-31",
        "pretaxIncome": 70.1,
        "provisionforIncomeTaxes": 24.3,
        "revenue": 379.6,
        "sgaExpense": 51.8,
        "totalOperatingExpense": 322.9
      },
      {
        "dilutedAverageSharesOutstanding": 52.4,
        "dilutedEPS": 1.09,
        "ebit": 82.3,
        "interestIncomeExpense": 4.3,
        "netIncome": 57.4,
        "netIncomeAfterTaxes": 57.4,
        "nonRecurringItems": 0,
        "otherOperatingExpensesTotal": 282.9,
        "period": "2016-09-30",
        "pretaxIncome": 86.6,
        "provisionforIncomeTaxes": 29.2,
        "revenue": 418.4,
        "sgaExpense": 53.3,
        "totalOperatingExpense": 336.2
      },
      {
        "dilutedAverageSharesOutstanding": 52.4,
        "dilutedEPS": 1.17,
        "ebit": 85.8,
        "interestIncomeExpense": 7.4,
        "netIncome": 61.3,
        "netIncomeAfterTaxes": 61.3,
        "nonRecurringItems": 0,
        "otherOperatingExpensesTotal": 283.1,
        "period": "2016-06-30",
        "pretaxIncome": 93.2,
        "provisionforIncomeTaxes": 31.9,
        "revenue": 423.9,
        "sgaExpense": 55,
        "totalOperatingExpense": 338.1
      },
      {
        "dilutedAverageSharesOutstanding": 52.5,
        "dilutedEPS": 0.87,
        "ebit": 67.6,
        "interestIncomeExpense": 2.9,
        "netIncome": 45.9,
        "netIncomeAfterTaxes": 45.9,
        "nonRecurringItems": -0.3,
        "otherOperatingExpensesTotal": 253.8,
        "period": "2016-03-31",
        "pretaxIncome": 70.2,
        "provisionforIncomeTaxes": 24.3,
        "revenue": 374.7,
        "sgaExpense": 53.3,
        "totalOperatingExpense": 307.1
      },
      {
        "dilutedAverageSharesOutstanding": 77.9,
        "dilutedEPS": 0.38,
        "ebit": 41.8,
        "interestIncomeExpense": 5.2,
        "netIncome": 30.1,
        "netIncomeAfterTaxes": 30.1,
        "nonRecurringItems": -0.9,
        "otherOperatingExpensesTotal": 258.5,
        "period": "2015-12-31",
        "pretaxIncome": 46.1,
        "provisionforIncomeTaxes": 16,
        "revenue": 356.4,
        "sgaExpense": 56,
        "totalOperatingExpense": 314.6
      },
      {
        "dilutedAverageSharesOutstanding": 52.6,
        "dilutedEPS": 0.94,
        "ebit": 68.3,
        "interestIncomeExpense": 7.7,
        "netIncome": 49.6,
        "netIncomeAfterTaxes": 49.6,
        "nonRecurringItems": -0.5,
        "otherOperatingExpensesTotal": 270,
        "period": "2015-09-30",
        "pretaxIncome": 75.5,
        "provisionforIncomeTaxes": 25.9,
        "revenue": 396.6,
        "sgaExpense": 58.3,
        "totalOperatingExpense": 328.3
      }
    ],
    "symbol": "ERIE"
  }
}