{
  "symbol": "FSLR",
  "statement": "ic",
  "frequency": "annual",
  "timestamp": "2025-09-19T14:00:31.238892",
  "data": {
    "financials": [
      {
        "costOfGoodsSold": 2348.425,
        "dilutedAverageSharesOutstanding": 107.525,
        "dilutedEPS": 12.0162,
        "ebit": 1393.735,
        "grossIncome": 1857.864,
        "interestExpense": 38.87,
        "interestIncomeExpense": 25.244,
        "netIncome": 1292.044,
        "netIncomeAfterTaxes": 1292.044,
        "nonRecurringItems": 0.685,
        "period": "2024-12-31",
        "pretaxIncome": 1406.338,
        "provisionforIncomeTaxes": 114.294,
        "researchDevelopment": 191.375,
        "revenue": 4206.289,
        "sgaExpense": 272.754,
        "totalOperatingExpense": 464.129,
        "totalOtherIncomeExpenseNet": -13.326,
        "year": 2024
      },
      {
        "costOfGoodsSold": 2017.923,
        "dilutedAverageSharesOutstanding": 107.372,
        "dilutedEPS": 7.7374,
        "ebit": 885.973,
        "grossIncome": 1300.679,
        "interestExpense": 12.965,
        "interestIncomeExpense": 63.169,
        "netIncome": 830.777,
        "netIncomeAfterTaxes": 830.777,
        "nonRecurringItems": -28.707,
        "period": "2023-12-31",
        "pretaxIncome": 891.29,
        "provisionforIncomeTaxes": 60.513,
        "researchDevelopment": 152.307,
        "revenue": 3318.602,
        "sgaExpense": 262.399,
        "totalOperatingExpense": 414.706,
        "totalOtherIncomeExpenseNet": -29.145,
        "year": 2023
      },
      {
        "costOfGoodsSold": 2491.7,
        "dilutedAverageSharesOutstanding": 106.6,
        "dilutedEPS": -0.41,
        "ebit": -222.9,
        "equityEarningsAffiliates": 0,
        "grossIncome": 127.7,
        "interestExpense": 12.225,
        "interestIncomeExpense": 4.6,
        "netIncome": -44.2,
        "netIncomeAfterTaxes": -44.2,
        "nonRecurringItems": 195.7,
        "period": "2022-12-31",
        "pretaxIncome": 8.6,
        "provisionforIncomeTaxes": 52.8,
        "researchDevelopment": 112.8,
        "revenue": 2619.3,
        "sgaExpense": 237.8,
        "totalOperatingExpense": 350.6,
        "totalOtherIncomeExpenseNet": 31.2,
        "year": 2022
      },
      {
        "costOfGoodsSold": 2193.4,
        "dilutedAverageSharesOutstanding": 106.9,
        "dilutedEPS": 4.38,
        "ebit": 439.5,
        "equityEarningsAffiliates": 0,
        "grossIncome": 730,
        "interestExpense": 13.107,
        "interestIncomeExpense": -14.9,
        "netIncome": 468.7,
        "netIncomeAfterTaxes": 468.7,
        "nonRecurringItems": 147.3,
        "period": "2021-12-31",
        "pretaxIncome": 572.2,
        "provisionforIncomeTaxes": 103.5,
        "researchDevelopment": 99.1,
        "revenue": 2923.4,
        "sgaExpense": 191.4,
        "totalOperatingExpense": 290.5,
        "totalOtherIncomeExpenseNet": 0.3,
        "year": 2021
      },
      {
        "costOfGoodsSold": 2030.7,
        "dilutedAverageSharesOutstanding": 106.7,
        "dilutedEPS": 3.73,
        "ebit": 323.5,
        "equityEarningsAffiliates": -2.1,
        "grossIncome": 680.7,
        "interestExpense": 24.036,
        "interestIncomeExpense": -12.4,
        "netIncome": 398.4,
        "netIncomeAfterTaxes": 400.5,
        "nonRecurringItems": -6,
        "period": "2020-12-31",
        "pretaxIncome": 293.2,
        "provisionforIncomeTaxes": -107.3,
        "researchDevelopment": 93.7,
        "revenue": 2711.3,
        "sgaExpense": 263.4,
        "totalOperatingExpense": 357.1,
        "totalOtherIncomeExpenseNet": -11.9,
        "year": 2020
      },
      {
        "costOfGoodsSold": 2513.9,
        "dilutedAverageSharesOutstanding": 105.3,
        "dilutedEPS": -1.09,
        "ebit": 201.2,
        "equityEarningsAffiliates": -0.3,
        "grossIncome": 549.2,
        "interestExpense": 18.534,
        "interestIncomeExpense": 24.1,
        "netIncome": -114.9,
        "netIncomeAfterTaxes": -114.6,
        "nonRecurringItems": -363,
        "period": "2019-12-31",
        "pretaxIncome": -120.1,
        "provisionforIncomeTaxes": -5.5,
        "researchDevelopment": 96.6,
        "revenue": 3063.1,
        "sgaExpense": 251.4,
        "totalOperatingExpense": 348,
        "totalOtherIncomeExpenseNet": 17.5,
        "year": 2019
      },
      {
        "costOfGoodsSold": 1851.9,
        "dilutedAverageSharesOutstanding": 106.1,
        "dilutedEPS": 1.36,
        "ebit": 40.1,
        "equityEarningsAffiliates": 34.6,
        "grossIncome": 392.2,
        "interestExpense": 17.278,
        "interestIncomeExpense": 33.8,
        "netIncome": 144.3,
        "netIncomeAfterTaxes": 99.3,
        "nonRecurringItems": 0,
        "period": "2018-12-31",
        "pretaxIncome": 113.1,
        "provisionforIncomeTaxes": 13.8,
        "researchDevelopment": 84.5,
        "revenue": 2244,
        "sgaExpense": 267.6,
        "totalOperatingExpense": 352,
        "totalOtherIncomeExpenseNet": 39.2,
        "year": 2018
      },
      {
        "costOfGoodsSold": 2392.4,
        "dilutedAverageSharesOutstanding": 104.3,
        "dilutedEPS": -1.58,
        "ebit": 215.1,
        "equityEarningsAffiliates": 4.3,
        "grossIncome": 548.9,
        "interestExpense": 25.765,
        "interestIncomeExpense": 1.2,
        "netIncome": -165.6,
        "netIncomeAfterTaxes": 238.2,
        "nonRecurringItems": -37.2,
        "period": "2017-12-31",
        "pretaxIncome": 202.1,
        "provisionforIncomeTaxes": -36.1,
        "researchDevelopment": 88.6,
        "revenue": 2941.3,
        "sgaExpense": 245.3,
        "totalOperatingExpense": 333.9,
        "totalOtherIncomeExpenseNet": 23.1,
        "year": 2017
      },
      {
        "costOfGoodsSold": 2266.1,
        "dilutedAverageSharesOutstanding": 102.9,
        "dilutedEPS": -4.05,
        "ebit": 250.6,
        "equityEarningsAffiliates": 144.3,
        "grossIncome": 638.4,
        "interestExpense": 20.538,
        "interestIncomeExpense": -9.4,
        "netIncome": -416.1,
        "netIncomeAfterTaxes": -560.4,
        "nonRecurringItems": -818.8,
        "period": "2016-12-31",
        "pretaxIncome": -537.3,
        "provisionforIncomeTaxes": 23.2,
        "researchDevelopment": 124.8,
        "revenue": 2904.6,
        "sgaExpense": 263,
        "totalOperatingExpense": 387.8,
        "totalOtherIncomeExpenseNet": 40.3,
        "year": 2016
      },
      {
        "costOfGoodsSold": 2979.9,
        "dilutedAverageSharesOutstanding": 101.8,
        "dilutedEPS": 5.83,
        "ebit": 730.2,
        "equityEarningsAffiliates": -107.6,
        "grossIncome": 1132.8,
        "interestExpense": 6.975,
        "interestIncomeExpense": 8.7,
        "netIncome": 593.4,
        "netIncomeAfterTaxes": 701,
        "nonRecurringItems": 0,
        "period": "2015-12-31",
        "pretaxIncome": 733.3,
        "provisionforIncomeTaxes": 32.3,
        "researchDevelopment": 130.6,
        "revenue": 4112.7,
        "sgaExpense": 272,
        "totalOperatingExpense": 402.6,
        "totalOtherIncomeExpenseNet": -5.5,
        "year": 2015
      }
    ],
    "symbol": "FSLR"
  }
}