{
  "symbol": "CCI",
  "statement": "ic",
  "frequency": "quarterly",
  "timestamp": "2025-09-19T13:58:42.659051",
  "data": {
    "financials": [
      {
        "costOfGoodsSold": 278,
        "depreciationAmortization": 175,
        "dilutedAverageSharesOutstanding": 437,
        "dilutedEPS": 0.66,
        "ebit": 508,
        "grossIncome": 782,
        "interestExpense": 243,
        "interestIncomeExpense": -239,
        "netIncome": 291,
        "netIncomeAfterTaxes": 265,
        "nonRecurringItems": -2,
        "period": "2025-06-30",
        "pretaxIncome": 269,
        "provisionforIncomeTaxes": 4,
        "revenue": 1060,
        "sgaExpense": 99,
        "totalOperatingExpense": 274,
        "totalOtherIncomeExpenseNet": 2
      },
      {
        "costOfGoodsSold": 268,
        "depreciationAmortization": 177,
        "dilutedAverageSharesOutstanding": 435,
        "dilutedEPS": -1.06,
        "ebit": 523,
        "grossIncome": 793,
        "interestExpense": 236,
        "interestIncomeExpense": -233,
        "netIncome": -464,
        "netIncomeAfterTaxes": 284,
        "nonRecurringItems": -2,
        "period": "2025-03-31",
        "pretaxIncome": 289,
        "provisionforIncomeTaxes": 5,
        "revenue": 1061,
        "sgaExpense": 93,
        "totalOperatingExpense": 270,
        "totalOtherIncomeExpenseNet": 1
      },
      {
        "costOfGoodsSold": 464,
        "depreciationAmortization": 437,
        "dilutedAverageSharesOutstanding": 434,
        "dilutedEPS": -10.9862,
        "ebit": 582,
        "grossIncome": 1185,
        "interestExpense": 240,
        "interestIncomeExpense": -235,
        "netIncome": -4768,
        "netIncomeAfterTaxes": -4768,
        "nonRecurringItems": -5087,
        "period": "2024-12-31",
        "pretaxIncome": -4763,
        "provisionforIncomeTaxes": 5,
        "revenue": 1649,
        "sgaExpense": 166,
        "totalOperatingExpense": 603,
        "totalOtherIncomeExpenseNet": -23
      },
      {
        "costOfGoodsSold": 460,
        "depreciationAmortization": 432,
        "dilutedAverageSharesOutstanding": 436,
        "dilutedEPS": 0.695,
        "ebit": 607,
        "grossIncome": 1192,
        "interestExpense": 236,
        "interestIncomeExpense": -230,
        "netIncome": 303,
        "netIncomeAfterTaxes": 303,
        "nonRecurringItems": -63,
        "period": "2024-09-30",
        "pretaxIncome": 308,
        "provisionforIncomeTaxes": 5,
        "revenue": 1652,
        "sgaExpense": 153,
        "totalOperatingExpense": 585,
        "totalOtherIncomeExpenseNet": -6
      },
      {
        "costOfGoodsSold": 459,
        "depreciationAmortization": 430,
        "dilutedAverageSharesOutstanding": 435,
        "dilutedEPS": 0.577,
        "ebit": 533,
        "grossIncome": 1167,
        "interestExpense": 230,
        "interestIncomeExpense": -226,
        "netIncome": 251,
        "netIncomeAfterTaxes": 251,
        "nonRecurringItems": -48,
        "period": "2024-06-30",
        "pretaxIncome": 258,
        "provisionforIncomeTaxes": 7,
        "revenue": 1626,
        "sgaExpense": 204,
        "totalOperatingExpense": 634,
        "totalOtherIncomeExpenseNet": -1
      },
      {
        "costOfGoodsSold": 464,
        "depreciationAmortization": 439,
        "dilutedAverageSharesOutstanding": 435,
        "dilutedEPS": 0.7149,
        "ebit": 555,
        "grossIncome": 1177,
        "interestExpense": 226,
        "interestIncomeExpense": -222,
        "netIncome": 311,
        "netIncomeAfterTaxes": 311,
        "nonRecurringItems": -17,
        "period": "2024-03-31",
        "pretaxIncome": 318,
        "provisionforIncomeTaxes": 7,
        "revenue": 1641,
        "sgaExpense": 183,
        "totalOperatingExpense": 622,
        "totalOtherIncomeExpenseNet": 2
      },
      {
        "costOfGoodsSold": 453,
        "depreciationAmortization": 439,
        "dilutedAverageSharesOutstanding": 434,
        "dilutedEPS": 0.8364,
        "ebit": 604,
        "grossIncome": 1221,
        "interestExpense": 223,
        "interestIncomeExpense": -218,
        "netIncome": 363,
        "netIncomeAfterTaxes": 363,
        "nonRecurringItems": -16,
        "period": "2023-12-31",
        "pretaxIncome": 368,
        "provisionforIncomeTaxes": 5,
        "revenue": 1674,
        "sgaExpense": 178,
        "totalOperatingExpense": 617,
        "totalOtherIncomeExpenseNet": -2
      },
      {
        "costOfGoodsSold": 486,
        "depreciationAmortization": 439,
        "dilutedAverageSharesOutstanding": 434,
        "dilutedEPS": 0.6106,
        "ebit": 566,
        "grossIncome": 1181,
        "interestExpense": 217,
        "interestIncomeExpense": -214,
        "netIncome": 265,
        "netIncomeAfterTaxes": 265,
        "nonRecurringItems": -80,
        "period": "2023-09-30",
        "pretaxIncome": 272,
        "provisionforIncomeTaxes": 7,
        "revenue": 1667,
        "sgaExpense": 176,
        "totalOperatingExpense": 615,
        "totalOtherIncomeExpenseNet": 0
      },
      {
        "costOfGoodsSold": 522,
        "depreciationAmortization": 445,
        "dilutedAverageSharesOutstanding": 434,
        "dilutedEPS": 1.0484,
        "ebit": 690,
        "grossIncome": 1345,
        "interestExpense": 208,
        "interestIncomeExpense": -203,
        "netIncome": 455,
        "netIncomeAfterTaxes": 455,
        "nonRecurringItems": -23,
        "period": "2023-06-30",
        "pretaxIncome": 462,
        "provisionforIncomeTaxes": 7,
        "revenue": 1867,
        "sgaExpense": 210,
        "totalOperatingExpense": 655,
        "totalOtherIncomeExpenseNet": -2
      },
      {
        "costOfGoodsSold": 519,
        "depreciationAmortization": 431,
        "dilutedAverageSharesOutstanding": 434,
        "dilutedEPS": 0.9631,
        "ebit": 628,
        "grossIncome": 1254,
        "interestExpense": 202,
        "interestIncomeExpense": -200,
        "netIncome": 418,
        "netIncomeAfterTaxes": 418,
        "nonRecurringItems": 0,
        "period": "2023-03-31",
        "pretaxIncome": 425,
        "provisionforIncomeTaxes": 7,
        "revenue": 1773,
        "sgaExpense": 195,
        "totalOperatingExpense": 626,
        "totalOtherIncomeExpenseNet": -3
      },
      {
        "costOfGoodsSold": 520,
        "depreciationAmortization": 431,
        "dilutedAverageSharesOutstanding": 434,
        "dilutedEPS": 0.9539,
        "ebit": 621,
        "grossIncome": 1244,
        "interestExpense": 193,
        "interestIncomeExpense": -191,
        "netIncome": 414,
        "netIncomeAfterTaxes": 414,
        "nonRecurringItems": -9,
        "period": "2022-12-31",
        "pretaxIncome": 416,
        "provisionforIncomeTaxes": 2,
        "revenue": 1764,
        "sgaExpense": 192,
        "totalOperatingExpense": 623,
        "totalOtherIncomeExpenseNet": -5
      },
      {
        "costOfGoodsSold": 524,
        "depreciationAmortization": 430,
        "dilutedAverageSharesOutstanding": 434,
        "dilutedEPS": 0.9654,
        "ebit": 605,
        "grossIncome": 1222,
        "interestExpense": 177,
        "interestIncomeExpense": -176,
        "netIncome": 419,
        "netIncomeAfterTaxes": 419,
        "nonRecurringItems": -5,
        "period": "2022-09-30",
        "pretaxIncome": 422,
        "provisionforIncomeTaxes": 3,
        "revenue": 1746,
        "sgaExpense": 187,
        "totalOperatingExpense": 617,
        "totalOtherIncomeExpenseNet": -2
      },
      {
        "costOfGoodsSold": 514,
        "depreciationAmortization": 427,
        "dilutedAverageSharesOutstanding": 434,
        "dilutedEPS": 0.9701,
        "ebit": 603,
        "grossIncome": 1220,
        "interestExpense": 165,
        "interestIncomeExpense": -165,
        "netIncome": 421,
        "netIncomeAfterTaxes": 421,
        "nonRecurringItems": -10,
        "period": "2022-06-30",
        "pretaxIncome": 426,
        "provisionforIncomeTaxes": 5,
        "revenue": 1734,
        "sgaExpense": 190,
        "totalOperatingExpense": 617,
        "totalOtherIncomeExpenseNet": -2
      },
      {
        "costOfGoodsSold": 509,
        "depreciationAmortization": 420,
        "dilutedAverageSharesOutstanding": 434,
        "dilutedEPS": 0.9701,
        "ebit": 632,
        "grossIncome": 1233,
        "interestExpense": 164,
        "interestIncomeExpense": -164,
        "netIncome": 421,
        "netIncomeAfterTaxes": 421,
        "nonRecurringItems": -40,
        "period": "2022-03-31",
        "pretaxIncome": 427,
        "provisionforIncomeTaxes": 6,
        "revenue": 1742,
        "sgaExpense": 181,
        "totalOperatingExpense": 601,
        "totalOtherIncomeExpenseNet": -1
      },
      {
        "costOfGoodsSold": 524,
        "depreciationAmortization": 415,
        "dilutedAverageSharesOutstanding": 434,
        "dilutedEPS": 0.8134,
        "ebit": 535,
        "grossIncome": 1130,
        "interestExpense": 164,
        "interestIncomeExpense": -164,
        "netIncome": 353,
        "netIncomeAfterTaxes": 353,
        "nonRecurringItems": -12,
        "period": "2021-12-31",
        "pretaxIncome": 354,
        "provisionforIncomeTaxes": 1,
        "revenue": 1654,
        "sgaExpense": 180,
        "totalOperatingExpense": 595,
        "totalOtherIncomeExpenseNet": -5
      },
      {
        "costOfGoodsSold": 512,
        "depreciationAmortization": 413,
        "dilutedAverageSharesOutstanding": 434,
        "dilutedEPS": 0.8088,
        "ebit": 526,
        "grossIncome": 1106,
        "interestExpense": 163,
        "interestIncomeExpense": -163,
        "netIncome": 351,
        "netIncomeAfterTaxes": 351,
        "nonRecurringItems": -1,
        "period": "2021-09-30",
        "pretaxIncome": 358,
        "provisionforIncomeTaxes": 7,
        "revenue": 1618,
        "sgaExpense": 167,
        "totalOperatingExpense": 580,
        "totalOtherIncomeExpenseNet": -4
      },
      {
        "costOfGoodsSold": 494,
        "depreciationAmortization": 408,
        "dilutedAverageSharesOutstanding": 434,
        "dilutedEPS": 0.7673,
        "ebit": 512,
        "grossIncome": 1089,
        "interestExpense": 161,
        "interestIncomeExpense": -160,
        "netIncome": 334,
        "netIncomeAfterTaxes": 333,
        "nonRecurringItems": -8,
        "period": "2021-06-30",
        "pretaxIncome": 339,
        "provisionforIncomeTaxes": 6,
        "revenue": 1583,
        "sgaExpense": 169,
        "totalOperatingExpense": 577,
        "totalOtherIncomeExpenseNet": -5
      },
      {
        "costOfGoodsSold": 462,
        "depreciationAmortization": 408,
        "dilutedAverageSharesOutstanding": 433,
        "dilutedEPS": 0.13,
        "ebit": 451,
        "grossIncome": 1023,
        "interestExpense": 170,
        "interestIncomeExpense": -169,
        "netIncome": 58,
        "netIncomeAfterTaxes": 121,
        "nonRecurringItems": -146,
        "period": "2021-03-31",
        "pretaxIncome": 128,
        "provisionforIncomeTaxes": 7,
        "revenue": 1485,
        "sgaExpense": 164,
        "totalOperatingExpense": 572,
        "totalOtherIncomeExpenseNet": -8
      },
      {
        "costOfGoodsSold": 522,
        "depreciationAmortization": 401,
        "dilutedAverageSharesOutstanding": 434,
        "dilutedEPS": 1.17,
        "ebit": 747,
        "grossIncome": 971,
        "interestExpense": 168,
        "interestIncomeExpense": -168,
        "netIncome": 508,
        "netIncomeAfterTaxes": 508,
        "nonRecurringItems": -65,
        "otherOperatingExpensesTotal": -362,
        "period": "2020-12-31",
        "pretaxIncome": 512,
        "provisionforIncomeTaxes": 4,
        "revenue": 1493,
        "sgaExpense": 185,
        "totalOperatingExpense": 224,
        "totalOtherIncomeExpenseNet": -2
      },
      {
        "costOfGoodsSold": 487,
        "depreciationAmortization": 406,
        "dilutedAverageSharesOutstanding": 429,
        "dilutedEPS": 0.38,
        "ebit": 439,
        "grossIncome": 999,
        "interestExpense": 168,
        "interestIncomeExpense": -168,
        "netIncome": 163,
        "netIncomeAfterTaxes": 163,
        "nonRecurringItems": -100,
        "period": "2020-09-30",
        "pretaxIncome": 168,
        "provisionforIncomeTaxes": 5,
        "revenue": 1486,
        "sgaExpense": 154,
        "totalOperatingExpense": 560,
        "totalOtherIncomeExpenseNet": -3
      },
      {
        "costOfGoodsSold": 486,
        "depreciationAmortization": 402,
        "dilutedAverageSharesOutstanding": 419,
        "dilutedEPS": 0.41,
        "ebit": 388,
        "grossIncome": 954,
        "interestExpense": 178,
        "interestIncomeExpense": -177,
        "netIncome": 172,
        "netIncomeAfterTaxes": 200,
        "nonRecurringItems": -5,
        "period": "2020-06-30",
        "pretaxIncome": 206,
        "provisionforIncomeTaxes": 6,
        "revenue": 1440,
        "sgaExpense": 164,
        "totalOperatingExpense": 566,
        "totalOtherIncomeExpenseNet": 0
      },
      {
        "costOfGoodsSold": 474,
        "depreciationAmortization": 399,
        "dilutedAverageSharesOutstanding": 418,
        "dilutedEPS": 0.38,
        "ebit": 373,
        "grossIncome": 947,
        "interestExpense": 175,
        "interestIncomeExpense": -174,
        "netIncome": 157,
        "netIncomeAfterTaxes": 185,
        "nonRecurringItems": -9,
        "period": "2020-03-31",
        "pretaxIncome": 190,
        "provisionforIncomeTaxes": 5,
        "revenue": 1421,
        "sgaExpense": 175,
        "totalOperatingExpense": 574,
        "totalOtherIncomeExpenseNet": 0
      },
      {
        "costOfGoodsSold": 484,
        "depreciationAmortization": 397,
        "dilutedAverageSharesOutstanding": 418,
        "dilutedEPS": 0.43,
        "ebit": 388,
        "grossIncome": 942,
        "interestExpense": 173,
        "interestIncomeExpense": -172,
        "netIncome": 180,
        "netIncomeAfterTaxes": 208,
        "nonRecurringItems": -9,
        "period": "2019-12-31",
        "pretaxIncome": 214,
        "provisionforIncomeTaxes": 6,
        "revenue": 1426,
        "sgaExpense": 157,
        "totalOperatingExpense": 554,
        "totalOtherIncomeExpenseNet": 7
      },
      {
        "costOfGoodsSold": 515,
        "depreciationAmortization": 388,
        "dilutedAverageSharesOutstanding": 418,
        "dilutedEPS": 0.51,
        "ebit": 429,
        "grossIncome": 967,
        "interestExpense": 173,
        "interestIncomeExpense": -171,
        "netIncome": 214,
        "netIncomeAfterTaxes": 242,
        "nonRecurringItems": -6,
        "period": "2019-09-30",
        "pretaxIncome": 247,
        "provisionforIncomeTaxes": 5,
        "revenue": 1482,
        "sgaExpense": 150,
        "totalOperatingExpense": 538,
        "totalOtherIncomeExpenseNet": -5
      },
      {
        "costOfGoodsSold": 502,
        "depreciationAmortization": 393,
        "dilutedAverageSharesOutstanding": 418,
        "dilutedEPS": 0.45,
        "ebit": 397,
        "grossIncome": 945,
        "interestExpense": 169,
        "interestIncomeExpense": -168,
        "netIncome": 188,
        "netIncomeAfterTaxes": 216,
        "nonRecurringItems": -9,
        "period": "2019-06-30",
        "pretaxIncome": 220,
        "provisionforIncomeTaxes": 4,
        "revenue": 1447,
        "sgaExpense": 155,
        "totalOperatingExpense": 548,
        "totalOtherIncomeExpenseNet": 0
      },
      {
        "costOfGoodsSold": 485,
        "depreciationAmortization": 394,
        "dilutedAverageSharesOutstanding": 417,
        "dilutedEPS": 0.4,
        "ebit": 377,
        "grossIncome": 923,
        "interestExpense": 168,
        "interestIncomeExpense": -166,
        "netIncome": 165,
        "netIncomeAfterTaxes": 193,
        "nonRecurringItems": -11,
        "period": "2019-03-31",
        "pretaxIncome": 199,
        "provisionforIncomeTaxes": 6,
        "revenue": 1408,
        "sgaExpense": 152,
        "totalOperatingExpense": 546,
        "totalOtherIncomeExpenseNet": -1
      },
      {
        "costOfGoodsSold": 483,
        "depreciationAmortization": 389,
        "dilutedAverageSharesOutstanding": 418,
        "dilutedEPS": 0.33,
        "ebit": 349,
        "grossIncome": 883,
        "interestExpense": 167,
        "interestIncomeExpense": -166,
        "netIncome": 136,
        "netIncomeAfterTaxes": 164,
        "nonRecurringItems": -17,
        "period": "2018-12-31",
        "pretaxIncome": 170,
        "provisionforIncomeTaxes": 6,
        "revenue": 1366,
        "sgaExpense": 145,
        "totalOperatingExpense": 534,
        "totalOtherIncomeExpenseNet": 4
      },
      {
        "costOfGoodsSold": 474,
        "depreciationAmortization": 385,
        "dilutedAverageSharesOutstanding": 416,
        "dilutedEPS": 0.33,
        "ebit": 371,
        "grossIncome": 901,
        "interestExpense": 163,
        "interestIncomeExpense": -162,
        "netIncome": 136,
        "netIncomeAfterTaxes": 164,
        "nonRecurringItems": -44,
        "period": "2018-09-30",
        "pretaxIncome": 169,
        "provisionforIncomeTaxes": 5,
        "revenue": 1375,
        "sgaExpense": 145,
        "totalOperatingExpense": 530,
        "totalOtherIncomeExpenseNet": 4
      },
      {
        "costOfGoodsSold": 454,
        "depreciationAmortization": 379,
        "dilutedAverageSharesOutstanding": 416,
        "dilutedEPS": 0.37,
        "ebit": 359,
        "grossIncome": 876,
        "interestExpense": 162,
        "interestIncomeExpense": -161,
        "netIncome": 152,
        "netIncomeAfterTaxes": 180,
        "nonRecurringItems": -17,
        "period": "2018-06-30",
        "pretaxIncome": 185,
        "provisionforIncomeTaxes": 5,
        "revenue": 1330,
        "sgaExpense": 138,
        "totalOperatingExpense": 517,
        "totalOtherIncomeExpenseNet": 4
      },
      {
        "costOfGoodsSold": 433,
        "depreciationAmortization": 374,
        "dilutedAverageSharesOutstanding": 410,
        "dilutedEPS": 0.21,
        "ebit": 358,
        "grossIncome": 866,
        "interestExpense": 163,
        "interestIncomeExpense": -162,
        "netIncome": 86,
        "netIncomeAfterTaxes": 114,
        "nonRecurringItems": -80,
        "period": "2018-03-31",
        "pretaxIncome": 118,
        "provisionforIncomeTaxes": 4,
        "revenue": 1299,
        "sgaExpense": 134,
        "totalOperatingExpense": 508,
        "totalOtherIncomeExpenseNet": 2
      },
      {
        "costOfGoodsSold": 417.9,
        "depreciationAmortization": 360.8,
        "dilutedAverageSharesOutstanding": 407.3,
        "dilutedEPS": -0.02,
        "ebit": 232,
        "grossIncome": 719.6,
        "interestExpense": 164.262,
        "interestIncomeExpense": -157.8,
        "netIncome": -8.5,
        "netIncomeAfterTaxes": 34.6,
        "nonRecurringItems": -41.1,
        "period": "2017-12-31",
        "pretaxIncome": 34.3,
        "provisionforIncomeTaxes": -0.3,
        "revenue": 1137.5,
        "sgaExpense": 126.8,
        "totalOperatingExpense": 487.6,
        "totalOtherIncomeExpenseNet": 1.2
      },
      {
        "costOfGoodsSold": 387.4,
        "depreciationAmortization": 296,
        "dilutedAverageSharesOutstanding": 397,
        "dilutedEPS": 0.21,
        "ebit": 279.1,
        "grossIncome": 675.9,
        "interestExpense": 156.647,
        "interestIncomeExpense": -145.5,
        "netIncome": 85.3,
        "netIncomeAfterTaxes": 115.2,
        "nonRecurringItems": -18.5,
        "period": "2017-09-30",
        "pretaxIncome": 117.6,
        "provisionforIncomeTaxes": 2.4,
        "revenue": 1063.2,
        "sgaExpense": 100.8,
        "totalOperatingExpense": 396.8,
        "totalOtherIncomeExpenseNet": 2.5
      },
      {
        "costOfGoodsSold": 373.9,
        "depreciationAmortization": 295.6,
        "dilutedAverageSharesOutstanding": 365.8,
        "dilutedEPS": 0.31,
        "ebit": 271.1,
        "grossIncome": 664.4,
        "interestExpense": 143.889,
        "interestIncomeExpense": -142.9,
        "netIncome": 112.1,
        "netIncomeAfterTaxes": 112.1,
        "nonRecurringItems": -12.6,
        "period": "2017-06-30",
        "pretaxIncome": 116.7,
        "provisionforIncomeTaxes": 4.5,
        "revenue": 1038.3,
        "sgaExpense": 97.7,
        "totalOperatingExpense": 393.3,
        "totalOtherIncomeExpenseNet": 1
      },
      {
        "costOfGoodsSold": 363.8,
        "depreciationAmortization": 288.5,
        "dilutedAverageSharesOutstanding": 361.7,
        "dilutedEPS": 0.33,
        "ebit": 262.8,
        "grossIncome": 652.1,
        "interestExpense": 136.202,
        "interestIncomeExpense": -135.8,
        "netIncome": 119.1,
        "netIncomeAfterTaxes": 119.1,
        "nonRecurringItems": -9.8,
        "period": "2017-03-31",
        "pretaxIncome": 123.5,
        "provisionforIncomeTaxes": 4.4,
        "revenue": 1015.9,
        "sgaExpense": 100.7,
        "totalOperatingExpense": 389.3,
        "totalOtherIncomeExpenseNet": 6.3
      },
      {
        "costOfGoodsSold": 392.2,
        "depreciationAmortization": 273.8,
        "dilutedAverageSharesOutstanding": 352.3,
        "dilutedEPS": 0.35,
        "ebit": 274.2,
        "grossIncome": 640.2,
        "interestExpense": 130.901,
        "interestIncomeExpense": -130.6,
        "netIncome": 124.7,
        "netIncomeAfterTaxes": 124.7,
        "nonRecurringItems": -12.2,
        "period": "2016-12-31",
        "pretaxIncome": 128.8,
        "provisionforIncomeTaxes": 4.1,
        "revenue": 1032.4,
        "sgaExpense": 92.1,
        "totalOperatingExpense": 366,
        "totalOtherIncomeExpenseNet": -2.7
      },
      {
        "costOfGoodsSold": 366,
        "depreciationAmortization": 280.8,
        "dilutedAverageSharesOutstanding": 338.4,
        "dilutedEPS": 0.26,
        "ebit": 255.3,
        "grossIncome": 626,
        "interestExpense": 131.217,
        "interestIncomeExpense": -131,
        "minorityInterest": 0,
        "netIncome": 87.4,
        "netIncomeAfterTaxes": 98.4,
        "nonRecurringItems": -21.3,
        "period": "2016-09-30",
        "pretaxIncome": 103.4,
        "provisionforIncomeTaxes": 5,
        "revenue": 992,
        "sgaExpense": 89.9,
        "totalOperatingExpense": 370.7,
        "totalOtherIncomeExpenseNet": 0.5
      },
      {
        "costOfGoodsSold": 348.7,
        "depreciationAmortization": 276,
        "dilutedAverageSharesOutstanding": 338.6,
        "dilutedEPS": 0.22,
        "ebit": 246.3,
        "grossIncome": 613.7,
        "interestExpense": 130.395,
        "interestIncomeExpense": -130.3,
        "minorityInterest": 0,
        "netIncome": 75.1,
        "netIncomeAfterTaxes": 86.1,
        "nonRecurringItems": -26.6,
        "period": "2016-06-30",
        "pretaxIncome": 89.9,
        "provisionforIncomeTaxes": 3.9,
        "revenue": 962.4,
        "sgaExpense": 91.4,
        "totalOperatingExpense": 367.4,
        "totalOtherIncomeExpenseNet": 0.5
      },
      {
        "costOfGoodsSold": 333.6,
        "depreciationAmortization": 277.9,
        "dilutedAverageSharesOutstanding": 334.9,
        "dilutedEPS": 0.11,
        "ebit": 225.3,
        "grossIncome": 600.8,
        "interestExpense": 127.273,
        "interestIncomeExpense": -127.1,
        "minorityInterest": 0,
        "netIncome": 36.8,
        "netIncomeAfterTaxes": 47.8,
        "nonRecurringItems": -44.1,
        "period": "2016-03-31",
        "pretaxIncome": 51.7,
        "provisionforIncomeTaxes": 3.9,
        "revenue": 934.4,
        "sgaExpense": 97.6,
        "totalOperatingExpense": 375.5,
        "totalOtherIncomeExpenseNet": -2.4
      },
      {
        "costOfGoodsSold": 342,
        "depreciationAmortization": 269.6,
        "dilutedAverageSharesOutstanding": 335,
        "dilutedEPS": 0.39,
        "ebit": 247.2,
        "grossIncome": 603.8,
        "interestExpense": 128.229,
        "interestIncomeExpense": -127.5,
        "netIncome": 130.1,
        "netIncomeAfterTaxes": 142.7,
        "nonRecurringItems": -17.5,
        "period": "2015-12-31",
        "pretaxIncome": 100.6,
        "provisionforIncomeTaxes": -42.1,
        "revenue": 945.8,
        "sgaExpense": 87,
        "totalOperatingExpense": 356.6,
        "totalOtherIncomeExpenseNet": -1.6
      },
      {
        "costOfGoodsSold": 333.9,
        "depreciationAmortization": 261.7,
        "dilutedAverageSharesOutstanding": 333.7,
        "dilutedEPS": 0.28,
        "ebit": 245.9,
        "grossIncome": 584.2,
        "interestExpense": 126.738,
        "interestIncomeExpense": -129.7,
        "netIncome": 92.8,
        "netIncomeAfterTaxes": 104.3,
        "nonRecurringItems": -15.1,
        "period": "2015-09-30",
        "pretaxIncome": 100.5,
        "provisionforIncomeTaxes": -3.8,
        "revenue": 918.1,
        "sgaExpense": 76.7,
        "totalOperatingExpense": 338.3,
        "totalOtherIncomeExpenseNet": -0.6
      }
    ],
    "symbol": "CCI"
  }
}