{
  "symbol": "IBM",
  "statement": "ic",
  "frequency": "quarterly",
  "timestamp": "2025-09-19T14:01:52.331734",
  "data": {
    "financials": [
      {
        "costOfGoodsSold": 7000,
        "dilutedAverageSharesOutstanding": 948,
        "dilutedEPS": 2.31,
        "ebit": 2733,
        "grossIncome": 9977,
        "interestExpense": 510,
        "interestIncomeExpense": -510,
        "netIncome": 2194,
        "netIncomeAfterTaxes": 2193,
        "nonRecurringItems": 374,
        "otherOperatingExpensesTotal": -228,
        "period": "2025-06-30",
        "pretaxIncome": 2597,
        "provisionforIncomeTaxes": 404,
        "researchDevelopment": 2097,
        "revenue": 16977,
        "sgaExpense": 5375,
        "totalOperatingExpense": 7244
      },
      {
        "costOfGoodsSold": 6510,
        "depreciationAmortization": 294,
        "dilutedAverageSharesOutstanding": 945.368,
        "dilutedEPS": 1.12,
        "ebit": 1388,
        "grossIncome": 8031,
        "interestExpense": 455,
        "interestIncomeExpense": -294,
        "netIncome": 1055,
        "netIncomeAfterTaxes": 1057,
        "nonRecurringItems": 64,
        "otherOperatingExpensesTotal": -234,
        "period": "2025-03-31",
        "pretaxIncome": 1158,
        "provisionforIncomeTaxes": 101,
        "researchDevelopment": 1954,
        "revenue": 14541,
        "sgaExpense": 4629,
        "totalOperatingExpense": 6643
      },
      {
        "costOfGoodsSold": 7114,
        "depreciationAmortization": 290,
        "dilutedAverageSharesOutstanding": 942.369,
        "dilutedEPS": 3.09,
        "ebit": 3741,
        "grossIncome": 10440,
        "interestExpense": 424,
        "interestIncomeExpense": -200,
        "netIncome": 2914,
        "netIncomeAfterTaxes": 2948,
        "nonRecurringItems": -235,
        "otherOperatingExpensesTotal": -443,
        "period": "2024-12-31",
        "pretaxIncome": 3306,
        "provisionforIncomeTaxes": 358,
        "researchDevelopment": 1967,
        "revenue": 17554,
        "sgaExpense": 4885,
        "totalOperatingExpense": 6699
      },
      {
        "costOfGoodsSold": 6548,
        "depreciationAmortization": 290,
        "dilutedAverageSharesOutstanding": 923.578,
        "dilutedEPS": -0.35,
        "ebit": 1947,
        "grossIncome": 8420,
        "interestExpense": 429,
        "interestIncomeExpense": -297,
        "netIncome": -330,
        "netIncomeAfterTaxes": -319,
        "nonRecurringItems": -2452,
        "otherOperatingExpensesTotal": -308,
        "period": "2024-09-30",
        "pretaxIncome": -802,
        "provisionforIncomeTaxes": -483,
        "researchDevelopment": 1876,
        "revenue": 14968,
        "sgaExpense": 4615,
        "totalOperatingExpense": 6473
      },
      {
        "costOfGoodsSold": 6820,
        "depreciationAmortization": 268,
        "dilutedAverageSharesOutstanding": 934.398,
        "dilutedEPS": 1.95,
        "ebit": 2190,
        "grossIncome": 8950,
        "interestExpense": 427,
        "interestIncomeExpense": -210,
        "netIncome": 1834,
        "netIncomeAfterTaxes": 1818,
        "nonRecurringItems": 240,
        "otherOperatingExpensesTotal": -284,
        "period": "2024-06-30",
        "pretaxIncome": 2219,
        "provisionforIncomeTaxes": 401,
        "researchDevelopment": 1840,
        "revenue": 15770,
        "sgaExpense": 4936,
        "totalOperatingExpense": 6760,
        "totalOtherIncomeExpenseNet": -1
      },
      {
        "costOfGoodsSold": 6719,
        "depreciationAmortization": 257,
        "dilutedAverageSharesOutstanding": 933.431,
        "dilutedEPS": 1.71,
        "ebit": 1280,
        "grossIncome": 7743,
        "interestExpense": 432,
        "interestIncomeExpense": -294,
        "netIncome": 1605,
        "netIncomeAfterTaxes": 2024,
        "nonRecurringItems": 87,
        "otherOperatingExpensesTotal": -199,
        "period": "2024-03-31",
        "pretaxIncome": 1074,
        "provisionforIncomeTaxes": -950,
        "researchDevelopment": 1796,
        "revenue": 14462,
        "sgaExpense": 4609,
        "totalOperatingExpense": 6463,
        "totalOtherIncomeExpenseNet": 1
      },
      {
        "costOfGoodsSold": 7114,
        "depreciationAmortization": 261,
        "dilutedAverageSharesOutstanding": 927.395,
        "dilutedEPS": 3.54,
        "ebit": 3739,
        "grossIncome": 10267,
        "interestExpense": 405,
        "interestIncomeExpense": -342,
        "netIncome": 3288,
        "netIncomeAfterTaxes": 3281,
        "nonRecurringItems": 362,
        "otherOperatingExpensesTotal": -254,
        "period": "2023-12-31",
        "pretaxIncome": 3759,
        "provisionforIncomeTaxes": 478,
        "researchDevelopment": 1748,
        "revenue": 17381,
        "sgaExpense": 4773,
        "totalOperatingExpense": 6528
      },
      {
        "costOfGoodsSold": 6729,
        "depreciationAmortization": 252,
        "dilutedAverageSharesOutstanding": 923.7,
        "dilutedEPS": 1.84,
        "ebit": 1828,
        "grossIncome": 8023,
        "interestExpense": 412,
        "interestIncomeExpense": -307,
        "netIncome": 1704,
        "netIncomeAfterTaxes": 1738,
        "nonRecurringItems": 352,
        "otherOperatingExpensesTotal": -191,
        "period": "2023-09-30",
        "pretaxIncome": 1873,
        "provisionforIncomeTaxes": 135,
        "researchDevelopment": 1685,
        "revenue": 14752,
        "sgaExpense": 4449,
        "totalOperatingExpense": 6195
      },
      {
        "costOfGoodsSold": 6974,
        "depreciationAmortization": 239,
        "dilutedAverageSharesOutstanding": 919.453,
        "dilutedEPS": 1.72,
        "ebit": 2033,
        "grossIncome": 8501,
        "interestExpense": 423,
        "interestIncomeExpense": -200,
        "netIncome": 1583,
        "netIncomeAfterTaxes": 1471,
        "nonRecurringItems": 167,
        "otherOperatingExpensesTotal": -248,
        "period": "2023-06-30",
        "pretaxIncome": 2000,
        "provisionforIncomeTaxes": 529,
        "researchDevelopment": 1687,
        "revenue": 15475,
        "sgaExpense": 4790,
        "totalOperatingExpense": 6468
      },
      {
        "costOfGoodsSold": 6743,
        "depreciationAmortization": 243,
        "dilutedAverageSharesOutstanding": 917.845,
        "dilutedEPS": 1.01,
        "ebit": 1190,
        "grossIncome": 7509,
        "interestExpense": 367,
        "interestIncomeExpense": -148,
        "netIncome": 927,
        "netIncomeAfterTaxes": 929,
        "nonRecurringItems": 16,
        "otherOperatingExpensesTotal": -176,
        "period": "2023-03-31",
        "pretaxIncome": 1058,
        "provisionforIncomeTaxes": 129,
        "researchDevelopment": 1655,
        "revenue": 14252,
        "sgaExpense": 4597,
        "totalOperatingExpense": 6319
      },
      {
        "costOfGoodsSold": 7058,
        "depreciationAmortization": 254,
        "dilutedAverageSharesOutstanding": 944.276,
        "dilutedEPS": 2.86,
        "ebit": 3249,
        "grossIncome": 9632,
        "interestExpense": 313,
        "interestIncomeExpense": -138,
        "netIncome": 2710,
        "netIncomeAfterTaxes": 2826,
        "nonRecurringItems": 202,
        "otherOperatingExpensesTotal": -245,
        "period": "2022-12-31",
        "pretaxIncome": 3312,
        "provisionforIncomeTaxes": 486,
        "researchDevelopment": 1604,
        "revenue": 16690,
        "sgaExpense": 4770,
        "totalOperatingExpense": 6383,
        "totalOtherIncomeExpenseNet": -1
      },
      {
        "costOfGoodsSold": 6677,
        "depreciationAmortization": 252,
        "dilutedAverageSharesOutstanding": 904.1,
        "dilutedEPS": -3.55,
        "ebit": 1308,
        "grossIncome": 7430,
        "interestExpense": 295,
        "interestIncomeExpense": -68,
        "netIncome": -3196,
        "netIncomeAfterTaxes": -3214,
        "nonRecurringItems": -5741,
        "otherOperatingExpensesTotal": -120,
        "period": "2022-09-30",
        "pretaxIncome": -4501,
        "provisionforIncomeTaxes": -1287,
        "researchDevelopment": 1611,
        "revenue": 14107,
        "sgaExpense": 4379,
        "totalOperatingExpense": 6122
      },
      {
        "costOfGoodsSold": 7246,
        "depreciationAmortization": 277,
        "dilutedAverageSharesOutstanding": 910.7,
        "dilutedEPS": 1.52,
        "ebit": 1687,
        "grossIncome": 8289,
        "interestExpense": 297,
        "interestIncomeExpense": -268,
        "netIncome": 1392,
        "netIncomeAfterTaxes": 1461,
        "nonRecurringItems": 303,
        "otherOperatingExpensesTotal": -177,
        "period": "2022-06-30",
        "pretaxIncome": 1722,
        "provisionforIncomeTaxes": 261,
        "researchDevelopment": 1673,
        "revenue": 15535,
        "sgaExpense": 4829,
        "totalOperatingExpense": 6602
      },
      {
        "costOfGoodsSold": 6862,
        "depreciationAmortization": 279,
        "dilutedAverageSharesOutstanding": 909.2,
        "dilutedEPS": 0.8,
        "ebit": 898,
        "grossIncome": 7335,
        "interestExpense": 311,
        "interestIncomeExpense": -438,
        "netIncome": 733,
        "netIncomeAfterTaxes": 778,
        "nonRecurringItems": 163,
        "otherOperatingExpensesTotal": -120,
        "period": "2022-03-31",
        "pretaxIncome": 623,
        "provisionforIncomeTaxes": -155,
        "researchDevelopment": 1679,
        "revenue": 14197,
        "sgaExpense": 4599,
        "totalOperatingExpense": 6437
      },
      {
        "costOfGoodsSold": 7195,
        "dilutedAverageSharesOutstanding": 906.6,
        "dilutedEPS": 2.57,
        "ebit": 2880,
        "grossIncome": 9500,
        "interestExpense": 303,
        "interestIncomeExpense": -303,
        "netIncome": 2332,
        "netIncomeAfterTaxes": 2368,
        "nonRecurringItems": 291,
        "otherOperatingExpensesTotal": -198,
        "period": "2021-12-31",
        "pretaxIncome": 2869,
        "provisionforIncomeTaxes": 501,
        "researchDevelopment": 1625,
        "revenue": 16695,
        "sgaExpense": 5193,
        "totalOperatingExpense": 6620,
        "totalOtherIncomeExpenseNet": 1
      },
      {
        "costOfGoodsSold": 6145,
        "depreciationAmortization": 285,
        "dilutedAverageSharesOutstanding": 906,
        "dilutedEPS": 1.24,
        "ebit": 1107,
        "grossIncome": 7106,
        "interestExpense": 290,
        "interestIncomeExpense": -265,
        "netIncome": 1130,
        "netIncomeAfterTaxes": 1037,
        "nonRecurringItems": -29,
        "otherOperatingExpensesTotal": -201,
        "period": "2021-09-30",
        "pretaxIncome": 813,
        "provisionforIncomeTaxes": -224,
        "researchDevelopment": 1606,
        "revenue": 13251,
        "sgaExpense": 4309,
        "totalOperatingExpense": 5999
      },
      {
        "costOfGoodsSold": 6366,
        "depreciationAmortization": 276,
        "dilutedAverageSharesOutstanding": 904.2,
        "dilutedEPS": 1.46,
        "ebit": 1375,
        "grossIncome": 7852,
        "interestExpense": 281,
        "interestIncomeExpense": -334,
        "netIncome": 1325,
        "netIncomeAfterTaxes": 797,
        "nonRecurringItems": -129,
        "otherOperatingExpensesTotal": -200,
        "period": "2021-06-30",
        "pretaxIncome": 912,
        "provisionforIncomeTaxes": 115,
        "researchDevelopment": 1641,
        "revenue": 14218,
        "sgaExpense": 4760,
        "totalOperatingExpense": 6477
      },
      {
        "costOfGoodsSold": 6160,
        "depreciationAmortization": 272,
        "dilutedAverageSharesOutstanding": 901.7,
        "dilutedEPS": 1.05,
        "ebit": 691,
        "grossIncome": 7027,
        "interestExpense": 280,
        "interestIncomeExpense": -311,
        "netIncome": 955,
        "netIncomeAfterTaxes": 423,
        "nonRecurringItems": -137,
        "otherOperatingExpensesTotal": -162,
        "period": "2021-03-31",
        "pretaxIncome": 244,
        "provisionforIncomeTaxes": -179,
        "researchDevelopment": 1616,
        "revenue": 13187,
        "sgaExpense": 4610,
        "totalOperatingExpense": 6336,
        "totalOtherIncomeExpenseNet": 1
      },
      {
        "costOfGoodsSold": 6444,
        "dilutedAverageSharesOutstanding": 899,
        "dilutedEPS": 1.5,
        "ebit": 1047,
        "grossIncome": 9238,
        "interestExpense": 317,
        "interestIncomeExpense": -317,
        "netIncome": 1356,
        "netIncomeAfterTaxes": 1189,
        "nonRecurringItems": 284,
        "otherOperatingExpensesTotal": 60,
        "period": "2020-12-31",
        "pretaxIncome": 1014,
        "provisionforIncomeTaxes": -175,
        "researchDevelopment": 1592,
        "revenue": 15682,
        "sgaExpense": 6539,
        "totalOperatingExpense": 8191
      },
      {
        "costOfGoodsSold": -1202,
        "dilutedAverageSharesOutstanding": 913.233,
        "dilutedEPS": 1.85,
        "ebit": -1795,
        "grossIncome": 5005,
        "interestExpense": 265,
        "interestIncomeExpense": -405,
        "netIncome": 1698,
        "netIncomeAfterTaxes": 55,
        "nonRecurringItems": 2237,
        "otherOperatingExpensesTotal": -83,
        "period": "2020-09-30",
        "pretaxIncome": 36,
        "provisionforIncomeTaxes": -19,
        "researchDevelopment": 1463,
        "revenue": 3803,
        "sgaExpense": 5420,
        "totalOperatingExpense": 6800
      },
      {
        "costOfGoodsSold": 9423,
        "depreciationAmortization": 284,
        "dilutedAverageSharesOutstanding": 894.939,
        "dilutedEPS": 1.52,
        "ebit": 2101,
        "grossIncome": 8700,
        "interestExpense": 331,
        "interestIncomeExpense": -120,
        "netIncome": 1361,
        "netIncomeAfterTaxes": 1362,
        "nonRecurringItems": -410,
        "otherOperatingExpensesTotal": -244,
        "period": "2020-06-30",
        "pretaxIncome": 1571,
        "provisionforIncomeTaxes": 209,
        "researchDevelopment": 1582,
        "revenue": 18123,
        "sgaExpense": 4977,
        "totalOperatingExpense": 6599
      },
      {
        "costOfGoodsSold": 9649,
        "depreciationAmortization": 284,
        "dilutedAverageSharesOutstanding": 895.039,
        "dilutedEPS": 1.31,
        "ebit": 1388,
        "grossIncome": 7922,
        "interestExpense": 375,
        "interestIncomeExpense": -446,
        "netIncome": 1175,
        "netIncomeAfterTaxes": 1326,
        "nonRecurringItems": -992,
        "otherOperatingExpensesTotal": -117,
        "period": "2020-03-31",
        "pretaxIncome": -49,
        "provisionforIncomeTaxes": -1375,
        "researchDevelopment": 1625,
        "revenue": 17571,
        "sgaExpense": 4742,
        "totalOperatingExpense": 6534,
        "totalOtherIncomeExpenseNet": 1
      },
      {
        "costOfGoodsSold": -3801,
        "dilutedAverageSharesOutstanding": 893.671,
        "dilutedEPS": 4.1,
        "ebit": 619,
        "grossIncome": 6145,
        "interestExpense": 582,
        "interestIncomeExpense": -582,
        "netIncome": 3670,
        "netIncomeAfterTaxes": 1366,
        "nonRecurringItems": 996,
        "otherOperatingExpensesTotal": -621,
        "period": "2019-12-31",
        "pretaxIncome": 1033,
        "provisionforIncomeTaxes": -333,
        "researchDevelopment": 1570,
        "revenue": 2344,
        "sgaExpense": 4577,
        "totalOperatingExpense": 5526
      },
      {
        "costOfGoodsSold": 9692,
        "depreciationAmortization": 276,
        "dilutedAverageSharesOutstanding": 892.84,
        "dilutedEPS": 1.88,
        "ebit": 2013,
        "grossIncome": 8336,
        "interestExpense": 441,
        "interestIncomeExpense": -321,
        "netIncome": 1672,
        "netIncomeAfterTaxes": 1678,
        "nonRecurringItems": -169,
        "otherOperatingExpensesTotal": -239,
        "period": "2019-09-30",
        "pretaxIncome": 1522,
        "provisionforIncomeTaxes": -156,
        "researchDevelopment": 1553,
        "revenue": 18028,
        "sgaExpense": 4733,
        "totalOperatingExpense": 6323,
        "totalOtherIncomeExpenseNet": -1
      },
      {
        "costOfGoodsSold": 10151,
        "depreciationAmortization": 95,
        "dilutedAverageSharesOutstanding": 890.832,
        "dilutedEPS": 2.82,
        "ebit": 3400,
        "grossIncome": 9010,
        "interestExpense": 396,
        "interestIncomeExpense": -273,
        "netIncome": 2498,
        "netIncomeAfterTaxes": 2513,
        "nonRecurringItems": -359,
        "otherOperatingExpensesTotal": -784,
        "period": "2019-06-30",
        "pretaxIncome": 2768,
        "provisionforIncomeTaxes": 255,
        "researchDevelopment": 1407,
        "revenue": 19161,
        "sgaExpense": 4892,
        "totalOperatingExpense": 5610
      },
      {
        "costOfGoodsSold": 10139,
        "depreciationAmortization": 97,
        "dilutedAverageSharesOutstanding": 893.911,
        "dilutedEPS": 1.77,
        "ebit": 1954,
        "grossIncome": 8043,
        "interestExpense": 249,
        "interestIncomeExpense": 86,
        "netIncome": 1591,
        "netIncomeAfterTaxes": 1735,
        "nonRecurringItems": -157,
        "otherOperatingExpensesTotal": -135,
        "period": "2019-03-31",
        "pretaxIncome": 1883,
        "provisionforIncomeTaxes": 148,
        "researchDevelopment": 1433,
        "revenue": 18182,
        "sgaExpense": 4694,
        "totalOperatingExpense": 6089
      },
      {
        "costOfGoodsSold": 11073,
        "depreciationAmortization": 106,
        "dilutedAverageSharesOutstanding": 905.242,
        "dilutedEPS": 2.15,
        "ebit": 4994,
        "grossIncome": 10688,
        "interestExpense": 263,
        "interestIncomeExpense": -165,
        "netIncome": 1951,
        "netIncomeAfterTaxes": 3897,
        "nonRecurringItems": -395,
        "otherOperatingExpensesTotal": -203,
        "period": "2018-12-31",
        "pretaxIncome": 4434,
        "provisionforIncomeTaxes": 537,
        "researchDevelopment": 1358,
        "revenue": 21761,
        "sgaExpense": 4433,
        "totalOperatingExpense": 5694
      },
      {
        "costOfGoodsSold": 9953,
        "depreciationAmortization": 110,
        "dilutedAverageSharesOutstanding": 915.213,
        "dilutedEPS": 2.94,
        "ebit": 3471,
        "grossIncome": 8803,
        "interestExpense": 165,
        "interestIncomeExpense": -60,
        "netIncome": 2694,
        "netIncomeAfterTaxes": 2692,
        "nonRecurringItems": -415,
        "otherOperatingExpensesTotal": -297,
        "period": "2018-09-30",
        "pretaxIncome": 2996,
        "provisionforIncomeTaxes": 304,
        "researchDevelopment": 1252,
        "revenue": 18756,
        "sgaExpense": 4267,
        "totalOperatingExpense": 5332
      },
      {
        "costOfGoodsSold": 10804,
        "depreciationAmortization": 109,
        "dilutedAverageSharesOutstanding": 919.399,
        "dilutedEPS": 2.6,
        "ebit": 3269,
        "grossIncome": 9199,
        "interestExpense": 145,
        "interestIncomeExpense": -76,
        "netIncome": 2404,
        "netIncomeAfterTaxes": 2389,
        "nonRecurringItems": -417,
        "otherOperatingExpensesTotal": -280,
        "period": "2018-06-30",
        "pretaxIncome": 2776,
        "provisionforIncomeTaxes": 387,
        "researchDevelopment": 1364,
        "revenue": 20003,
        "sgaExpense": 4737,
        "totalOperatingExpense": 5930
      },
      {
        "costOfGoodsSold": 10825,
        "depreciationAmortization": 110,
        "dilutedAverageSharesOutstanding": 925.409,
        "dilutedEPS": 1.81,
        "ebit": 2256,
        "grossIncome": 8247,
        "interestExpense": 93,
        "interestIncomeExpense": -178,
        "netIncome": 1679,
        "netIncomeAfterTaxes": 1783,
        "nonRecurringItems": -942,
        "otherOperatingExpensesTotal": -305,
        "period": "2018-03-31",
        "pretaxIncome": 1136,
        "provisionforIncomeTaxes": -647,
        "researchDevelopment": 1405,
        "revenue": 19072,
        "sgaExpense": 4781,
        "totalOperatingExpense": 5991
      },
      {
        "costOfGoodsSold": 11493,
        "depreciationAmortization": 114,
        "dilutedAverageSharesOutstanding": 910.713,
        "dilutedEPS": -1.15,
        "ebit": 4963,
        "grossIncome": 11049,
        "interestExpense": 131,
        "interestIncomeExpense": -112,
        "netIncome": -1054,
        "netIncomeAfterTaxes": 4422,
        "nonRecurringItems": -383,
        "otherOperatingExpensesTotal": -342,
        "period": "2017-12-31",
        "pretaxIncome": 4469,
        "provisionforIncomeTaxes": 47,
        "researchDevelopment": 1378,
        "revenue": 22542,
        "sgaExpense": 4936,
        "totalOperatingExpense": 6086,
        "totalOtherIncomeExpenseNet": 1
      },
      {
        "costOfGoodsSold": 10172,
        "depreciationAmortization": 125,
        "dilutedAverageSharesOutstanding": 933.2,
        "dilutedEPS": 2.92,
        "ebit": 3455,
        "grossIncome": 8981,
        "interestExpense": 165,
        "interestIncomeExpense": -101,
        "netIncome": 2726,
        "netIncomeAfterTaxes": 2726,
        "nonRecurringItems": -290,
        "otherOperatingExpensesTotal": -385,
        "period": "2017-09-30",
        "pretaxIncome": 3065,
        "provisionforIncomeTaxes": 339,
        "researchDevelopment": 1291,
        "revenue": 19153,
        "sgaExpense": 4495,
        "totalOperatingExpense": 5526,
        "totalOtherIncomeExpenseNet": 1
      },
      {
        "costOfGoodsSold": 10321,
        "depreciationAmortization": 127,
        "dilutedAverageSharesOutstanding": 939.565,
        "dilutedEPS": 2.48,
        "ebit": 2880,
        "grossIncome": 8968,
        "interestExpense": 183,
        "interestIncomeExpense": -85,
        "netIncome": 2331,
        "netIncomeAfterTaxes": 2332,
        "nonRecurringItems": -352,
        "otherOperatingExpensesTotal": -389,
        "period": "2017-06-30",
        "pretaxIncome": 2443,
        "provisionforIncomeTaxes": 111,
        "researchDevelopment": 1436,
        "revenue": 19289,
        "sgaExpense": 4914,
        "totalOperatingExpense": 6088
      },
      {
        "costOfGoodsSold": 10211,
        "depreciationAmortization": 130,
        "dilutedAverageSharesOutstanding": 947.836,
        "dilutedEPS": 1.85,
        "ebit": 2018,
        "grossIncome": 7944,
        "interestExpense": 134,
        "interestIncomeExpense": -81,
        "netIncome": 1750,
        "netIncomeAfterTaxes": 1753,
        "nonRecurringItems": -514,
        "otherOperatingExpensesTotal": -464,
        "period": "2017-03-31",
        "pretaxIncome": 1424,
        "provisionforIncomeTaxes": -329,
        "researchDevelopment": 1484,
        "revenue": 18155,
        "sgaExpense": 4776,
        "totalOperatingExpense": 5926,
        "totalOtherIncomeExpenseNet": 1
      },
      {
        "costOfGoodsSold": 10655,
        "depreciationAmortization": 132,
        "dilutedAverageSharesOutstanding": 952.684,
        "dilutedEPS": 4.73,
        "ebit": 5117,
        "grossIncome": 11115,
        "interestIncomeExpense": -132,
        "netIncome": 4501,
        "netIncomeAfterTaxes": 4505,
        "nonRecurringItems": 0,
        "otherOperatingExpensesTotal": -209,
        "period": "2016-12-31",
        "pretaxIncome": 4985,
        "provisionforIncomeTaxes": 480,
        "researchDevelopment": 1406,
        "revenue": 21770,
        "sgaExpense": 4669,
        "totalOperatingExpense": 5998
      },
      {
        "costOfGoodsSold": 10213,
        "depreciationAmortization": 136,
        "dilutedAverageSharesOutstanding": 957.317,
        "dilutedEPS": 2.98,
        "ebit": 3443,
        "grossIncome": 9013,
        "interestExpense": 162,
        "interestIncomeExpense": -156,
        "netIncome": 2853,
        "netIncomeAfterTaxes": 2854,
        "nonRecurringItems": -25,
        "otherOperatingExpensesTotal": -579,
        "period": "2016-09-30",
        "pretaxIncome": 3263,
        "provisionforIncomeTaxes": 409,
        "researchDevelopment": 1397,
        "revenue": 19226,
        "sgaExpense": 4616,
        "totalOperatingExpense": 5570,
        "totalOtherIncomeExpenseNet": 1
      },
      {
        "costOfGoodsSold": 10536,
        "depreciationAmortization": 136,
        "dilutedAverageSharesOutstanding": 960.485,
        "dilutedEPS": 2.61,
        "ebit": 3263,
        "grossIncome": 9702,
        "interestExpense": 271,
        "interestIncomeExpense": -199,
        "netIncome": 2504,
        "netIncomeAfterTaxes": 2505,
        "nonRecurringItems": -15,
        "otherOperatingExpensesTotal": -381,
        "period": "2016-06-30",
        "pretaxIncome": 3049,
        "provisionforIncomeTaxes": 544,
        "researchDevelopment": 1465,
        "revenue": 20238,
        "sgaExpense": 5219,
        "totalOperatingExpense": 6439
      },
      {
        "costOfGoodsSold": 9999,
        "depreciationAmortization": 99,
        "dilutedAverageSharesOutstanding": 964.37,
        "dilutedEPS": 2.09,
        "ebit": 2192,
        "grossIncome": 8685,
        "interestExpense": 304,
        "interestIncomeExpense": -160,
        "netIncome": 2014,
        "netIncomeAfterTaxes": 2017,
        "nonRecurringItems": -998,
        "otherOperatingExpensesTotal": 0,
        "period": "2016-03-31",
        "pretaxIncome": 1034,
        "provisionforIncomeTaxes": -983,
        "researchDevelopment": 1458,
        "revenue": 18684,
        "sgaExpense": 4936,
        "totalOperatingExpense": 6493
      },
      {
        "costOfGoodsSold": 10652,
        "depreciationAmortization": 80,
        "dilutedAverageSharesOutstanding": 972.835,
        "dilutedEPS": 4.58,
        "ebit": 5122,
        "grossIncome": 11407,
        "interestExpense": 108,
        "interestIncomeExpense": -13,
        "netIncome": 4463,
        "netIncomeAfterTaxes": 4461,
        "nonRecurringItems": -12,
        "otherOperatingExpensesTotal": -258,
        "period": "2015-12-31",
        "pretaxIncome": 5099,
        "provisionforIncomeTaxes": 638,
        "researchDevelopment": 1362,
        "revenue": 22059,
        "sgaExpense": 5101,
        "totalOperatingExpense": 6285,
        "totalOtherIncomeExpenseNet": 2
      },
      {
        "costOfGoodsSold": 9844,
        "depreciationAmortization": 73,
        "dilutedAverageSharesOutstanding": 978.96,
        "dilutedEPS": 3.03,
        "ebit": 3851,
        "grossIncome": 9436,
        "interestExpense": 233,
        "interestIncomeExpense": -118,
        "netIncome": 2950,
        "netIncomeAfterTaxes": 2962,
        "nonRecurringItems": -112,
        "otherOperatingExpensesTotal": -240,
        "period": "2015-09-30",
        "pretaxIncome": 3621,
        "provisionforIncomeTaxes": 659,
        "researchDevelopment": 1287,
        "revenue": 19280,
        "sgaExpense": 4465,
        "totalOperatingExpense": 5585
      }
    ],
    "symbol": "IBM"
  }
}