{
  "symbol": "HIG",
  "statement": "ic",
  "frequency": "annual",
  "timestamp": "2025-09-19T14:01:19.086970",
  "data": {
    "financials": [
      {
        "benefitsClaimsLossAdjustment": 14874,
        "deferredPolicyAcquisitionExpense": 2282,
        "depreciationAmortization": 71,
        "dilutedAverageSharesOutstanding": 298.6,
        "dilutedEPS": 10.3483,
        "ebit": 3966,
        "grossPremiumsEarned": 24028,
        "interestExpense": 199,
        "interestIncomeExpense": -115,
        "netIncome": 3090,
        "netIncomeAfterTaxes": 3111,
        "nonRecurringItems": -2,
        "otherOperatingExpensesTotal": 5258,
        "period": "2024-12-31",
        "pretaxIncome": 3849,
        "provisionforIncomeTaxes": 738,
        "revenue": 26535,
        "totalOperatingExpense": 22485,
        "year": 2024
      },
      {
        "benefitsClaimsLossAdjustment": 14238,
        "deferredPolicyAcquisitionExpense": 2044,
        "depreciationAmortization": 71,
        "dilutedAverageSharesOutstanding": 311.5,
        "dilutedEPS": 7.9711,
        "ebit": 3293,
        "grossPremiumsEarned": 22410,
        "interestExpense": 199,
        "interestIncomeExpense": -199,
        "netIncome": 2483,
        "netIncomeAfterTaxes": 2504,
        "nonRecurringItems": -6,
        "otherOperatingExpensesTotal": 4881,
        "period": "2023-12-31",
        "pretaxIncome": 3088,
        "provisionforIncomeTaxes": 584,
        "revenue": 24527,
        "totalOperatingExpense": 21234,
        "year": 2023
      },
      {
        "benefitsClaimsLossAdjustment": 13142,
        "deferredPolicyAcquisitionExpense": 1835,
        "depreciationAmortization": 71,
        "dilutedAverageSharesOutstanding": 330,
        "dilutedEPS": 5.44,
        "ebit": 2493,
        "grossPremiumsEarned": 20812,
        "interestExpense": 213,
        "interestIncomeExpense": -213,
        "netIncome": 1794,
        "netIncomeAfterTaxes": 1815,
        "nonRecurringItems": -22,
        "otherOperatingExpensesTotal": 4821,
        "period": "2022-12-31",
        "pretaxIncome": 2258,
        "provisionforIncomeTaxes": 443,
        "revenue": 22362,
        "totalOperatingExpense": 19869,
        "year": 2022
      },
      {
        "benefitsClaimsLossAdjustment": 12729,
        "deferredPolicyAcquisitionExpense": 1680,
        "depreciationAmortization": 71,
        "dilutedAverageSharesOutstanding": 354,
        "dilutedEPS": 6.62,
        "ebit": 3131,
        "grossPremiumsEarned": 19568,
        "interestExpense": 234,
        "interestIncomeExpense": -234,
        "netIncome": 2344,
        "netIncomeAfterTaxes": 2365,
        "nonRecurringItems": -1,
        "otherOperatingExpensesTotal": 4779,
        "period": "2021-12-31",
        "pretaxIncome": 2896,
        "provisionforIncomeTaxes": 531,
        "revenue": 22390,
        "totalOperatingExpense": 19259,
        "year": 2021
      },
      {
        "benefitsClaimsLossAdjustment": 11805,
        "deferredPolicyAcquisitionExpense": 1706,
        "depreciationAmortization": 72,
        "dilutedAverageSharesOutstanding": 361,
        "dilutedEPS": 4.74,
        "ebit": 2460,
        "grossPremiumsEarned": 18691,
        "interestExpense": 236,
        "interestIncomeExpense": -236,
        "netIncome": 1716,
        "netIncomeAfterTaxes": 1731,
        "nonRecurringItems": -104,
        "otherOperatingExpensesTotal": 4480,
        "period": "2020-12-31",
        "pretaxIncome": 2120,
        "provisionforIncomeTaxes": 389,
        "revenue": 20523,
        "totalOperatingExpense": 18063,
        "year": 2020
      },
      {
        "benefitsClaimsLossAdjustment": 11472,
        "deferredPolicyAcquisitionExpense": 1622,
        "depreciationAmortization": 66,
        "dilutedAverageSharesOutstanding": 365,
        "dilutedEPS": 5.66,
        "ebit": 3006,
        "grossPremiumsEarned": 18394,
        "interestExpense": 259,
        "interestIncomeExpense": -259,
        "netIncome": 2064,
        "netIncomeAfterTaxes": 2085,
        "nonRecurringItems": -187,
        "otherOperatingExpensesTotal": 4580,
        "period": "2019-12-31",
        "pretaxIncome": 2560,
        "provisionforIncomeTaxes": 475,
        "revenue": 20746,
        "totalOperatingExpense": 17740,
        "year": 2019
      },
      {
        "benefitsClaimsLossAdjustment": 11165,
        "deferredPolicyAcquisitionExpense": 1384,
        "depreciationAmortization": 68,
        "dilutedAverageSharesOutstanding": 364,
        "dilutedEPS": 4.94,
        "ebit": 2064,
        "grossPremiumsEarned": 17287,
        "interestExpense": 298,
        "interestIncomeExpense": -298,
        "netIncome": 1801,
        "netIncomeAfterTaxes": 1446,
        "nonRecurringItems": -13,
        "otherOperatingExpensesTotal": 4281,
        "period": "2018-12-31",
        "pretaxIncome": 1753,
        "provisionforIncomeTaxes": 307,
        "revenue": 18962,
        "totalOperatingExpense": 16898,
        "year": 2018
      },
      {
        "benefitsClaimsLossAdjustment": 10174,
        "deferredPolicyAcquisitionExpense": 1372,
        "depreciationAmortization": 14,
        "dilutedAverageSharesOutstanding": 364,
        "dilutedEPS": -8.6,
        "ebit": 1054,
        "grossPremiumsEarned": 15394,
        "interestExpense": 316,
        "interestIncomeExpense": -316,
        "netIncome": -3131,
        "netIncomeAfterTaxes": 615,
        "nonRecurringItems": -15,
        "otherOperatingExpensesTotal": 4563,
        "period": "2017-12-31",
        "pretaxIncome": 723,
        "provisionforIncomeTaxes": 108,
        "revenue": 17177,
        "totalOperatingExpense": 16123,
        "year": 2017
      },
      {
        "benefitsClaimsLossAdjustment": 9961,
        "deferredPolicyAcquisitionExpense": 1377,
        "depreciationAmortization": 4,
        "dilutedAverageSharesOutstanding": 395,
        "dilutedEPS": 2.26,
        "ebit": 1459,
        "grossPremiumsEarned": 14824,
        "interestExpense": 327,
        "interestIncomeExpense": -327,
        "netIncome": 896,
        "netIncomeAfterTaxes": 613,
        "nonRecurringItems": -685,
        "otherOperatingExpensesTotal": 3525,
        "period": "2016-12-31",
        "pretaxIncome": 447,
        "provisionforIncomeTaxes": -166,
        "revenue": 16326,
        "totalOperatingExpense": 14867,
        "year": 2016
      },
      {
        "benefitsClaimsLossAdjustment": 9325,
        "deferredPolicyAcquisitionExpense": 1364,
        "depreciationAmortization": 4,
        "dilutedAverageSharesOutstanding": 425,
        "dilutedEPS": 3.95,
        "ebit": 1892,
        "grossPremiumsEarned": 14448,
        "interestExpense": 346,
        "interestIncomeExpense": -346,
        "netIncome": 1682,
        "netIncomeAfterTaxes": 1189,
        "nonRecurringItems": -68,
        "otherOperatingExpensesTotal": 3459,
        "period": "2015-12-31",
        "pretaxIncome": 1478,
        "provisionforIncomeTaxes": 289,
        "revenue": 16044,
        "totalOperatingExpense": 14152,
        "year": 2015
      }
    ],
    "symbol": "HIG"
  }
}