{
  "symbol": "GPC",
  "statement": "ic",
  "frequency": "annual",
  "timestamp": "2025-09-19T14:01:05.058524",
  "data": {
    "financials": [
      {
        "costOfGoodsSold": 14962.954,
        "depreciationAmortization": 407.978,
        "dilutedAverageSharesOutstanding": 139.67,
        "dilutedEPS": 6.4729,
        "ebit": 1442.736,
        "grossIncome": 8523.615,
        "interestExpense": 96.827,
        "interestIncomeExpense": -96.827,
        "netIncome": 904.076,
        "netIncomeAfterTaxes": 904.076,
        "nonRecurringItems": -213.52,
        "period": "2024-12-31",
        "pretaxIncome": 1175.968,
        "provisionforIncomeTaxes": 271.892,
        "revenue": 23486.569,
        "sgaExpense": 6672.901,
        "totalOperatingExpense": 7080.879,
        "totalOtherIncomeExpenseNet": 43.579,
        "year": 2024
      },
      {
        "costOfGoodsSold": 14799.938,
        "depreciationAmortization": 350.529,
        "dilutedAverageSharesOutstanding": 141.034,
        "dilutedEPS": 9.3348,
        "ebit": 1747.053,
        "grossIncome": 8290.672,
        "interestExpense": 64.469,
        "interestIncomeExpense": -64.469,
        "netIncome": 1316.524,
        "netIncomeAfterTaxes": 1316.524,
        "period": "2023-12-31",
        "pretaxIncome": 1742.348,
        "provisionforIncomeTaxes": 425.824,
        "revenue": 23090.61,
        "sgaExpense": 6193.09,
        "totalOperatingExpense": 6543.619,
        "totalOtherIncomeExpenseNet": 59.764,
        "year": 2023
      },
      {
        "costOfGoodsSold": 14356,
        "depreciationAmortization": 348,
        "dilutedAverageSharesOutstanding": 142,
        "dilutedEPS": 8.33,
        "ebit": 1614,
        "grossIncome": 7740,
        "interestExpense": 73.887,
        "interestIncomeExpense": -74,
        "netIncome": 1183,
        "netIncomeAfterTaxes": 1183,
        "nonRecurringItems": 0,
        "period": "2022-12-31",
        "pretaxIncome": 1573,
        "provisionforIncomeTaxes": 390,
        "revenue": 22096,
        "sgaExpense": 5778,
        "totalOperatingExpense": 6126,
        "totalOtherIncomeExpenseNet": 32,
        "year": 2022
      },
      {
        "costOfGoodsSold": 12236,
        "depreciationAmortization": 291,
        "dilutedAverageSharesOutstanding": 144,
        "dilutedEPS": 6.23,
        "ebit": 1163,
        "grossIncome": 6634,
        "interestExpense": 62.15,
        "interestIncomeExpense": -62,
        "netIncome": 899,
        "netIncomeAfterTaxes": 899,
        "nonRecurringItems": 4,
        "period": "2021-12-31",
        "pretaxIncome": 1200,
        "provisionforIncomeTaxes": 302,
        "revenue": 18871,
        "sgaExpense": 5180,
        "totalOperatingExpense": 5472,
        "totalOtherIncomeExpenseNet": 96,
        "year": 2021
      },
      {
        "costOfGoodsSold": 10883,
        "depreciationAmortization": 273,
        "dilutedAverageSharesOutstanding": 144,
        "dilutedEPS": -0.2,
        "ebit": 971,
        "grossIncome": 5655,
        "interestExpense": 91.048,
        "interestIncomeExpense": -91,
        "netIncome": -29,
        "netIncomeAfterTaxes": 163,
        "nonRecurringItems": -543,
        "period": "2020-12-31",
        "pretaxIncome": 379,
        "provisionforIncomeTaxes": 216,
        "revenue": 16537,
        "sgaExpense": 4410,
        "totalOperatingExpense": 4683,
        "totalOtherIncomeExpenseNet": 42,
        "year": 2020
      },
      {
        "costOfGoodsSold": 11663,
        "depreciationAmortization": 257,
        "dilutedAverageSharesOutstanding": 146,
        "dilutedEPS": 4.25,
        "ebit": 1011,
        "grossIncome": 5860,
        "interestExpense": 91.405,
        "interestIncomeExpense": -91,
        "netIncome": 621,
        "netIncomeAfterTaxes": 646,
        "nonRecurringItems": -143,
        "period": "2019-12-31",
        "pretaxIncome": 859,
        "provisionforIncomeTaxes": 213,
        "revenue": 17522,
        "sgaExpense": 4591,
        "totalOperatingExpense": 4848,
        "totalOtherIncomeExpenseNet": 83,
        "year": 2019
      },
      {
        "costOfGoodsSold": 11312,
        "depreciationAmortization": 228,
        "dilutedAverageSharesOutstanding": 147,
        "dilutedEPS": 5.51,
        "ebit": 1035,
        "grossIncome": 5520,
        "interestExpense": 101.796,
        "interestIncomeExpense": -102,
        "netIncome": 810,
        "netIncomeAfterTaxes": 755,
        "period": "2018-12-31",
        "pretaxIncome": 995,
        "provisionforIncomeTaxes": 240,
        "revenue": 16832,
        "sgaExpense": 4257,
        "totalOperatingExpense": 4485,
        "totalOtherIncomeExpenseNet": 61,
        "year": 2018
      },
      {
        "costOfGoodsSold": 11402,
        "depreciationAmortization": 168,
        "dilutedAverageSharesOutstanding": 148,
        "dilutedEPS": 4.16,
        "ebit": 1020,
        "grossIncome": 4906,
        "interestExpense": 41.486,
        "interestIncomeExpense": -41,
        "netIncome": 617,
        "netIncomeAfterTaxes": 668,
        "period": "2017-12-31",
        "pretaxIncome": 1009,
        "provisionforIncomeTaxes": 342,
        "revenue": 16309,
        "sgaExpense": 3719,
        "totalOperatingExpense": 3887,
        "totalOtherIncomeExpenseNet": 31,
        "year": 2017
      },
      {
        "costOfGoodsSold": 10740,
        "depreciationAmortization": 147,
        "dilutedAverageSharesOutstanding": 150,
        "dilutedEPS": 4.59,
        "ebit": 1070,
        "grossIncome": 4600,
        "interestExpense": 21.084,
        "interestIncomeExpense": -21,
        "netIncome": 687,
        "netIncomeAfterTaxes": 687,
        "period": "2016-12-31",
        "pretaxIncome": 1074,
        "provisionforIncomeTaxes": 387,
        "revenue": 15340,
        "sgaExpense": 3382,
        "totalOperatingExpense": 3530,
        "totalOtherIncomeExpenseNet": 26,
        "year": 2016
      },
      {
        "costOfGoodsSold": 10724,
        "depreciationAmortization": 142,
        "dilutedAverageSharesOutstanding": 152,
        "dilutedEPS": 4.63,
        "ebit": 1124,
        "grossIncome": 4556,
        "interestExpense": 21.662,
        "interestIncomeExpense": -22,
        "netIncome": 706,
        "netIncomeAfterTaxes": 706,
        "period": "2015-12-31",
        "pretaxIncome": 1124,
        "provisionforIncomeTaxes": 418,
        "revenue": 15280,
        "sgaExpense": 3290,
        "totalOperatingExpense": 3432,
        "totalOtherIncomeExpenseNet": 21,
        "year": 2015
      }
    ],
    "symbol": "GPC"
  }
}