{
  "symbol": "XYL",
  "statement": "ic",
  "frequency": "annual",
  "timestamp": "2025-09-19T14:09:03.485622",
  "data": {
    "financials": [
      {
        "costOfGoodsSold": 5350,
        "dilutedAverageSharesOutstanding": 243.5,
        "dilutedEPS": 3.655,
        "ebit": 1071,
        "grossIncome": 3212,
        "interestExpense": 44,
        "interestIncomeExpense": -20,
        "netIncome": 890,
        "netIncomeAfterTaxes": 890,
        "nonRecurringItems": -108,
        "period": "2024-12-31",
        "pretaxIncome": 1087,
        "provisionforIncomeTaxes": 197,
        "researchDevelopment": 230,
        "revenue": 8562,
        "sgaExpense": 1911,
        "totalOperatingExpense": 2141,
        "totalOtherIncomeExpenseNet": 144,
        "year": 2024
      },
      {
        "costOfGoodsSold": 4647,
        "dilutedAverageSharesOutstanding": 218.2,
        "dilutedEPS": 2.791,
        "ebit": 785,
        "grossIncome": 2717,
        "interestExpense": 49,
        "interestIncomeExpense": -21,
        "netIncome": 609,
        "netIncomeAfterTaxes": 609,
        "nonRecurringItems": -134,
        "period": "2023-12-31",
        "pretaxIncome": 635,
        "provisionforIncomeTaxes": 26,
        "researchDevelopment": 232,
        "revenue": 7364,
        "sgaExpense": 1700,
        "totalOperatingExpense": 1932,
        "totalOtherIncomeExpenseNet": 5,
        "year": 2023
      },
      {
        "costOfGoodsSold": 3438,
        "dilutedAverageSharesOutstanding": 181,
        "dilutedEPS": 1.96,
        "ebit": 651,
        "grossIncome": 2084,
        "interestExpense": 50,
        "interestIncomeExpense": -50,
        "netIncome": 355,
        "netIncomeAfterTaxes": 355,
        "nonRecurringItems": -168,
        "period": "2022-12-31",
        "pretaxIncome": 440,
        "provisionforIncomeTaxes": 85,
        "researchDevelopment": 206,
        "revenue": 5522,
        "sgaExpense": 1227,
        "totalOperatingExpense": 1433,
        "totalOtherIncomeExpenseNet": 7,
        "year": 2022
      },
      {
        "costOfGoodsSold": 3220,
        "dilutedAverageSharesOutstanding": 181.5,
        "dilutedEPS": 2.35,
        "ebit": 592,
        "grossIncome": 1975,
        "interestExpense": 76,
        "interestIncomeExpense": -76,
        "netIncome": 427,
        "netIncomeAfterTaxes": 427,
        "nonRecurringItems": -5,
        "period": "2021-12-31",
        "pretaxIncome": 511,
        "provisionforIncomeTaxes": 84,
        "researchDevelopment": 204,
        "revenue": 5195,
        "sgaExpense": 1179,
        "totalOperatingExpense": 1383,
        "totalOtherIncomeExpenseNet": 0,
        "year": 2021
      },
      {
        "costOfGoodsSold": 3046,
        "dilutedAverageSharesOutstanding": 181.1,
        "dilutedEPS": 1.4,
        "ebit": 500,
        "grossIncome": 1830,
        "interestExpense": 77,
        "interestIncomeExpense": -77,
        "netIncome": 254,
        "netIncomeAfterTaxes": 254,
        "nonRecurringItems": -133,
        "period": "2020-12-31",
        "pretaxIncome": 285,
        "provisionforIncomeTaxes": 31,
        "researchDevelopment": 187,
        "revenue": 4876,
        "sgaExpense": 1143,
        "totalOperatingExpense": 1330,
        "totalOtherIncomeExpenseNet": -5,
        "year": 2020
      },
      {
        "costOfGoodsSold": 3203,
        "dilutedAverageSharesOutstanding": 181.2,
        "dilutedEPS": 2.21,
        "ebit": 697,
        "grossIncome": 2046,
        "interestExpense": 67,
        "interestIncomeExpense": -59,
        "minorityInterest": 0,
        "netIncome": 401,
        "netIncomeAfterTaxes": 401,
        "nonRecurringItems": -210,
        "period": "2019-12-31",
        "pretaxIncome": 416,
        "provisionforIncomeTaxes": 15,
        "researchDevelopment": 191,
        "revenue": 5249,
        "sgaExpense": 1158,
        "totalOperatingExpense": 1349,
        "totalOtherIncomeExpenseNet": -12,
        "year": 2019
      },
      {
        "costOfGoodsSold": 3181,
        "dilutedAverageSharesOutstanding": 181.1,
        "dilutedEPS": 3.03,
        "ebit": 676,
        "grossIncome": 2026,
        "interestExpense": 82,
        "interestIncomeExpense": -73,
        "minorityInterest": 0,
        "netIncome": 549,
        "netIncomeAfterTaxes": 556.5,
        "nonRecurringItems": -22,
        "period": "2018-12-31",
        "pretaxIncome": 585,
        "provisionforIncomeTaxes": 28.5,
        "researchDevelopment": 189,
        "revenue": 5207,
        "sgaExpense": 1161,
        "totalOperatingExpense": 1350,
        "totalOtherIncomeExpenseNet": 4,
        "year": 2018
      },
      {
        "costOfGoodsSold": 2860,
        "dilutedAverageSharesOutstanding": 180.9,
        "dilutedEPS": 1.82,
        "ebit": 577,
        "grossIncome": 1847,
        "interestExpense": 82,
        "interestIncomeExpense": -76,
        "minorityInterest": 1,
        "netIncome": 331,
        "netIncomeAfterTaxes": 376,
        "nonRecurringItems": -35,
        "period": "2017-12-31",
        "pretaxIncome": 466,
        "provisionforIncomeTaxes": 90,
        "researchDevelopment": 181,
        "revenue": 4707,
        "sgaExpense": 1089,
        "totalOperatingExpense": 1270,
        "totalOtherIncomeExpenseNet": 0,
        "year": 2017
      },
      {
        "costOfGoodsSold": 2310,
        "dilutedAverageSharesOutstanding": 180,
        "dilutedEPS": 1.44,
        "ebit": 436,
        "grossIncome": 1461,
        "interestExpense": 70,
        "interestIncomeExpense": -65,
        "netIncome": 260,
        "netIncomeAfterTaxes": 260,
        "nonRecurringItems": -30,
        "period": "2016-12-31",
        "pretaxIncome": 340,
        "provisionforIncomeTaxes": 80,
        "researchDevelopment": 110,
        "revenue": 3771,
        "sgaExpense": 915,
        "totalOperatingExpense": 1025,
        "totalOtherIncomeExpenseNet": -1,
        "year": 2016
      },
      {
        "costOfGoodsSold": 2249,
        "dilutedAverageSharesOutstanding": 181.7,
        "dilutedEPS": 1.87,
        "ebit": 455,
        "grossIncome": 1404,
        "interestExpense": 55,
        "interestIncomeExpense": -50,
        "netIncome": 340,
        "netIncomeAfterTaxes": 340,
        "nonRecurringItems": 3,
        "period": "2015-12-31",
        "pretaxIncome": 403,
        "provisionforIncomeTaxes": 63,
        "researchDevelopment": 95,
        "revenue": 3653,
        "sgaExpense": 854,
        "totalOperatingExpense": 949,
        "totalOtherIncomeExpenseNet": -5,
        "year": 2015
      }
    ],
    "symbol": "XYL"
  }
}