{
  "symbol": "BDX",
  "statement": "ic",
  "frequency": "quarterly",
  "timestamp": "2025-09-19T13:56:42.442035",
  "data": {
    "financials": [
      {
        "costOfGoodsSold": 2875,
        "dilutedAverageSharesOutstanding": 287.223,
        "dilutedEPS": 1.9985,
        "ebit": 1010,
        "grossIncome": 2634,
        "interestExpense": 152,
        "interestIncomeExpense": -147,
        "netIncome": 574,
        "netIncomeAfterTaxes": 574,
        "nonRecurringItems": -128,
        "otherOperatingExpensesTotal": 7,
        "period": "2025-06-30",
        "pretaxIncome": 703,
        "provisionforIncomeTaxes": 129,
        "researchDevelopment": 297,
        "revenue": 5509,
        "sgaExpense": 1320,
        "totalOperatingExpense": 1624,
        "totalOtherIncomeExpenseNet": -32
      },
      {
        "costOfGoodsSold": 3015,
        "dilutedAverageSharesOutstanding": 287.737,
        "dilutedEPS": 1.0704,
        "ebit": 646,
        "grossIncome": 2257,
        "interestExpense": 151,
        "interestIncomeExpense": -146,
        "netIncome": 308,
        "netIncomeAfterTaxes": 308,
        "nonRecurringItems": -100,
        "otherOperatingExpensesTotal": 36,
        "period": "2025-03-31",
        "pretaxIncome": 363,
        "provisionforIncomeTaxes": 55,
        "researchDevelopment": 302,
        "revenue": 5272,
        "sgaExpense": 1273,
        "totalOperatingExpense": 1611,
        "totalOtherIncomeExpenseNet": -37
      },
      {
        "costOfGoodsSold": 2933,
        "dilutedAverageSharesOutstanding": 290.389,
        "dilutedEPS": 1.0434,
        "ebit": 545,
        "grossIncome": 2235,
        "interestExpense": 155,
        "interestIncomeExpense": -132,
        "netIncome": 303,
        "netIncomeAfterTaxes": 303,
        "nonRecurringItems": -92,
        "otherOperatingExpensesTotal": 29,
        "period": "2024-12-31",
        "pretaxIncome": 306,
        "provisionforIncomeTaxes": 3,
        "researchDevelopment": 343,
        "revenue": 5168,
        "sgaExpense": 1318,
        "totalOperatingExpense": 1690,
        "totalOtherIncomeExpenseNet": -15
      },
      {
        "costOfGoodsSold": 2922,
        "dilutedAverageSharesOutstanding": 290.602,
        "dilutedEPS": 1.45,
        "ebit": 820,
        "grossIncome": 2515,
        "interestExpense": 155,
        "interestIncomeExpense": -99,
        "netIncome": 421,
        "netIncomeAfterTaxes": 421,
        "nonRecurringItems": -170,
        "otherOperatingExpensesTotal": 137,
        "period": "2024-09-30",
        "pretaxIncome": 542,
        "provisionforIncomeTaxes": 121,
        "researchDevelopment": 302,
        "revenue": 5437,
        "sgaExpense": 1256,
        "totalOperatingExpense": 1695,
        "totalOtherIncomeExpenseNet": -9
      },
      {
        "costOfGoodsSold": 2683,
        "dilutedAverageSharesOutstanding": 290.253,
        "dilutedEPS": 1.68,
        "ebit": 715,
        "grossIncome": 2307,
        "interestExpense": 137,
        "interestIncomeExpense": -89,
        "netIncome": 487,
        "netIncomeAfterTaxes": 487,
        "nonRecurringItems": -113,
        "otherOperatingExpensesTotal": 97,
        "period": "2024-06-30",
        "pretaxIncome": 500,
        "provisionforIncomeTaxes": 13,
        "researchDevelopment": 299,
        "revenue": 4990,
        "sgaExpense": 1196,
        "totalOperatingExpense": 1592,
        "totalOtherIncomeExpenseNet": -13
      },
      {
        "costOfGoodsSold": 2741,
        "dilutedAverageSharesOutstanding": 290.344,
        "dilutedEPS": 1.85,
        "ebit": 839,
        "grossIncome": 2304,
        "interestExpense": 125,
        "interestIncomeExpense": -99,
        "netIncome": 537,
        "netIncomeAfterTaxes": 537,
        "nonRecurringItems": -105,
        "otherOperatingExpensesTotal": -27,
        "period": "2024-03-31",
        "pretaxIncome": 633,
        "provisionforIncomeTaxes": 96,
        "researchDevelopment": 299,
        "revenue": 5045,
        "sgaExpense": 1193,
        "totalOperatingExpense": 1465,
        "totalOtherIncomeExpenseNet": -2
      },
      {
        "costOfGoodsSold": 2679,
        "dilutedAverageSharesOutstanding": 291.398,
        "dilutedEPS": 0.96,
        "ebit": 516,
        "grossIncome": 2027,
        "interestExpense": 111,
        "interestIncomeExpense": -77,
        "netIncome": 281,
        "netIncomeAfterTaxes": 282,
        "nonRecurringItems": -77,
        "otherOperatingExpensesTotal": 8,
        "period": "2023-12-31",
        "pretaxIncome": 359,
        "provisionforIncomeTaxes": 77,
        "researchDevelopment": 290,
        "revenue": 4706,
        "sgaExpense": 1213,
        "totalOperatingExpense": 1511,
        "totalOtherIncomeExpenseNet": -3
      },
      {
        "costOfGoodsSold": 2733,
        "dilutedAverageSharesOutstanding": 294.464,
        "dilutedEPS": 0.36,
        "ebit": 876,
        "grossIncome": 2354,
        "interestExpense": 113,
        "interestIncomeExpense": -140,
        "netIncome": 108,
        "netIncomeAfterTaxes": 153,
        "nonRecurringItems": -468,
        "otherOperatingExpensesTotal": 59,
        "period": "2023-09-30",
        "pretaxIncome": 181,
        "provisionforIncomeTaxes": 28,
        "researchDevelopment": 281,
        "revenue": 5087,
        "sgaExpense": 1138,
        "totalOperatingExpense": 1478,
        "totalOtherIncomeExpenseNet": -87
      },
      {
        "costOfGoodsSold": 2778,
        "dilutedAverageSharesOutstanding": 287.944,
        "dilutedEPS": 1.36,
        "ebit": 619,
        "grossIncome": 2100,
        "interestExpense": 119,
        "interestIncomeExpense": -95,
        "netIncome": 392,
        "netIncomeAfterTaxes": 407,
        "nonRecurringItems": -70,
        "otherOperatingExpensesTotal": -15,
        "period": "2023-06-30",
        "pretaxIncome": 471,
        "provisionforIncomeTaxes": 64,
        "researchDevelopment": 306,
        "revenue": 4878,
        "sgaExpense": 1190,
        "totalOperatingExpense": 1481,
        "totalOtherIncomeExpenseNet": 17
      },
      {
        "costOfGoodsSold": 2586,
        "dilutedAverageSharesOutstanding": 285.645,
        "dilutedEPS": 1.53,
        "ebit": 693,
        "grossIncome": 2235,
        "interestExpense": 118,
        "interestIncomeExpense": -108,
        "netIncome": 438,
        "netIncomeAfterTaxes": 461,
        "nonRecurringItems": -65,
        "otherOperatingExpensesTotal": 0,
        "period": "2023-03-31",
        "pretaxIncome": 529,
        "provisionforIncomeTaxes": 68,
        "researchDevelopment": 337,
        "revenue": 4821,
        "sgaExpense": 1205,
        "totalOperatingExpense": 1542,
        "totalOtherIncomeExpenseNet": 9
      },
      {
        "costOfGoodsSold": 2453,
        "dilutedAverageSharesOutstanding": 285.34,
        "dilutedEPS": 1.7,
        "ebit": 635,
        "grossIncome": 2133,
        "interestExpense": 102,
        "interestIncomeExpense": -96,
        "netIncome": 486,
        "netIncomeAfterTaxes": 509,
        "nonRecurringItems": -50,
        "otherOperatingExpensesTotal": -2,
        "period": "2022-12-31",
        "pretaxIncome": 481,
        "provisionforIncomeTaxes": -28,
        "researchDevelopment": 313,
        "revenue": 4586,
        "sgaExpense": 1187,
        "totalOperatingExpense": 1498,
        "totalOtherIncomeExpenseNet": -8
      },
      {
        "costOfGoodsSold": 2684,
        "dilutedAverageSharesOutstanding": 287.163,
        "dilutedEPS": 0.92,
        "ebit": 573,
        "grossIncome": 2077,
        "interestExpense": 104,
        "interestIncomeExpense": -38,
        "netIncome": 265,
        "netIncomeAfterTaxes": 287,
        "nonRecurringItems": -106,
        "otherOperatingExpensesTotal": 22,
        "period": "2022-09-30",
        "pretaxIncome": 320,
        "provisionforIncomeTaxes": 33,
        "researchDevelopment": 300,
        "revenue": 4761,
        "sgaExpense": 1182,
        "totalOperatingExpense": 1504,
        "totalOtherIncomeExpenseNet": -109
      },
      {
        "costOfGoodsSold": 2574,
        "dilutedAverageSharesOutstanding": 287.297,
        "dilutedEPS": 1.17,
        "ebit": 603,
        "grossIncome": 2067,
        "interestExpense": 99,
        "interestIncomeExpense": -98,
        "netIncome": 338,
        "netIncomeAfterTaxes": 390,
        "nonRecurringItems": -68,
        "period": "2022-06-30",
        "pretaxIncome": 421,
        "provisionforIncomeTaxes": 31,
        "researchDevelopment": 315,
        "revenue": 4641,
        "sgaExpense": 1149,
        "totalOperatingExpense": 1464,
        "totalOtherIncomeExpenseNet": -16
      },
      {
        "costOfGoodsSold": 2637,
        "dilutedAverageSharesOutstanding": 287.299,
        "dilutedEPS": 1.5,
        "ebit": 592,
        "grossIncome": 2113,
        "interestExpense": 97,
        "interestIncomeExpense": -95,
        "netIncome": 431,
        "netIncomeAfterTaxes": 390,
        "nonRecurringItems": -28,
        "otherOperatingExpensesTotal": 2,
        "period": "2022-03-31",
        "pretaxIncome": 442,
        "provisionforIncomeTaxes": 52,
        "researchDevelopment": 327,
        "revenue": 4750,
        "sgaExpense": 1192,
        "totalOperatingExpense": 1521,
        "totalOtherIncomeExpenseNet": -27
      },
      {
        "costOfGoodsSold": 2498,
        "dilutedAverageSharesOutstanding": 286.723,
        "dilutedEPS": 2.28,
        "ebit": 726,
        "grossIncome": 2220,
        "interestExpense": 98,
        "interestIncomeExpense": -96,
        "netIncome": 655,
        "netIncomeAfterTaxes": 568,
        "nonRecurringItems": -34,
        "otherOperatingExpensesTotal": -5,
        "period": "2021-12-31",
        "pretaxIncome": 600,
        "provisionforIncomeTaxes": 32,
        "researchDevelopment": 314,
        "revenue": 4718,
        "sgaExpense": 1185,
        "totalOperatingExpense": 1494,
        "totalOtherIncomeExpenseNet": 4
      },
      {
        "costOfGoodsSold": 2762,
        "dilutedAverageSharesOutstanding": 289.074,
        "dilutedEPS": 0.83,
        "ebit": 438,
        "grossIncome": 2087,
        "interestExpense": 111,
        "interestIncomeExpense": -109,
        "netIncome": 242,
        "netIncomeAfterTaxes": 155,
        "nonRecurringItems": -206,
        "otherOperatingExpensesTotal": -4,
        "period": "2021-09-30",
        "pretaxIncome": 151,
        "provisionforIncomeTaxes": -4,
        "researchDevelopment": 368,
        "revenue": 4849,
        "sgaExpense": 1285,
        "totalOperatingExpense": 1649,
        "totalOtherIncomeExpenseNet": 28
      },
      {
        "costOfGoodsSold": 2649,
        "dilutedAverageSharesOutstanding": 291.897,
        "dilutedEPS": 1.71,
        "ebit": 516,
        "grossIncome": 1958,
        "interestExpense": 115,
        "interestIncomeExpense": -113,
        "netIncome": 502,
        "netIncomeAfterTaxes": 406,
        "nonRecurringItems": -24,
        "otherOperatingExpensesTotal": -88,
        "period": "2021-06-30",
        "pretaxIncome": 378,
        "provisionforIncomeTaxes": -28,
        "researchDevelopment": 330,
        "revenue": 4607,
        "sgaExpense": 1200,
        "totalOperatingExpense": 1442,
        "totalOtherIncomeExpenseNet": -1
      },
      {
        "costOfGoodsSold": 2506,
        "dilutedAverageSharesOutstanding": 295.093,
        "dilutedEPS": 0.93,
        "ebit": 184,
        "grossIncome": 1854,
        "interestExpense": 125,
        "interestIncomeExpense": -122,
        "netIncome": 277,
        "netIncomeAfterTaxes": 40,
        "nonRecurringItems": -66,
        "otherOperatingExpensesTotal": 295,
        "period": "2021-03-31",
        "pretaxIncome": 6,
        "provisionforIncomeTaxes": -34,
        "researchDevelopment": 290,
        "revenue": 4360,
        "sgaExpense": 1085,
        "totalOperatingExpense": 1670,
        "totalOtherIncomeExpenseNet": 10
      },
      {
        "costOfGoodsSold": 2583,
        "dilutedAverageSharesOutstanding": 293.112,
        "dilutedEPS": 3.35,
        "ebit": 1291,
        "grossIncome": 2732,
        "interestExpense": 118,
        "interestIncomeExpense": -116,
        "netIncome": 981,
        "netIncomeAfterTaxes": 1003,
        "nonRecurringItems": -61,
        "otherOperatingExpensesTotal": 1,
        "period": "2020-12-31",
        "pretaxIncome": 1157,
        "provisionforIncomeTaxes": 154,
        "researchDevelopment": 291,
        "revenue": 5315,
        "sgaExpense": 1149,
        "totalOperatingExpense": 1441,
        "totalOtherIncomeExpenseNet": 43
      },
      {
        "costOfGoodsSold": 2257,
        "dilutedAverageSharesOutstanding": 290.428,
        "dilutedEPS": 0.36,
        "ebit": -196,
        "grossIncome": 1484,
        "interestExpense": 123,
        "interestIncomeExpense": -121,
        "netIncome": 105,
        "netIncomeAfterTaxes": -394,
        "nonRecurringItems": -121,
        "otherOperatingExpensesTotal": 379,
        "period": "2020-09-30",
        "pretaxIncome": -428,
        "provisionforIncomeTaxes": -34,
        "researchDevelopment": 242,
        "revenue": 3741,
        "sgaExpense": 1059,
        "totalOperatingExpense": 1680,
        "totalOtherIncomeExpenseNet": 10
      },
      {
        "costOfGoodsSold": 2195,
        "dilutedAverageSharesOutstanding": 285.148,
        "dilutedEPS": 0.97,
        "ebit": 432,
        "grossIncome": 1660,
        "interestExpense": 135,
        "interestIncomeExpense": -133,
        "netIncome": 277,
        "netIncomeAfterTaxes": 286,
        "nonRecurringItems": -74,
        "otherOperatingExpensesTotal": -14,
        "period": "2020-06-30",
        "pretaxIncome": 248,
        "provisionforIncomeTaxes": -38,
        "researchDevelopment": 262,
        "revenue": 3855,
        "sgaExpense": 980,
        "totalOperatingExpense": 1228,
        "totalOtherIncomeExpenseNet": 23
      },
      {
        "costOfGoodsSold": 2480,
        "dilutedAverageSharesOutstanding": 275.037,
        "dilutedEPS": 0.53,
        "ebit": 485,
        "grossIncome": 1773,
        "interestExpense": 134,
        "interestIncomeExpense": -132,
        "netIncome": 145,
        "netIncomeAfterTaxes": 183,
        "nonRecurringItems": -115,
        "otherOperatingExpensesTotal": -1,
        "period": "2020-03-31",
        "pretaxIncome": 200,
        "provisionforIncomeTaxes": 17,
        "researchDevelopment": 264,
        "revenue": 4253,
        "sgaExpense": 1025,
        "totalOperatingExpense": 1288,
        "totalOtherIncomeExpenseNet": -38
      },
      {
        "costOfGoodsSold": 2247,
        "dilutedAverageSharesOutstanding": 274.952,
        "dilutedEPS": 0.87,
        "ebit": 587,
        "grossIncome": 1978,
        "interestExpense": 136,
        "interestIncomeExpense": -135,
        "netIncome": 240,
        "netIncomeAfterTaxes": 277,
        "nonRecurringItems": -86,
        "otherOperatingExpensesTotal": 0,
        "period": "2019-12-31",
        "pretaxIncome": 394,
        "provisionforIncomeTaxes": 117,
        "researchDevelopment": 270,
        "revenue": 4225,
        "sgaExpense": 1121,
        "totalOperatingExpense": 1391,
        "totalOtherIncomeExpenseNet": 28
      },
      {
        "costOfGoodsSold": 2318,
        "dilutedAverageSharesOutstanding": 275.57,
        "dilutedEPS": 0.47,
        "ebit": 310,
        "grossIncome": 2266,
        "interestExpense": 141,
        "interestIncomeExpense": -137,
        "netIncome": 125,
        "netIncomeAfterTaxes": 166,
        "nonRecurringItems": -199,
        "otherOperatingExpensesTotal": 592,
        "period": "2019-09-30",
        "pretaxIncome": -2,
        "provisionforIncomeTaxes": -168,
        "researchDevelopment": 270,
        "revenue": 4584,
        "sgaExpense": 1094,
        "totalOperatingExpense": 1956,
        "totalOtherIncomeExpenseNet": 24
      },
      {
        "costOfGoodsSold": 2276,
        "dilutedAverageSharesOutstanding": 274.336,
        "dilutedEPS": 1.5,
        "ebit": 716,
        "grossIncome": 2074,
        "interestExpense": 156,
        "interestIncomeExpense": -154,
        "netIncome": 413,
        "netIncomeAfterTaxes": 377,
        "nonRecurringItems": -90,
        "otherOperatingExpensesTotal": 0,
        "period": "2019-06-30",
        "pretaxIncome": 460,
        "provisionforIncomeTaxes": 83,
        "researchDevelopment": 282,
        "revenue": 4350,
        "sgaExpense": 1076,
        "totalOperatingExpense": 1358,
        "totalOtherIncomeExpenseNet": -12
      },
      {
        "costOfGoodsSold": 2221,
        "dilutedAverageSharesOutstanding": 269.882,
        "dilutedEPS": -0.06,
        "ebit": 237,
        "grossIncome": 1974,
        "interestExpense": 171,
        "interestIncomeExpense": -153,
        "netIncome": -18,
        "netIncomeAfterTaxes": -11,
        "nonRecurringItems": -101,
        "otherOperatingExpensesTotal": 396,
        "period": "2019-03-31",
        "pretaxIncome": 3,
        "provisionforIncomeTaxes": 14,
        "researchDevelopment": 252,
        "revenue": 4195,
        "sgaExpense": 1089,
        "totalOperatingExpense": 1737,
        "totalOtherIncomeExpenseNet": 20
      },
      {
        "costOfGoodsSold": 2187,
        "dilutedAverageSharesOutstanding": 274.256,
        "dilutedEPS": 2.04,
        "ebit": 979,
        "grossIncome": 1973,
        "interestExpense": 171,
        "interestIncomeExpense": -183,
        "netIncome": 562,
        "netIncomeAfterTaxes": 650,
        "nonRecurringItems": -91,
        "otherOperatingExpensesTotal": -337,
        "period": "2018-12-31",
        "pretaxIncome": 714,
        "provisionforIncomeTaxes": 64,
        "researchDevelopment": 258,
        "revenue": 4160,
        "sgaExpense": 1073,
        "totalOperatingExpense": 994,
        "totalOtherIncomeExpenseNet": 9
      },
      {
        "costOfGoodsSold": 2309,
        "dilutedAverageSharesOutstanding": 268.614,
        "dilutedEPS": -0.64,
        "ebit": 716,
        "grossIncome": 2093,
        "interestExpense": 181,
        "interestIncomeExpense": -171,
        "netIncome": -173,
        "netIncomeAfterTaxes": 230,
        "nonRecurringItems": -140,
        "otherOperatingExpensesTotal": -1,
        "period": "2018-09-30",
        "pretaxIncome": 414,
        "provisionforIncomeTaxes": 184,
        "researchDevelopment": 277,
        "revenue": 4402,
        "sgaExpense": 1101,
        "totalOperatingExpense": 1377,
        "totalOtherIncomeExpenseNet": 9
      },
      {
        "costOfGoodsSold": 2262,
        "dilutedAverageSharesOutstanding": 273.925,
        "dilutedEPS": 2.03,
        "ebit": 654,
        "grossIncome": 2016,
        "interestExpense": 182,
        "interestIncomeExpense": -174,
        "netIncome": 556,
        "netIncomeAfterTaxes": 594,
        "nonRecurringItems": -142,
        "otherOperatingExpensesTotal": -1,
        "period": "2018-06-30",
        "pretaxIncome": 647,
        "provisionforIncomeTaxes": 53,
        "researchDevelopment": 277,
        "revenue": 4278,
        "sgaExpense": 1086,
        "totalOperatingExpense": 1362,
        "totalOtherIncomeExpenseNet": 309
      },
      {
        "costOfGoodsSold": 2616,
        "dilutedAverageSharesOutstanding": 267.341,
        "dilutedEPS": -0.17,
        "ebit": 290,
        "grossIncome": 1606,
        "interestExpense": 185,
        "interestIncomeExpense": -181,
        "netIncome": -50,
        "netIncomeAfterTaxes": -7,
        "nonRecurringItems": -104,
        "otherOperatingExpensesTotal": 1,
        "period": "2018-03-31",
        "pretaxIncome": 6,
        "provisionforIncomeTaxes": 13,
        "researchDevelopment": 259,
        "revenue": 4222,
        "sgaExpense": 1056,
        "totalOperatingExpense": 1316,
        "totalOtherIncomeExpenseNet": 1
      },
      {
        "costOfGoodsSold": 1527,
        "dilutedAverageSharesOutstanding": 230.038,
        "dilutedEPS": -0.75,
        "ebit": 589,
        "grossIncome": 1553,
        "interestExpense": 158,
        "interestIncomeExpense": -114,
        "netIncome": -174,
        "netIncomeAfterTaxes": 134,
        "nonRecurringItems": -354,
        "otherOperatingExpensesTotal": 0,
        "period": "2017-12-31",
        "pretaxIncome": 105,
        "provisionforIncomeTaxes": -29,
        "researchDevelopment": 191,
        "revenue": 3080,
        "sgaExpense": 773,
        "totalOperatingExpense": 964,
        "totalOtherIncomeExpenseNet": -16
      },
      {
        "costOfGoodsSold": 1612,
        "dilutedAverageSharesOutstanding": 233.134,
        "dilutedEPS": 1.24,
        "ebit": 554,
        "grossIncome": 1554,
        "interestExpense": 157,
        "interestIncomeExpense": -129,
        "netIncome": 289,
        "netIncomeAfterTaxes": 327,
        "nonRecurringItems": -111,
        "otherOperatingExpensesTotal": 6,
        "period": "2017-09-30",
        "pretaxIncome": 326,
        "provisionforIncomeTaxes": -1,
        "researchDevelopment": 220,
        "revenue": 3166,
        "sgaExpense": 774,
        "totalOperatingExpense": 1000,
        "totalOtherIncomeExpenseNet": 12
      },
      {
        "costOfGoodsSold": 1532,
        "dilutedAverageSharesOutstanding": 220.807,
        "dilutedEPS": -0.75,
        "ebit": -142,
        "grossIncome": 1503,
        "interestExpense": 184,
        "interestIncomeExpense": -152,
        "netIncome": -165,
        "netIncomeAfterTaxes": -133,
        "nonRecurringItems": -112,
        "otherOperatingExpensesTotal": 740,
        "period": "2017-06-30",
        "pretaxIncome": -404,
        "provisionforIncomeTaxes": -271,
        "researchDevelopment": 186,
        "revenue": 3035,
        "sgaExpense": 719,
        "totalOperatingExpense": 1645,
        "totalOtherIncomeExpenseNet": 2
      },
      {
        "costOfGoodsSold": 1537,
        "dilutedAverageSharesOutstanding": 217.866,
        "dilutedEPS": 1.58,
        "ebit": 522,
        "grossIncome": 1432,
        "interestExpense": 86,
        "interestIncomeExpense": -78,
        "netIncome": 344,
        "netIncomeAfterTaxes": 344,
        "nonRecurringItems": -76,
        "otherOperatingExpensesTotal": -1,
        "period": "2017-03-31",
        "pretaxIncome": 362,
        "provisionforIncomeTaxes": 18,
        "researchDevelopment": 187,
        "revenue": 2969,
        "sgaExpense": 724,
        "totalOperatingExpense": 910,
        "totalOtherIncomeExpenseNet": -6
      },
      {
        "costOfGoodsSold": 1470,
        "dilutedAverageSharesOutstanding": 217.739,
        "dilutedEPS": 2.58,
        "ebit": 898,
        "grossIncome": 1452,
        "interestExpense": 95,
        "interestIncomeExpense": -94,
        "netIncome": 562,
        "netIncomeAfterTaxes": 561,
        "nonRecurringItems": -129,
        "otherOperatingExpensesTotal": -337,
        "period": "2016-12-31",
        "pretaxIncome": 692,
        "provisionforIncomeTaxes": 131,
        "researchDevelopment": 182,
        "revenue": 2922,
        "sgaExpense": 709,
        "totalOperatingExpense": 554,
        "totalOtherIncomeExpenseNet": 17
      },
      {
        "costOfGoodsSold": 1679,
        "dilutedAverageSharesOutstanding": 218.706,
        "dilutedEPS": 0.08,
        "ebit": 503,
        "grossIncome": 1552,
        "interestExpense": 95,
        "interestIncomeExpense": -104,
        "netIncome": 18,
        "netIncomeAfterTaxes": 19,
        "nonRecurringItems": -407,
        "period": "2016-09-30",
        "pretaxIncome": 9,
        "provisionforIncomeTaxes": -10,
        "researchDevelopment": 253,
        "revenue": 3231,
        "sgaExpense": 796,
        "totalOperatingExpense": 1049,
        "totalOtherIncomeExpenseNet": 17
      },
      {
        "costOfGoodsSold": 1651,
        "dilutedAverageSharesOutstanding": 217.372,
        "dilutedEPS": 1.79,
        "ebit": 612,
        "grossIncome": 1547,
        "interestExpense": 97,
        "interestIncomeExpense": -105,
        "netIncome": 390,
        "netIncomeAfterTaxes": 390,
        "nonRecurringItems": -96,
        "period": "2016-06-30",
        "pretaxIncome": 422,
        "provisionforIncomeTaxes": 32,
        "researchDevelopment": 207,
        "revenue": 3198,
        "sgaExpense": 728,
        "totalOperatingExpense": 935,
        "totalOtherIncomeExpenseNet": 11
      },
      {
        "costOfGoodsSold": 1584,
        "dilutedAverageSharesOutstanding": 216.538,
        "dilutedEPS": 1.56,
        "ebit": 570,
        "grossIncome": 1483,
        "interestExpense": 99,
        "interestIncomeExpense": -81,
        "netIncome": 338,
        "netIncomeAfterTaxes": 338,
        "nonRecurringItems": -104,
        "otherOperatingExpensesTotal": -1,
        "period": "2016-03-31",
        "pretaxIncome": 376,
        "provisionforIncomeTaxes": 38,
        "researchDevelopment": 182,
        "revenue": 3067,
        "sgaExpense": 732,
        "totalOperatingExpense": 913,
        "totalOtherIncomeExpenseNet": -9
      },
      {
        "costOfGoodsSold": 1578,
        "dilutedAverageSharesOutstanding": 216.294,
        "dilutedEPS": 1.06,
        "ebit": 473,
        "grossIncome": 1408,
        "interestExpense": 97,
        "interestIncomeExpense": -80,
        "netIncome": 229,
        "netIncomeAfterTaxes": 229,
        "nonRecurringItems": -121,
        "otherOperatingExpensesTotal": 0,
        "period": "2015-12-31",
        "pretaxIncome": 266,
        "provisionforIncomeTaxes": 37,
        "researchDevelopment": 187,
        "revenue": 2986,
        "sgaExpense": 748,
        "totalOperatingExpense": 935,
        "totalOtherIncomeExpenseNet": -6
      },
      {
        "costOfGoodsSold": 1644,
        "dilutedAverageSharesOutstanding": 217.328,
        "dilutedEPS": 0.83,
        "ebit": 478,
        "grossIncome": 1416,
        "interestExpense": 99,
        "interestIncomeExpense": -107,
        "netIncome": 181,
        "netIncomeAfterTaxes": 181,
        "nonRecurringItems": -182,
        "period": "2015-09-30",
        "pretaxIncome": 190,
        "provisionforIncomeTaxes": 9,
        "researchDevelopment": 195,
        "revenue": 3060,
        "sgaExpense": 743,
        "totalOperatingExpense": 938,
        "totalOtherIncomeExpenseNet": 1
      }
    ],
    "symbol": "BDX"
  }
}