{
  "symbol": "FANG",
  "statement": "ic",
  "frequency": "quarterly",
  "timestamp": "2025-09-19T13:59:08.451489",
  "data": {
    "financials": [
      {
        "costOfGoodsSold": 1130,
        "depreciationAmortization": 1266,
        "dilutedAverageSharesOutstanding": 292.135,
        "dilutedEPS": 2.379,
        "ebit": 1179,
        "grossIncome": 2548,
        "interestIncomeExpense": -249,
        "minorityInterest": -40,
        "netIncome": 695,
        "netIncomeAfterTaxes": 739,
        "nonRecurringItems": 15,
        "otherOperatingExpensesTotal": 36,
        "period": "2025-06-30",
        "pretaxIncome": 943,
        "provisionforIncomeTaxes": 204,
        "revenue": 3678,
        "sgaExpense": 67,
        "totalOperatingExpense": 1369,
        "totalOtherIncomeExpenseNet": -2
      },
      {
        "costOfGoodsSold": 1129,
        "depreciationAmortization": 1097,
        "dilutedAverageSharesOutstanding": 289.612,
        "dilutedEPS": 4.8306,
        "ebit": 1710,
        "grossIncome": 2919,
        "interestIncomeExpense": 194,
        "minorityInterest": -86,
        "netIncome": 1399,
        "netIncomeAfterTaxes": 1491,
        "nonRecurringItems": -37,
        "otherOperatingExpensesTotal": 39,
        "period": "2025-03-31",
        "pretaxIncome": 1894,
        "provisionforIncomeTaxes": 403,
        "revenue": 4048,
        "sgaExpense": 73,
        "totalOperatingExpense": 1209,
        "totalOtherIncomeExpenseNet": 27
      },
      {
        "costOfGoodsSold": 1006,
        "depreciationAmortization": 1156,
        "dilutedAverageSharesOutstanding": 292.421,
        "dilutedEPS": 3.6591,
        "ebit": 1442,
        "grossIncome": 2705,
        "interestIncomeExpense": 0,
        "minorityInterest": -216,
        "netIncome": 1070,
        "netIncomeAfterTaxes": 1290,
        "nonRecurringItems": -30,
        "otherOperatingExpensesTotal": 35,
        "period": "2024-12-31",
        "pretaxIncome": 1405,
        "provisionforIncomeTaxes": 115,
        "revenue": 3711,
        "sgaExpense": 72,
        "totalOperatingExpense": 1263,
        "totalOtherIncomeExpenseNet": -7
      },
      {
        "costOfGoodsSold": 851,
        "depreciationAmortization": 742,
        "dilutedAverageSharesOutstanding": 204.73,
        "dilutedEPS": 3.1896,
        "ebit": 968,
        "grossIncome": 1794,
        "interestIncomeExpense": 119,
        "minorityInterest": -49,
        "netIncome": 653,
        "netIncomeAfterTaxes": 708,
        "nonRecurringItems": -258,
        "otherOperatingExpensesTotal": 35,
        "period": "2024-09-30",
        "pretaxIncome": 918,
        "provisionforIncomeTaxes": 210,
        "revenue": 2645,
        "sgaExpense": 49,
        "totalOperatingExpense": 826,
        "totalOtherIncomeExpenseNet": 89
      },
      {
        "costOfGoodsSold": 776,
        "depreciationAmortization": 483,
        "dilutedAverageSharesOutstanding": 178.36,
        "dilutedEPS": 4.6591,
        "ebit": 1159,
        "grossIncome": 1707,
        "interestIncomeExpense": -11,
        "minorityInterest": -57,
        "netIncome": 831,
        "netIncomeAfterTaxes": 894,
        "nonRecurringItems": -3,
        "otherOperatingExpensesTotal": 19,
        "period": "2024-06-30",
        "pretaxIncome": 1146,
        "provisionforIncomeTaxes": 252,
        "revenue": 2483,
        "sgaExpense": 46,
        "totalOperatingExpense": 548,
        "totalOtherIncomeExpenseNet": 1
      },
      {
        "costOfGoodsSold": 568,
        "depreciationAmortization": 469,
        "dilutedAverageSharesOutstanding": 178.477,
        "dilutedEPS": 4.2751,
        "ebit": 1130,
        "grossIncome": 1659,
        "interestIncomeExpense": -92,
        "minorityInterest": -41,
        "netIncome": 763,
        "netIncomeAfterTaxes": 809,
        "nonRecurringItems": -10,
        "otherOperatingExpensesTotal": 14,
        "period": "2024-03-31",
        "pretaxIncome": 1032,
        "provisionforIncomeTaxes": 223,
        "revenue": 2227,
        "sgaExpense": 46,
        "totalOperatingExpense": 529,
        "totalOtherIncomeExpenseNet": 4
      },
      {
        "costOfGoodsSold": 488,
        "depreciationAmortization": 469,
        "dilutedAverageSharesOutstanding": 178.796,
        "dilutedEPS": 5.3413,
        "ebit": 1205,
        "grossIncome": 1740,
        "interestIncomeExpense": 71,
        "minorityInterest": -51,
        "netIncome": 955,
        "netIncomeAfterTaxes": 1011,
        "nonRecurringItems": 0,
        "otherOperatingExpensesTotal": 27,
        "period": "2023-12-31",
        "pretaxIncome": 1275,
        "provisionforIncomeTaxes": 264,
        "revenue": 2228,
        "sgaExpense": 39,
        "totalOperatingExpense": 535,
        "totalOtherIncomeExpenseNet": -1
      },
      {
        "costOfGoodsSold": 476,
        "depreciationAmortization": 429,
        "dilutedAverageSharesOutstanding": 178.9,
        "dilutedEPS": 5.07,
        "ebit": 1341,
        "grossIncome": 1864,
        "interestIncomeExpense": -108,
        "minorityInterest": -78,
        "netIncome": 907,
        "netIncomeAfterTaxes": 993,
        "nonRecurringItems": -1,
        "otherOperatingExpensesTotal": 47,
        "period": "2023-09-30",
        "pretaxIncome": 1269,
        "provisionforIncomeTaxes": 276,
        "revenue": 2340,
        "sgaExpense": 47,
        "totalOperatingExpense": 523,
        "totalOtherIncomeExpenseNet": 37
      },
      {
        "costOfGoodsSold": 416,
        "depreciationAmortization": 416,
        "dilutedAverageSharesOutstanding": 180.4,
        "dilutedEPS": 3.05,
        "ebit": 1002,
        "grossIncome": 1503,
        "interestIncomeExpense": -224,
        "minorityInterest": -30,
        "netIncome": 551,
        "netIncomeAfterTaxes": 586,
        "nonRecurringItems": -6,
        "otherOperatingExpensesTotal": 32,
        "period": "2023-06-30",
        "pretaxIncome": 751,
        "provisionforIncomeTaxes": 165,
        "revenue": 1919,
        "sgaExpense": 53,
        "totalOperatingExpense": 501,
        "totalOtherIncomeExpenseNet": -21
      },
      {
        "costOfGoodsSold": 415,
        "depreciationAmortization": 403,
        "dilutedAverageSharesOutstanding": 182,
        "dilutedEPS": 3.88,
        "ebit": 1033,
        "grossIncome": 1510,
        "interestIncomeExpense": -125,
        "minorityInterest": -34,
        "netIncome": 707,
        "netIncomeAfterTaxes": 746,
        "nonRecurringItems": -8,
        "otherOperatingExpensesTotal": 34,
        "period": "2023-03-31",
        "pretaxIncome": 953,
        "provisionforIncomeTaxes": 207,
        "revenue": 1925,
        "sgaExpense": 40,
        "totalOperatingExpense": 477,
        "totalOtherIncomeExpenseNet": 53
      },
      {
        "costOfGoodsSold": 344,
        "depreciationAmortization": 365,
        "dilutedAverageSharesOutstanding": 177.6,
        "dilutedEPS": 5.62,
        "ebit": 1259,
        "grossIncome": 1686,
        "interestIncomeExpense": 75,
        "minorityInterest": -21,
        "netIncome": 999,
        "netIncomeAfterTaxes": 1028,
        "nonRecurringItems": -43,
        "otherOperatingExpensesTotal": 27,
        "period": "2022-12-31",
        "pretaxIncome": 1289,
        "provisionforIncomeTaxes": 261,
        "revenue": 2030,
        "sgaExpense": 35,
        "totalOperatingExpense": 427,
        "totalOtherIncomeExpenseNet": -2
      },
      {
        "costOfGoodsSold": 410,
        "depreciationAmortization": 336,
        "dilutedAverageSharesOutstanding": 174.4,
        "dilutedEPS": 6.72,
        "ebit": 1625,
        "grossIncome": 2027,
        "interestIncomeExpense": -48,
        "minorityInterest": -86,
        "netIncome": 1172,
        "netIncomeAfterTaxes": 1270,
        "nonRecurringItems": -12,
        "otherOperatingExpensesTotal": 32,
        "period": "2022-09-30",
        "pretaxIncome": 1560,
        "provisionforIncomeTaxes": 290,
        "revenue": 2437,
        "sgaExpense": 34,
        "totalOperatingExpense": 402,
        "totalOtherIncomeExpenseNet": -5
      },
      {
        "costOfGoodsSold": 398,
        "depreciationAmortization": 330,
        "dilutedAverageSharesOutstanding": 174.9,
        "dilutedEPS": 8,
        "ebit": 1978,
        "grossIncome": 2370,
        "interestIncomeExpense": -112,
        "minorityInterest": -45,
        "netIncome": 1400,
        "netIncomeAfterTaxes": 1461,
        "nonRecurringItems": -4,
        "otherOperatingExpensesTotal": 23,
        "period": "2022-06-30",
        "pretaxIncome": 1863,
        "provisionforIncomeTaxes": 402,
        "revenue": 2768,
        "sgaExpense": 39,
        "totalOperatingExpense": 392,
        "totalOtherIncomeExpenseNet": 1
      },
      {
        "costOfGoodsSold": 369,
        "depreciationAmortization": 313,
        "dilutedAverageSharesOutstanding": 177.6,
        "dilutedEPS": 4.35,
        "ebit": 1660,
        "grossIncome": 2039,
        "interestIncomeExpense": -583,
        "minorityInterest": -24,
        "netIncome": 773,
        "netIncomeAfterTaxes": 803,
        "nonRecurringItems": -54,
        "otherOperatingExpensesTotal": 30,
        "period": "2022-03-31",
        "pretaxIncome": 1024,
        "provisionforIncomeTaxes": 221,
        "revenue": 2408,
        "sgaExpense": 36,
        "totalOperatingExpense": 379,
        "totalOtherIncomeExpenseNet": 1
      },
      {
        "costOfGoodsSold": 348,
        "depreciationAmortization": 320,
        "dilutedAverageSharesOutstanding": 180.2,
        "dilutedEPS": 5.56,
        "ebit": 1312,
        "grossIncome": 1674,
        "interestExpense": 27,
        "interestIncomeExpense": 29,
        "minorityInterest": -49,
        "netIncome": 1002,
        "netIncomeAfterTaxes": 1051,
        "nonRecurringItems": -3,
        "otherOperatingExpensesTotal": -5,
        "period": "2021-12-31",
        "pretaxIncome": 1330,
        "provisionforIncomeTaxes": 279,
        "revenue": 2022,
        "sgaExpense": 47,
        "totalOperatingExpense": 362,
        "totalOtherIncomeExpenseNet": -8
      },
      {
        "costOfGoodsSold": 366,
        "depreciationAmortization": 341,
        "dilutedAverageSharesOutstanding": 182.1,
        "dilutedEPS": 3.56,
        "ebit": 1164,
        "grossIncome": 1544,
        "interestExpense": 57,
        "interestIncomeExpense": -286,
        "minorityInterest": -25,
        "netIncome": 649,
        "netIncomeAfterTaxes": 674,
        "nonRecurringItems": -12,
        "otherOperatingExpensesTotal": 1,
        "period": "2021-09-30",
        "pretaxIncome": 867,
        "provisionforIncomeTaxes": 193,
        "revenue": 1910,
        "sgaExpense": 38,
        "totalOperatingExpense": 380,
        "totalOtherIncomeExpenseNet": 1
      },
      {
        "costOfGoodsSold": 341,
        "depreciationAmortization": 341,
        "dilutedAverageSharesOutstanding": 182,
        "dilutedEPS": 1.71,
        "ebit": 957,
        "grossIncome": 1340,
        "interestExpense": 55,
        "interestIncomeExpense": -524,
        "minorityInterest": -17,
        "netIncome": 311,
        "netIncomeAfterTaxes": 328,
        "nonRecurringItems": -2,
        "otherOperatingExpensesTotal": 6,
        "period": "2021-06-30",
        "pretaxIncome": 422,
        "provisionforIncomeTaxes": 94,
        "revenue": 1681,
        "sgaExpense": 36,
        "totalOperatingExpense": 383,
        "totalOtherIncomeExpenseNet": -9
      },
      {
        "costOfGoodsSold": 236,
        "depreciationAmortization": 273,
        "dilutedAverageSharesOutstanding": 164.9,
        "dilutedEPS": 1.33,
        "ebit": 649,
        "grossIncome": 948,
        "interestExpense": 58,
        "interestIncomeExpense": -223,
        "minorityInterest": -3,
        "netIncome": 220,
        "netIncomeAfterTaxes": 223,
        "nonRecurringItems": -139,
        "otherOperatingExpensesTotal": 1,
        "period": "2021-03-31",
        "pretaxIncome": 288,
        "provisionforIncomeTaxes": 65,
        "revenue": 1184,
        "sgaExpense": 25,
        "totalOperatingExpense": 299,
        "totalOtherIncomeExpenseNet": 1
      },
      {
        "costOfGoodsSold": 199,
        "depreciationAmortization": 268,
        "dilutedAverageSharesOutstanding": 158,
        "dilutedEPS": -4.68,
        "ebit": 276,
        "grossIncome": 570,
        "interestExpense": 50,
        "interestIncomeExpense": -213,
        "minorityInterest": 17,
        "netIncome": -739,
        "netIncomeAfterTaxes": -756,
        "nonRecurringItems": -1022,
        "otherOperatingExpensesTotal": 2,
        "period": "2020-12-31",
        "pretaxIncome": -958,
        "provisionforIncomeTaxes": -202,
        "revenue": 769,
        "sgaExpense": 24,
        "totalOperatingExpense": 294,
        "totalOtherIncomeExpenseNet": 1
      },
      {
        "costOfGoodsSold": 216,
        "depreciationAmortization": 286,
        "dilutedAverageSharesOutstanding": 157.8,
        "dilutedEPS": -7.05,
        "ebit": 195,
        "grossIncome": 504,
        "interestExpense": 53,
        "interestIncomeExpense": -151,
        "minorityInterest": -8,
        "netIncome": -1113,
        "netIncomeAfterTaxes": -1105,
        "nonRecurringItems": -1453,
        "otherOperatingExpensesTotal": 3,
        "period": "2020-09-30",
        "pretaxIncome": -1409,
        "provisionforIncomeTaxes": -304,
        "revenue": 720,
        "sgaExpense": 20,
        "totalOperatingExpense": 309,
        "totalOtherIncomeExpenseNet": 0
      },
      {
        "costOfGoodsSold": 193,
        "depreciationAmortization": 343,
        "dilutedAverageSharesOutstanding": 157.8,
        "dilutedEPS": -15.16,
        "ebit": -133,
        "grossIncome": 232,
        "interestExpense": 46,
        "interestIncomeExpense": -417,
        "minorityInterest": 18,
        "netIncome": -2393,
        "netIncomeAfterTaxes": -2411,
        "nonRecurringItems": -2542,
        "otherOperatingExpensesTotal": 2,
        "period": "2020-06-30",
        "pretaxIncome": -3092,
        "provisionforIncomeTaxes": -681,
        "revenue": 425,
        "sgaExpense": 20,
        "totalOperatingExpense": 365,
        "totalOtherIncomeExpenseNet": 0
      },
      {
        "costOfGoodsSold": 257,
        "depreciationAmortization": 407,
        "dilutedAverageSharesOutstanding": 158.3,
        "dilutedEPS": -1.71,
        "ebit": 207,
        "grossIncome": 642,
        "interestExpense": 48,
        "interestIncomeExpense": 484,
        "minorityInterest": 128,
        "netIncome": -272,
        "netIncomeAfterTaxes": -579,
        "nonRecurringItems": -1009,
        "otherOperatingExpensesTotal": 4,
        "period": "2020-03-31",
        "pretaxIncome": -317,
        "provisionforIncomeTaxes": 262,
        "revenue": 899,
        "sgaExpense": 24,
        "totalOperatingExpense": 435,
        "totalOtherIncomeExpenseNet": 1
      },
      {
        "costOfGoodsSold": 259,
        "depreciationAmortization": 401,
        "dilutedAverageSharesOutstanding": 161.8,
        "dilutedEPS": -3.01,
        "ebit": 406,
        "grossIncome": 845,
        "interestExpense": 39,
        "interestIncomeExpense": -149,
        "minorityInterest": -15,
        "netIncome": -487,
        "netIncomeAfterTaxes": -472,
        "nonRecurringItems": -846,
        "otherOperatingExpensesTotal": 2,
        "period": "2019-12-31",
        "pretaxIncome": -596,
        "provisionforIncomeTaxes": -124,
        "revenue": 1104,
        "sgaExpense": 36,
        "totalOperatingExpense": 439,
        "totalOtherIncomeExpenseNet": -7
      },
      {
        "costOfGoodsSold": 240,
        "depreciationAmortization": 365,
        "dilutedAverageSharesOutstanding": 162.8,
        "dilutedEPS": 2.26,
        "ebit": 349,
        "grossIncome": 735,
        "interestExpense": 38,
        "interestIncomeExpense": 139,
        "minorityInterest": -20,
        "netIncome": 368,
        "netIncomeAfterTaxes": 388,
        "otherOperatingExpensesTotal": 2,
        "period": "2019-09-30",
        "pretaxIncome": 490,
        "provisionforIncomeTaxes": 102,
        "revenue": 975,
        "sgaExpense": 19,
        "totalOperatingExpense": 386,
        "totalOtherIncomeExpenseNet": 2
      },
      {
        "costOfGoodsSold": 225,
        "depreciationAmortization": 359,
        "dilutedAverageSharesOutstanding": 165,
        "dilutedEPS": 2.11,
        "ebit": 411,
        "grossIncome": 796,
        "interestExpense": 49,
        "interestIncomeExpense": 45,
        "minorityInterest": -7,
        "netIncome": 349,
        "netIncomeAfterTaxes": 356,
        "otherOperatingExpensesTotal": 4,
        "period": "2019-06-30",
        "pretaxIncome": 458,
        "provisionforIncomeTaxes": 102,
        "revenue": 1021,
        "sgaExpense": 22,
        "totalOperatingExpense": 385,
        "totalOtherIncomeExpenseNet": 2
      },
      {
        "costOfGoodsSold": 193,
        "depreciationAmortization": 322,
        "dilutedAverageSharesOutstanding": 165.1,
        "dilutedEPS": 0.06,
        "ebit": 319,
        "grossIncome": 671,
        "interestExpense": 46,
        "interestIncomeExpense": -310,
        "minorityInterest": -33,
        "netIncome": 10,
        "netIncomeAfterTaxes": 43,
        "otherOperatingExpensesTotal": 3,
        "period": "2019-03-31",
        "pretaxIncome": 10,
        "provisionforIncomeTaxes": -33,
        "revenue": 864,
        "sgaExpense": 27,
        "totalOperatingExpense": 352,
        "totalOtherIncomeExpenseNet": 1
      },
      {
        "costOfGoodsSold": 146.9,
        "depreciationAmortization": 231.6,
        "dilutedAverageSharesOutstanding": 123.3,
        "dilutedEPS": 2.49,
        "ebit": 231.8,
        "grossIncome": 484.9,
        "interestExpense": 37.931,
        "interestIncomeExpense": 197,
        "minorityInterest": 0.5,
        "netIncome": 306.7,
        "netIncomeAfterTaxes": 306.2,
        "nonRecurringItems": -36.8,
        "otherOperatingExpensesTotal": 1.9,
        "period": "2018-12-31",
        "pretaxIncome": 391.8,
        "provisionforIncomeTaxes": 85.6,
        "revenue": 631.8,
        "sgaExpense": 19.5,
        "totalOperatingExpense": 253.1,
        "totalOtherIncomeExpenseNet": -0.2
      },
      {
        "costOfGoodsSold": 109.3,
        "depreciationAmortization": 146.3,
        "dilutedAverageSharesOutstanding": 98.8,
        "dilutedEPS": 1.59,
        "ebit": 266.9,
        "grossIncome": 428.7,
        "interestExpense": 18.548,
        "interestIncomeExpense": -67.1,
        "minorityInterest": -2.4,
        "netIncome": 157.1,
        "netIncomeAfterTaxes": 159.4,
        "otherOperatingExpensesTotal": 1.3,
        "period": "2018-09-30",
        "pretaxIncome": 201.7,
        "provisionforIncomeTaxes": 42.3,
        "revenue": 538,
        "sgaExpense": 14.2,
        "totalOperatingExpense": 161.9,
        "totalOtherIncomeExpenseNet": 2
      },
      {
        "costOfGoodsSold": 99.3,
        "depreciationAmortization": 129.9,
        "dilutedAverageSharesOutstanding": 98.8,
        "dilutedEPS": 2.22,
        "ebit": 281.3,
        "grossIncome": 427,
        "interestExpense": 17.096,
        "interestIncomeExpense": -71.2,
        "minorityInterest": -82,
        "netIncome": 219.1,
        "netIncomeAfterTaxes": 301.2,
        "otherOperatingExpensesTotal": 1.3,
        "period": "2018-06-30",
        "pretaxIncome": 294.6,
        "provisionforIncomeTaxes": -6.6,
        "revenue": 526.3,
        "sgaExpense": 14.5,
        "totalOperatingExpense": 145.7,
        "totalOtherIncomeExpenseNet": 84.5
      },
      {
        "costOfGoodsSold": 80.1,
        "depreciationAmortization": 115.2,
        "dilutedAverageSharesOutstanding": 98.6,
        "dilutedEPS": 1.65,
        "ebit": 267.6,
        "grossIncome": 400.1,
        "interestExpense": 13.701,
        "interestIncomeExpense": -45.1,
        "minorityInterest": -15.3,
        "netIncome": 162.8,
        "netIncomeAfterTaxes": 178.2,
        "otherOperatingExpensesTotal": 0.9,
        "period": "2018-03-31",
        "pretaxIncome": 225.2,
        "provisionforIncomeTaxes": 47.1,
        "revenue": 480.2,
        "sgaExpense": 16.3,
        "totalOperatingExpense": 132.4,
        "totalOtherIncomeExpenseNet": 2.7
      },
      {
        "costOfGoodsSold": 68.9,
        "depreciationAmortization": 105.1,
        "dilutedAverageSharesOutstanding": 100.5,
        "dilutedEPS": 1.14,
        "ebit": 213.7,
        "grossIncome": 330.2,
        "interestExpense": 10.892,
        "interestIncomeExpense": -108.8,
        "minorityInterest": -15,
        "netIncome": 114.6,
        "netIncomeAfterTaxes": 197.5,
        "nonRecurringItems": 0,
        "otherOperatingExpensesTotal": 0.4,
        "period": "2017-12-31",
        "pretaxIncome": 105.6,
        "provisionforIncomeTaxes": -91.9,
        "revenue": 399.2,
        "sgaExpense": 11.1,
        "totalOperatingExpense": 116.6,
        "totalOtherIncomeExpenseNet": 0.8
      },
      {
        "costOfGoodsSold": 58.8,
        "depreciationAmortization": 87.6,
        "dilutedAverageSharesOutstanding": 98.4,
        "dilutedEPS": 0.74,
        "ebit": 142.6,
        "grossIncome": 242.5,
        "interestExpense": 9.192,
        "interestIncomeExpense": -59.8,
        "minorityInterest": -8.9,
        "netIncome": 73,
        "netIncomeAfterTaxes": 81.9,
        "nonRecurringItems": 0,
        "otherOperatingExpensesTotal": 0.4,
        "period": "2017-09-30",
        "pretaxIncome": 82.8,
        "provisionforIncomeTaxes": 0.9,
        "revenue": 301.3,
        "sgaExpense": 11.9,
        "totalOperatingExpense": 99.8,
        "totalOtherIncomeExpenseNet": 0
      },
      {
        "costOfGoodsSold": 49.7,
        "depreciationAmortization": 75.2,
        "dilutedAverageSharesOutstanding": 98.4,
        "dilutedEPS": 1.61,
        "ebit": 132.3,
        "grossIncome": 219.7,
        "interestExpense": 8.245,
        "interestIncomeExpense": 25.1,
        "minorityInterest": -5.7,
        "netIncome": 158.4,
        "netIncomeAfterTaxes": 164.1,
        "nonRecurringItems": 0,
        "otherOperatingExpensesTotal": 0.4,
        "period": "2017-06-30",
        "pretaxIncome": 165.7,
        "provisionforIncomeTaxes": 1.6,
        "revenue": 269.4,
        "sgaExpense": 11.9,
        "totalOperatingExpense": 87.4,
        "totalOtherIncomeExpenseNet": 8.3
      },
      {
        "costOfGoodsSold": 45.8,
        "depreciationAmortization": 58.9,
        "dilutedAverageSharesOutstanding": 93.4,
        "dilutedEPS": 1.46,
        "ebit": 116.4,
        "grossIncome": 189.4,
        "interestExpense": 12.225,
        "interestIncomeExpense": 25.5,
        "minorityInterest": -4.8,
        "netIncome": 136.3,
        "netIncomeAfterTaxes": 141.1,
        "nonRecurringItems": 0,
        "otherOperatingExpensesTotal": 0.3,
        "period": "2017-03-31",
        "pretaxIncome": 143,
        "provisionforIncomeTaxes": 2,
        "revenue": 235.2,
        "sgaExpense": 13.7,
        "totalOperatingExpense": 73,
        "totalOtherIncomeExpenseNet": 1.1
      },
      {
        "costOfGoodsSold": 36.1,
        "depreciationAmortization": 51.3,
        "dilutedAverageSharesOutstanding": 80.4,
        "dilutedEPS": 0.32,
        "ebit": 87,
        "grossIncome": 148.9,
        "interestExpense": 10.418,
        "interestIncomeExpense": -27.1,
        "minorityInterest": -2.8,
        "netIncome": 25.6,
        "netIncomeAfterTaxes": 28.4,
        "nonRecurringItems": -33.1,
        "otherOperatingExpensesTotal": 0.3,
        "period": "2016-12-31",
        "pretaxIncome": 28.3,
        "provisionforIncomeTaxes": -0.2,
        "revenue": 185,
        "sgaExpense": 10.2,
        "totalOperatingExpense": 61.9,
        "totalOtherIncomeExpenseNet": 1.4
      },
      {
        "costOfGoodsSold": 34.1,
        "depreciationAmortization": 44.7,
        "dilutedAverageSharesOutstanding": 77.2,
        "dilutedEPS": -0.03,
        "ebit": 53.1,
        "grossIncome": 108,
        "interestExpense": 10.234,
        "interestIncomeExpense": -8.2,
        "minorityInterest": -1.6,
        "netIncome": -2.2,
        "netIncomeAfterTaxes": -0.6,
        "nonRecurringItems": -46.4,
        "otherOperatingExpensesTotal": 0.3,
        "period": "2016-09-30",
        "pretaxIncome": -0.6,
        "provisionforIncomeTaxes": 0,
        "revenue": 142.1,
        "sgaExpense": 9.9,
        "totalOperatingExpense": 54.9,
        "totalOtherIncomeExpenseNet": 0.9
      },
      {
        "costOfGoodsSold": 29.3,
        "depreciationAmortization": 39.9,
        "dilutedAverageSharesOutstanding": 71.7,
        "dilutedEPS": -2.17,
        "ebit": 33.6,
        "grossIncome": 83.2,
        "interestExpense": 10.019,
        "interestIncomeExpense": -22.1,
        "minorityInterest": 1.6,
        "netIncome": -155.5,
        "netIncomeAfterTaxes": -157.1,
        "nonRecurringItems": -168.4,
        "otherOperatingExpensesTotal": 0.3,
        "period": "2016-06-30",
        "pretaxIncome": -156.8,
        "provisionforIncomeTaxes": 0.4,
        "revenue": 112.5,
        "sgaExpense": 9.5,
        "totalOperatingExpense": 49.6,
        "totalOtherIncomeExpenseNet": 0.2
      },
      {
        "costOfGoodsSold": 29,
        "depreciationAmortization": 42.1,
        "dilutedAverageSharesOutstanding": 71,
        "dilutedEPS": -0.46,
        "ebit": 3.2,
        "grossIncome": 58.5,
        "interestExpense": 10.013,
        "interestIncomeExpense": -8.6,
        "minorityInterest": 2.7,
        "netIncome": -32.9,
        "netIncomeAfterTaxes": -35.6,
        "nonRecurringItems": -30.8,
        "otherOperatingExpensesTotal": 0.2,
        "period": "2016-03-31",
        "pretaxIncome": -35.6,
        "provisionforIncomeTaxes": 0,
        "revenue": 87.5,
        "sgaExpense": 13,
        "totalOperatingExpense": 55.3,
        "totalOtherIncomeExpenseNet": 0.6
      },
      {
        "costOfGoodsSold": 27.2,
        "depreciationAmortization": 48.5,
        "dilutedAverageSharesOutstanding": 66.9,
        "dilutedEPS": -2.8,
        "ebit": 29.8,
        "grossIncome": 87.1,
        "interestExpense": 10.106,
        "interestIncomeExpense": -5,
        "minorityInterest": -0.6,
        "netIncome": -187.4,
        "netIncomeAfterTaxes": -186.8,
        "nonRecurringItems": -217.6,
        "otherOperatingExpensesTotal": 0.2,
        "period": "2015-12-31",
        "pretaxIncome": -193.3,
        "provisionforIncomeTaxes": -6.5,
        "revenue": 114.3,
        "sgaExpense": 8.5,
        "totalOperatingExpense": 57.3,
        "totalOtherIncomeExpenseNet": -0.5
      },
      {
        "costOfGoodsSold": 32.8,
        "depreciationAmortization": 52.4,
        "dilutedAverageSharesOutstanding": 65.3,
        "dilutedEPS": -2.4,
        "ebit": 18.9,
        "grossIncome": 79.1,
        "interestExpense": 10.633,
        "interestIncomeExpense": 17,
        "minorityInterest": -0.7,
        "netIncome": -156.8,
        "netIncomeAfterTaxes": -156,
        "nonRecurringItems": -273.7,
        "otherOperatingExpensesTotal": 0.2,
        "period": "2015-09-30",
        "pretaxIncome": -237.5,
        "provisionforIncomeTaxes": -81.5,
        "revenue": 111.9,
        "sgaExpense": 7.5,
        "totalOperatingExpense": 60.2,
        "totalOtherIncomeExpenseNet": 0.3
      }
    ],
    "symbol": "FANG"
  }
}