{
  "symbol": "NWSA",
  "statement": "ic",
  "frequency": "quarterly",
  "timestamp": "2025-09-19T14:04:34.264656",
  "data": {
    "financials": [
      {
        "costOfGoodsSold": 917,
        "depreciationAmortization": 120,
        "dilutedAverageSharesOutstanding": 568.7,
        "dilutedEPS": 1.3,
        "ebit": 207,
        "grossIncome": 1192,
        "interestIncomeExpense": 6,
        "minorityInterest": -33,
        "netIncome": 743,
        "netIncomeAfterTaxes": 86,
        "nonRecurringItems": -81,
        "otherOperatingExpensesTotal": -5,
        "period": "2025-06-30",
        "pretaxIncome": 132,
        "provisionforIncomeTaxes": 46,
        "revenue": 2109,
        "sgaExpense": 870,
        "totalOperatingExpense": 985
      },
      {
        "costOfGoodsSold": 904,
        "depreciationAmortization": 114,
        "dilutedAverageSharesOutstanding": 569.5,
        "dilutedEPS": 0.18,
        "ebit": 175,
        "grossIncome": 1105,
        "interestIncomeExpense": -11,
        "minorityInterest": -26,
        "netIncome": 103,
        "netIncomeAfterTaxes": 107,
        "nonRecurringItems": -13,
        "otherOperatingExpensesTotal": 1,
        "period": "2025-03-31",
        "pretaxIncome": 151,
        "provisionforIncomeTaxes": 44,
        "revenue": 2009,
        "sgaExpense": 815,
        "totalOperatingExpense": 930
      },
      {
        "costOfGoodsSold": 963,
        "depreciationAmortization": 113,
        "dilutedAverageSharesOutstanding": 570.1,
        "dilutedEPS": 0.37,
        "ebit": 352,
        "grossIncome": 1275,
        "interestIncomeExpense": 94,
        "minorityInterest": -78,
        "netIncome": 215,
        "netIncomeAfterTaxes": 306,
        "nonRecurringItems": -16,
        "otherOperatingExpensesTotal": 13,
        "period": "2024-12-31",
        "pretaxIncome": 430,
        "provisionforIncomeTaxes": 124,
        "revenue": 2238,
        "sgaExpense": 797,
        "totalOperatingExpense": 923
      },
      {
        "costOfGoodsSold": 1263,
        "depreciationAmortization": 189,
        "dilutedAverageSharesOutstanding": 571.2,
        "dilutedEPS": 0.2083,
        "ebit": 239,
        "grossIncome": 1314,
        "interestIncomeExpense": -11,
        "minorityInterest": -25,
        "netIncome": 119,
        "netIncomeAfterTaxes": 144,
        "nonRecurringItems": -24,
        "otherOperatingExpensesTotal": -13,
        "period": "2024-09-30",
        "pretaxIncome": 204,
        "provisionforIncomeTaxes": 60,
        "revenue": 2577,
        "sgaExpense": 899,
        "totalOperatingExpense": 1075
      },
      {
        "costOfGoodsSold": 1261,
        "depreciationAmortization": 192,
        "dilutedAverageSharesOutstanding": 572.9,
        "dilutedEPS": 0.0873,
        "ebit": 182,
        "grossIncome": 1316,
        "interestIncomeExpense": -20,
        "minorityInterest": -21,
        "netIncome": 50,
        "netIncomeAfterTaxes": 71,
        "nonRecurringItems": -52,
        "otherOperatingExpensesTotal": 6,
        "period": "2024-06-30",
        "pretaxIncome": 110,
        "provisionforIncomeTaxes": 39,
        "revenue": 2577,
        "sgaExpense": 936,
        "totalOperatingExpense": 1134
      },
      {
        "costOfGoodsSold": 1238,
        "depreciationAmortization": 192,
        "dilutedAverageSharesOutstanding": 573.6,
        "dilutedEPS": 0.0523,
        "ebit": 120,
        "grossIncome": 1185,
        "interestIncomeExpense": -21,
        "minorityInterest": -12,
        "netIncome": 30,
        "netIncomeAfterTaxes": 42,
        "nonRecurringItems": -35,
        "otherOperatingExpensesTotal": 10,
        "period": "2024-03-31",
        "pretaxIncome": 64,
        "provisionforIncomeTaxes": 22,
        "revenue": 2423,
        "sgaExpense": 863,
        "totalOperatingExpense": 1065
      },
      {
        "costOfGoodsSold": 1281,
        "depreciationAmortization": 179,
        "dilutedAverageSharesOutstanding": 573.5,
        "dilutedEPS": 0.272,
        "ebit": 302,
        "grossIncome": 1305,
        "interestIncomeExpense": -12,
        "minorityInterest": -27,
        "netIncome": 156,
        "netIncomeAfterTaxes": 183,
        "nonRecurringItems": -13,
        "otherOperatingExpensesTotal": -8,
        "period": "2023-12-31",
        "pretaxIncome": 277,
        "provisionforIncomeTaxes": 94,
        "revenue": 2586,
        "sgaExpense": 832,
        "totalOperatingExpense": 1003
      },
      {
        "costOfGoodsSold": 1273,
        "depreciationAmortization": 171,
        "dilutedAverageSharesOutstanding": 600,
        "dilutedEPS": 0.05,
        "ebit": 175,
        "grossIncome": 1226,
        "interestIncomeExpense": -42,
        "minorityInterest": -28,
        "netIncome": 30,
        "netIncomeAfterTaxes": 58,
        "nonRecurringItems": -38,
        "otherOperatingExpensesTotal": 18,
        "period": "2023-09-30",
        "pretaxIncome": 95,
        "provisionforIncomeTaxes": 37,
        "revenue": 2499,
        "sgaExpense": 862,
        "totalOperatingExpense": 1051
      },
      {
        "costOfGoodsSold": 1271,
        "depreciationAmortization": 178,
        "dilutedAverageSharesOutstanding": 572.8,
        "dilutedEPS": -0.01,
        "ebit": 167,
        "grossIncome": 1162,
        "interestIncomeExpense": -99,
        "minorityInterest": 24,
        "netIncome": -8,
        "netIncomeAfterTaxes": -32,
        "nonRecurringItems": -85,
        "otherOperatingExpensesTotal": -4,
        "period": "2023-06-30",
        "pretaxIncome": -17,
        "provisionforIncomeTaxes": 15,
        "revenue": 2433,
        "sgaExpense": 821,
        "totalOperatingExpense": 995
      },
      {
        "costOfGoodsSold": 1286,
        "depreciationAmortization": 183,
        "dilutedAverageSharesOutstanding": 577.9,
        "dilutedEPS": 0.09,
        "ebit": 151,
        "grossIncome": 1161,
        "interestIncomeExpense": -35,
        "minorityInterest": -9,
        "netIncome": 50,
        "netIncomeAfterTaxes": 59,
        "nonRecurringItems": -25,
        "otherOperatingExpensesTotal": -14,
        "period": "2023-03-31",
        "pretaxIncome": 91,
        "provisionforIncomeTaxes": 32,
        "revenue": 2447,
        "sgaExpense": 841,
        "totalOperatingExpense": 1010
      },
      {
        "costOfGoodsSold": 1294,
        "depreciationAmortization": 174,
        "dilutedAverageSharesOutstanding": 576,
        "dilutedEPS": 0.12,
        "ebit": 238,
        "grossIncome": 1227,
        "interestIncomeExpense": -64,
        "minorityInterest": -27,
        "netIncome": 67,
        "netIncomeAfterTaxes": 94,
        "nonRecurringItems": -19,
        "otherOperatingExpensesTotal": -3,
        "period": "2022-12-31",
        "pretaxIncome": 155,
        "provisionforIncomeTaxes": 61,
        "revenue": 2521,
        "sgaExpense": 818,
        "totalOperatingExpense": 989
      },
      {
        "costOfGoodsSold": 1273,
        "depreciationAmortization": 179,
        "dilutedAverageSharesOutstanding": 581.3,
        "dilutedEPS": 0.07,
        "ebit": 154,
        "grossIncome": 1205,
        "interestIncomeExpense": -32,
        "minorityInterest": -26,
        "netIncome": 40,
        "netIncomeAfterTaxes": 66,
        "nonRecurringItems": -21,
        "otherOperatingExpensesTotal": 17,
        "period": "2022-09-30",
        "pretaxIncome": 101,
        "provisionforIncomeTaxes": 35,
        "revenue": 2478,
        "sgaExpense": 855,
        "totalOperatingExpense": 1051
      },
      {
        "costOfGoodsSold": 1355,
        "depreciationAmortization": 183,
        "dilutedAverageSharesOutstanding": 588.9,
        "dilutedEPS": 0.19,
        "ebit": 95,
        "grossIncome": 1319,
        "interestIncomeExpense": -88,
        "minorityInterest": -17,
        "netIncome": 110,
        "netIncomeAfterTaxes": 127,
        "nonRecurringItems": -27,
        "otherOperatingExpensesTotal": 37,
        "period": "2022-06-30",
        "pretaxIncome": -20,
        "provisionforIncomeTaxes": -147,
        "revenue": 2674,
        "sgaExpense": 1004,
        "totalOperatingExpense": 1224
      },
      {
        "costOfGoodsSold": 1246,
        "depreciationAmortization": 172,
        "dilutedAverageSharesOutstanding": 592.1,
        "dilutedEPS": 0.14,
        "ebit": 195,
        "grossIncome": 1246,
        "interestIncomeExpense": -25,
        "minorityInterest": -22,
        "netIncome": 82,
        "netIncomeAfterTaxes": 104,
        "nonRecurringItems": -37,
        "otherOperatingExpensesTotal": -9,
        "period": "2022-03-31",
        "pretaxIncome": 133,
        "provisionforIncomeTaxes": 29,
        "revenue": 2492,
        "sgaExpense": 888,
        "totalOperatingExpense": 1051
      },
      {
        "costOfGoodsSold": 1279,
        "depreciationAmortization": 168,
        "dilutedAverageSharesOutstanding": 594.7,
        "dilutedEPS": 0.4,
        "ebit": 420,
        "grossIncome": 1438,
        "interestIncomeExpense": -27,
        "minorityInterest": -27,
        "netIncome": 235,
        "netIncomeAfterTaxes": 262,
        "nonRecurringItems": -32,
        "otherOperatingExpensesTotal": -2,
        "period": "2021-12-31",
        "pretaxIncome": 361,
        "provisionforIncomeTaxes": 99,
        "revenue": 2717,
        "sgaExpense": 852,
        "totalOperatingExpense": 1018
      },
      {
        "costOfGoodsSold": 1244,
        "depreciationAmortization": 165,
        "dilutedAverageSharesOutstanding": 594.4,
        "dilutedEPS": 0.33,
        "ebit": 246,
        "grossIncome": 1258,
        "interestIncomeExpense": 7,
        "minorityInterest": -71,
        "netIncome": 196,
        "netIncomeAfterTaxes": 267,
        "nonRecurringItems": 85,
        "otherOperatingExpensesTotal": -1,
        "period": "2021-09-30",
        "pretaxIncome": 338,
        "provisionforIncomeTaxes": 71,
        "revenue": 2502,
        "sgaExpense": 848,
        "totalOperatingExpense": 1012
      },
      {
        "costOfGoodsSold": 1283,
        "depreciationAmortization": 176,
        "dilutedAverageSharesOutstanding": 590.7,
        "dilutedEPS": -0.02,
        "ebit": 43,
        "grossIncome": 1209,
        "interestIncomeExpense": -75,
        "minorityInterest": 1,
        "netIncome": -14,
        "netIncomeAfterTaxes": -15,
        "nonRecurringItems": -75,
        "otherOperatingExpensesTotal": -9,
        "period": "2021-06-30",
        "pretaxIncome": -107,
        "provisionforIncomeTaxes": -92,
        "revenue": 2492,
        "sgaExpense": 999,
        "totalOperatingExpense": 1166
      },
      {
        "costOfGoodsSold": 1186,
        "depreciationAmortization": 173,
        "dilutedAverageSharesOutstanding": 594.5,
        "dilutedEPS": 0.13,
        "ebit": 129,
        "grossIncome": 1149,
        "interestIncomeExpense": 22,
        "minorityInterest": -17,
        "netIncome": 79,
        "netIncomeAfterTaxes": 96,
        "nonRecurringItems": -12,
        "otherOperatingExpensesTotal": -4,
        "period": "2021-03-31",
        "pretaxIncome": 139,
        "provisionforIncomeTaxes": 43,
        "revenue": 2335,
        "sgaExpense": 851,
        "totalOperatingExpense": 1020
      },
      {
        "costOfGoodsSold": 1198,
        "depreciationAmortization": 167,
        "dilutedAverageSharesOutstanding": 592.6,
        "dilutedEPS": 0.39,
        "ebit": 339,
        "grossIncome": 1216,
        "interestIncomeExpense": 30,
        "minorityInterest": -30,
        "netIncome": 231,
        "netIncomeAfterTaxes": 261,
        "nonRecurringItems": -23,
        "otherOperatingExpensesTotal": -9,
        "period": "2020-12-31",
        "pretaxIncome": 346,
        "provisionforIncomeTaxes": 85,
        "revenue": 2414,
        "sgaExpense": 719,
        "totalOperatingExpense": 877
      },
      {
        "costOfGoodsSold": 1164,
        "depreciationAmortization": 164,
        "dilutedAverageSharesOutstanding": 590.8,
        "dilutedEPS": 0.06,
        "ebit": 110,
        "grossIncome": 953,
        "interestIncomeExpense": 2,
        "minorityInterest": -13,
        "netIncome": 34,
        "netIncomeAfterTaxes": 47,
        "nonRecurringItems": -40,
        "otherOperatingExpensesTotal": -6,
        "period": "2020-09-30",
        "pretaxIncome": 72,
        "provisionforIncomeTaxes": 25,
        "revenue": 2117,
        "sgaExpense": 685,
        "totalOperatingExpense": 843
      },
      {
        "costOfGoodsSold": 973,
        "depreciationAmortization": 160,
        "dilutedAverageSharesOutstanding": 588.5,
        "dilutedEPS": -0.67,
        "ebit": 23,
        "grossIncome": 950,
        "interestIncomeExpense": -45,
        "minorityInterest": 4,
        "netIncome": -397,
        "netIncomeAfterTaxes": -401,
        "nonRecurringItems": -379,
        "otherOperatingExpensesTotal": 12,
        "period": "2020-06-30",
        "pretaxIncome": -401,
        "provisionforIncomeTaxes": 0,
        "revenue": 1923,
        "sgaExpense": 755,
        "totalOperatingExpense": 927
      },
      {
        "costOfGoodsSold": 1278,
        "depreciationAmortization": 160,
        "dilutedAverageSharesOutstanding": 588.3,
        "dilutedEPS": -1.24,
        "ebit": 91,
        "grossIncome": 988,
        "interestIncomeExpense": -32,
        "minorityInterest": 306,
        "netIncome": -730,
        "netIncomeAfterTaxes": -1036,
        "nonRecurringItems": -1105,
        "otherOperatingExpensesTotal": -9,
        "period": "2020-03-31",
        "pretaxIncome": -1046,
        "provisionforIncomeTaxes": -10,
        "revenue": 2266,
        "sgaExpense": 746,
        "totalOperatingExpense": 897
      },
      {
        "costOfGoodsSold": 1344,
        "depreciationAmortization": 162,
        "dilutedAverageSharesOutstanding": 590.3,
        "dilutedEPS": 0.14,
        "ebit": 201,
        "grossIncome": 1135,
        "interestIncomeExpense": -17,
        "minorityInterest": -18,
        "netIncome": 85,
        "netIncomeAfterTaxes": 103,
        "nonRecurringItems": -29,
        "otherOperatingExpensesTotal": -8,
        "period": "2019-12-31",
        "pretaxIncome": 155,
        "provisionforIncomeTaxes": 52,
        "revenue": 2479,
        "sgaExpense": 780,
        "totalOperatingExpense": 934
      },
      {
        "costOfGoodsSold": 1332,
        "depreciationAmortization": 162,
        "dilutedAverageSharesOutstanding": 586.7,
        "dilutedEPS": -0.39,
        "ebit": 62,
        "grossIncome": 1008,
        "interestIncomeExpense": 3,
        "minorityInterest": -16,
        "netIncome": -227,
        "netIncomeAfterTaxes": -211,
        "nonRecurringItems": -297,
        "otherOperatingExpensesTotal": -3,
        "period": "2019-09-30",
        "pretaxIncome": -232,
        "provisionforIncomeTaxes": -21,
        "revenue": 2340,
        "sgaExpense": 787,
        "totalOperatingExpense": 946
      },
      {
        "costOfGoodsSold": 1398,
        "depreciationAmortization": 165,
        "dilutedAverageSharesOutstanding": 585,
        "dilutedEPS": -0.09,
        "ebit": 105,
        "grossIncome": 1068,
        "interestIncomeExpense": -16,
        "minorityInterest": -9,
        "netIncome": -51,
        "netIncomeAfterTaxes": -42,
        "nonRecurringItems": -117,
        "otherOperatingExpensesTotal": -1,
        "period": "2019-06-30",
        "pretaxIncome": -28,
        "provisionforIncomeTaxes": 14,
        "revenue": 2466,
        "sgaExpense": 799,
        "totalOperatingExpense": 963
      },
      {
        "costOfGoodsSold": 1400,
        "depreciationAmortization": 168,
        "dilutedAverageSharesOutstanding": 588.8,
        "dilutedEPS": 0.02,
        "ebit": 73,
        "grossIncome": 1057,
        "interestIncomeExpense": -9,
        "minorityInterest": -13,
        "netIncome": 10,
        "netIncomeAfterTaxes": 23,
        "nonRecurringItems": -34,
        "otherOperatingExpensesTotal": 6,
        "period": "2019-03-31",
        "pretaxIncome": 30,
        "provisionforIncomeTaxes": 7,
        "revenue": 2457,
        "sgaExpense": 810,
        "totalOperatingExpense": 984
      },
      {
        "costOfGoodsSold": 1484,
        "depreciationAmortization": 163,
        "dilutedAverageSharesOutstanding": 587.1,
        "dilutedEPS": 0.16,
        "ebit": 224,
        "grossIncome": 1143,
        "interestIncomeExpense": -31,
        "minorityInterest": -24,
        "netIncome": 95,
        "netIncomeAfterTaxes": 119,
        "nonRecurringItems": -19,
        "otherOperatingExpensesTotal": -17,
        "period": "2018-12-31",
        "pretaxIncome": 174,
        "provisionforIncomeTaxes": 55,
        "revenue": 2627,
        "sgaExpense": 773,
        "totalOperatingExpense": 919
      },
      {
        "costOfGoodsSold": 1340,
        "depreciationAmortization": 163,
        "dilutedAverageSharesOutstanding": 585.6,
        "dilutedEPS": 0.17,
        "ebit": 200,
        "grossIncome": 1184,
        "interestIncomeExpense": -4,
        "minorityInterest": -27,
        "netIncome": 101,
        "netIncomeAfterTaxes": 128,
        "nonRecurringItems": -18,
        "otherOperatingExpensesTotal": -5,
        "period": "2018-09-30",
        "pretaxIncome": 178,
        "provisionforIncomeTaxes": 50,
        "revenue": 2524,
        "sgaExpense": 826,
        "totalOperatingExpense": 984
      },
      {
        "costOfGoodsSold": 1464,
        "depreciationAmortization": 175,
        "dilutedAverageSharesOutstanding": 583,
        "dilutedEPS": -0.64,
        "ebit": 143,
        "grossIncome": 1229,
        "interestIncomeExpense": 12,
        "minorityInterest": -16,
        "netIncome": -373,
        "netIncomeAfterTaxes": -356,
        "nonRecurringItems": -110,
        "otherOperatingExpensesTotal": -6,
        "period": "2018-06-30",
        "pretaxIncome": -292,
        "provisionforIncomeTaxes": 64,
        "revenue": 2693,
        "sgaExpense": 917,
        "totalOperatingExpense": 1086,
        "totalOtherIncomeExpenseNet": -337
      },
      {
        "costOfGoodsSold": 1151,
        "depreciationAmortization": 100,
        "dilutedAverageSharesOutstanding": 582.8,
        "dilutedEPS": -1.94,
        "ebit": 82,
        "grossIncome": 942,
        "interestIncomeExpense": -972,
        "minorityInterest": -18,
        "netIncome": -1128,
        "netIncomeAfterTaxes": -1110,
        "nonRecurringItems": -217,
        "otherOperatingExpensesTotal": 0,
        "period": "2018-03-31",
        "pretaxIncome": -1107,
        "provisionforIncomeTaxes": 3,
        "revenue": 2093,
        "sgaExpense": 760,
        "totalOperatingExpense": 860,
        "totalOtherIncomeExpenseNet": 0
      },
      {
        "costOfGoodsSold": 1139,
        "depreciationAmortization": 100,
        "dilutedAverageSharesOutstanding": 582.7,
        "dilutedEPS": -0.14,
        "ebit": 228,
        "grossIncome": 1041,
        "interestIncomeExpense": -17,
        "minorityInterest": -17,
        "netIncome": -83,
        "netIncomeAfterTaxes": 108,
        "nonRecurringItems": -42,
        "otherOperatingExpensesTotal": 1,
        "period": "2017-12-31",
        "pretaxIncome": 169,
        "provisionforIncomeTaxes": 61,
        "revenue": 2180,
        "sgaExpense": 712,
        "totalOperatingExpense": 813
      },
      {
        "costOfGoodsSold": 1149,
        "depreciationAmortization": 97,
        "dilutedAverageSharesOutstanding": 583.4,
        "dilutedEPS": 0.12,
        "ebit": 154,
        "grossIncome": 909,
        "interestIncomeExpense": 2,
        "minorityInterest": -19,
        "netIncome": 68,
        "netIncomeAfterTaxes": 87,
        "nonRecurringItems": -15,
        "otherOperatingExpensesTotal": -2,
        "period": "2017-09-30",
        "pretaxIncome": 141,
        "provisionforIncomeTaxes": 54,
        "revenue": 2058,
        "sgaExpense": 660,
        "totalOperatingExpense": 755
      },
      {
        "costOfGoodsSold": 1145,
        "depreciationAmortization": 100,
        "dilutedAverageSharesOutstanding": 582,
        "dilutedEPS": -0.74,
        "ebit": 108,
        "grossIncome": 935,
        "interestIncomeExpense": -13,
        "minorityInterest": -5,
        "netIncome": -430,
        "netIncomeAfterTaxes": -424,
        "nonRecurringItems": -503,
        "otherOperatingExpensesTotal": 7,
        "period": "2017-06-30",
        "pretaxIncome": -408,
        "provisionforIncomeTaxes": 16,
        "revenue": 2080,
        "sgaExpense": 720,
        "totalOperatingExpense": 827,
        "totalOtherIncomeExpenseNet": 0
      },
      {
        "costOfGoodsSold": 1101,
        "depreciationAmortization": 109,
        "dilutedAverageSharesOutstanding": 581.6,
        "dilutedEPS": -0.01,
        "ebit": 106,
        "grossIncome": 877,
        "interestIncomeExpense": -15,
        "minorityInterest": -5,
        "netIncome": -5,
        "netIncomeAfterTaxes": 0,
        "nonRecurringItems": -46,
        "otherOperatingExpensesTotal": 0,
        "period": "2017-03-31",
        "pretaxIncome": 45,
        "provisionforIncomeTaxes": 45,
        "revenue": 1978,
        "sgaExpense": 662,
        "totalOperatingExpense": 771,
        "totalOtherIncomeExpenseNet": 0
      },
      {
        "costOfGoodsSold": 1126,
        "depreciationAmortization": 120,
        "dilutedAverageSharesOutstanding": 581.4,
        "dilutedEPS": -0.5,
        "ebit": 207,
        "grossIncome": 990,
        "interestIncomeExpense": -212,
        "minorityInterest": -70,
        "netIncome": -290,
        "netIncomeAfterTaxes": -219,
        "nonRecurringItems": -246,
        "otherOperatingExpensesTotal": -2,
        "period": "2016-12-31",
        "pretaxIncome": -251,
        "provisionforIncomeTaxes": -32,
        "revenue": 2116,
        "sgaExpense": 665,
        "totalOperatingExpense": 783
      },
      {
        "costOfGoodsSold": 1157,
        "depreciationAmortization": 120,
        "dilutedAverageSharesOutstanding": 580.8,
        "dilutedEPS": -0.03,
        "ebit": 11,
        "grossIncome": 808,
        "interestIncomeExpense": 2,
        "minorityInterest": -15,
        "netIncome": -15,
        "netIncomeAfterTaxes": 0,
        "nonRecurringItems": -14,
        "otherOperatingExpensesTotal": -1,
        "period": "2016-09-30",
        "pretaxIncome": -1,
        "provisionforIncomeTaxes": -1,
        "revenue": 1965,
        "sgaExpense": 678,
        "totalOperatingExpense": 797
      },
      {
        "costOfGoodsSold": 1252,
        "depreciationAmortization": 135,
        "dilutedAverageSharesOutstanding": 582.5,
        "dilutedEPS": 0.16,
        "ebit": 90,
        "grossIncome": 974,
        "interestIncomeExpense": 14,
        "minorityInterest": -19,
        "netIncome": 89,
        "netIncomeAfterTaxes": 114,
        "nonRecurringItems": 96,
        "otherOperatingExpensesTotal": 14,
        "period": "2016-06-30",
        "pretaxIncome": 200,
        "provisionforIncomeTaxes": 86,
        "revenue": 2226,
        "sgaExpense": 735,
        "totalOperatingExpense": 884,
        "totalOtherIncomeExpenseNet": 0
      },
      {
        "costOfGoodsSold": 1084,
        "depreciationAmortization": 126,
        "dilutedAverageSharesOutstanding": 580.2,
        "dilutedEPS": -0.25,
        "ebit": 36,
        "grossIncome": 807,
        "interestIncomeExpense": 13,
        "minorityInterest": -19,
        "netIncome": -149,
        "netIncomeAfterTaxes": -128,
        "nonRecurringItems": -304,
        "otherOperatingExpensesTotal": -4,
        "period": "2016-03-31",
        "pretaxIncome": -226,
        "provisionforIncomeTaxes": -98,
        "revenue": 1891,
        "sgaExpense": 649,
        "totalOperatingExpense": 771,
        "totalOtherIncomeExpenseNet": 29
      },
      {
        "costOfGoodsSold": 1193,
        "depreciationAmortization": 123,
        "dilutedAverageSharesOutstanding": 582.7,
        "dilutedEPS": 0.1,
        "ebit": 151,
        "grossIncome": 968,
        "interestIncomeExpense": 26,
        "minorityInterest": -19,
        "netIncome": 62,
        "netIncomeAfterTaxes": 106,
        "nonRecurringItems": -22,
        "otherOperatingExpensesTotal": 6,
        "period": "2015-12-31",
        "pretaxIncome": 155,
        "provisionforIncomeTaxes": 49,
        "revenue": 2161,
        "sgaExpense": 688,
        "totalOperatingExpense": 817
      },
      {
        "costOfGoodsSold": 1199,
        "depreciationAmortization": 121,
        "dilutedAverageSharesOutstanding": 582.7,
        "dilutedEPS": 0.3,
        "ebit": 49,
        "grossIncome": 815,
        "interestIncomeExpense": 20,
        "minorityInterest": -14,
        "netIncome": 175,
        "netIncomeAfterTaxes": 143,
        "nonRecurringItems": -17,
        "otherOperatingExpensesTotal": -5,
        "period": "2015-09-30",
        "pretaxIncome": 52,
        "provisionforIncomeTaxes": -91,
        "revenue": 2014,
        "sgaExpense": 650,
        "totalOperatingExpense": 766
      }
    ],
    "symbol": "NWSA"
  }
}