{
  "symbol": "CBRE",
  "statement": "ic",
  "frequency": "annual",
  "timestamp": "2025-09-19T13:57:33.526205",
  "data": {
    "financials": [
      {
        "costOfGoodsSold": 28687,
        "depreciationAmortization": 701,
        "dilutedAverageSharesOutstanding": 308.0336,
        "dilutedEPS": 3.1425,
        "ebit": 1526,
        "grossIncome": 7080,
        "interestExpense": 440,
        "interestIncomeExpense": -234,
        "minorityInterest": -68,
        "netIncome": 968,
        "netIncomeAfterTaxes": 1036,
        "nonRecurringItems": -113,
        "period": "2024-12-31",
        "pretaxIncome": 1218,
        "provisionforIncomeTaxes": 182,
        "revenue": 35767,
        "sgaExpense": 4853,
        "totalOperatingExpense": 5554,
        "totalOtherIncomeExpenseNet": 39,
        "year": 2024
      },
      {
        "costOfGoodsSold": 25625.8,
        "depreciationAmortization": 647.2,
        "dilutedAverageSharesOutstanding": 312.5509,
        "dilutedEPS": 3.1547,
        "ebit": 1090,
        "grossIncome": 6323.2,
        "interestExpense": 243.2,
        "interestIncomeExpense": 99,
        "minorityInterest": -41,
        "netIncome": 986,
        "netIncomeAfterTaxes": 1027,
        "nonRecurringItems": 27,
        "period": "2023-12-31",
        "pretaxIncome": 1277,
        "provisionforIncomeTaxes": 250,
        "revenue": 31949,
        "sgaExpense": 4586,
        "totalOperatingExpense": 5233.2,
        "totalOtherIncomeExpenseNet": 61,
        "year": 2023
      },
      {
        "costOfGoodsSold": 24189,
        "depreciationAmortization": 639,
        "dilutedAverageSharesOutstanding": 328,
        "dilutedEPS": 4.29,
        "ebit": 1326,
        "grossIncome": 6639,
        "interestExpense": 97.5,
        "interestIncomeExpense": 160,
        "minorityInterest": -17,
        "netIncome": 1407,
        "netIncomeAfterTaxes": 1424,
        "nonRecurringItems": 184,
        "period": "2022-12-31",
        "pretaxIncome": 1658,
        "provisionforIncomeTaxes": 234,
        "revenue": 30828,
        "sgaExpense": 4673,
        "totalOperatingExpense": 5313,
        "totalOtherIncomeExpenseNet": -12,
        "year": 2022
      },
      {
        "costOfGoodsSold": 21531,
        "depreciationAmortization": 558,
        "dilutedAverageSharesOutstanding": 340,
        "dilutedEPS": 5.41,
        "ebit": 1566,
        "grossIncome": 6215,
        "interestExpense": 68.3,
        "interestIncomeExpense": 568,
        "minorityInterest": -5,
        "netIncome": 1837,
        "netIncomeAfterTaxes": 1842,
        "nonRecurringItems": 71,
        "period": "2021-12-31",
        "pretaxIncome": 2409,
        "provisionforIncomeTaxes": 568,
        "revenue": 27746,
        "sgaExpense": 4091,
        "totalOperatingExpense": 4649,
        "totalOtherIncomeExpenseNet": 204,
        "year": 2021
      },
      {
        "costOfGoodsSold": 18990,
        "depreciationAmortization": 534,
        "dilutedAverageSharesOutstanding": 338,
        "dilutedEPS": 2.22,
        "ebit": 1008,
        "grossIncome": 4836,
        "interestExpense": 82.9,
        "interestIncomeExpense": 58,
        "minorityInterest": -4,
        "netIncome": 752,
        "netIncomeAfterTaxes": 756,
        "nonRecurringItems": -114,
        "period": "2020-12-31",
        "pretaxIncome": 970,
        "provisionforIncomeTaxes": 214,
        "revenue": 23826,
        "sgaExpense": 3293,
        "totalOperatingExpense": 3828,
        "totalOtherIncomeExpenseNet": 17,
        "year": 2020
      },
      {
        "costOfGoodsSold": 18646,
        "depreciationAmortization": 465,
        "dilutedAverageSharesOutstanding": 341,
        "dilutedEPS": 3.77,
        "ebit": 1330,
        "grossIncome": 5248,
        "interestExpense": 103,
        "interestIncomeExpense": 75,
        "minorityInterest": -9,
        "netIncome": 1282,
        "netIncomeAfterTaxes": 1291,
        "nonRecurringItems": -73,
        "period": "2019-12-31",
        "pretaxIncome": 1361,
        "provisionforIncomeTaxes": 70,
        "revenue": 23894,
        "sgaExpense": 3454,
        "totalOperatingExpense": 3918,
        "totalOtherIncomeExpenseNet": 29,
        "year": 2019
      },
      {
        "costOfGoodsSold": 16449,
        "depreciationAmortization": 452,
        "dilutedAverageSharesOutstanding": 343,
        "dilutedEPS": 3.09,
        "ebit": 1073,
        "grossIncome": 4891,
        "interestExpense": 107.27,
        "interestIncomeExpense": 226,
        "minorityInterest": -3,
        "netIncome": 1063,
        "netIncomeAfterTaxes": 1079,
        "nonRecurringItems": -13,
        "period": "2018-12-31",
        "pretaxIncome": 1379,
        "provisionforIncomeTaxes": 300,
        "revenue": 21340,
        "sgaExpense": 3366,
        "totalOperatingExpense": 3818,
        "totalOtherIncomeExpenseNet": 93,
        "year": 2018
      },
      {
        "costOfGoodsSold": 14305,
        "depreciationAmortization": 406,
        "dilutedAverageSharesOutstanding": 341,
        "dilutedEPS": 2.04,
        "ebit": 1059,
        "grossIncome": 4324,
        "interestExpense": 136.814,
        "interestIncomeExpense": 83,
        "minorityInterest": -6,
        "netIncome": 697,
        "netIncomeAfterTaxes": 847,
        "nonRecurringItems": 20,
        "period": "2017-12-31",
        "pretaxIncome": 1171,
        "provisionforIncomeTaxes": 324,
        "revenue": 18629,
        "sgaExpense": 2859,
        "totalOperatingExpense": 3265,
        "totalOtherIncomeExpenseNet": 9,
        "year": 2017
      },
      {
        "costOfGoodsSold": 13421,
        "depreciationAmortization": 367,
        "dilutedAverageSharesOutstanding": 338,
        "dilutedEPS": 1.69,
        "ebit": 801,
        "grossIncome": 3948,
        "interestExpense": 144.851,
        "interestIncomeExpense": 61,
        "minorityInterest": -12,
        "netIncome": 573,
        "netIncomeAfterTaxes": 585,
        "nonRecurringItems": 16,
        "period": "2016-12-31",
        "pretaxIncome": 882,
        "provisionforIncomeTaxes": 297,
        "revenue": 17369,
        "sgaExpense": 2780,
        "totalOperatingExpense": 3147,
        "totalOtherIncomeExpenseNet": 5,
        "year": 2016
      },
      {
        "costOfGoodsSold": 7083,
        "depreciationAmortization": 314,
        "dilutedAverageSharesOutstanding": 336,
        "dilutedEPS": 1.63,
        "ebit": 825,
        "grossIncome": 3773,
        "interestExpense": 118.88,
        "interestIncomeExpense": 50,
        "minorityInterest": -12,
        "netIncome": 547,
        "netIncomeAfterTaxes": 559,
        "nonRecurringItems": 8,
        "period": "2015-12-31",
        "pretaxIncome": 880,
        "provisionforIncomeTaxes": 321,
        "revenue": 10856,
        "sgaExpense": 2634,
        "totalOperatingExpense": 2948,
        "totalOtherIncomeExpenseNet": -4,
        "year": 2015
      }
    ],
    "symbol": "CBRE"
  }
}