{
  "symbol": "NRG",
  "statement": "ic",
  "frequency": "quarterly",
  "timestamp": "2025-09-19T14:04:50.063168",
  "data": {
    "financials": [
      {
        "costOfGoodsSold": 5629,
        "depreciationAmortization": 344,
        "dilutedAverageSharesOutstanding": 196,
        "dilutedEPS": -0.6173,
        "ebit": 43,
        "grossIncome": 1111,
        "interestIncomeExpense": -147,
        "netIncome": -121,
        "netIncomeAfterTaxes": -104,
        "nonRecurringItems": -53,
        "period": "2025-06-30",
        "pretaxIncome": -153,
        "provisionforIncomeTaxes": -49,
        "revenue": 6740,
        "sgaExpense": 724,
        "totalOperatingExpense": 1068,
        "totalOtherIncomeExpenseNet": 4
      },
      {
        "costOfGoodsSold": 6561,
        "depreciationAmortization": 326,
        "dilutedAverageSharesOutstanding": 203,
        "dilutedEPS": 3.6108,
        "ebit": 1149,
        "grossIncome": 2024,
        "interestExpense": 163,
        "interestIncomeExpense": -161,
        "netIncome": 733,
        "netIncomeAfterTaxes": 750,
        "nonRecurringItems": -15,
        "period": "2025-03-31",
        "pretaxIncome": 985,
        "provisionforIncomeTaxes": 235,
        "revenue": 8585,
        "sgaExpense": 549,
        "totalOperatingExpense": 875,
        "totalOtherIncomeExpenseNet": 12
      },
      {
        "costOfGoodsSold": 4871,
        "depreciationAmortization": 358,
        "dilutedAverageSharesOutstanding": 209,
        "dilutedEPS": 3,
        "ebit": 984,
        "grossIncome": 1948,
        "interestExpense": 123,
        "interestIncomeExpense": -116,
        "netIncome": 627,
        "netIncomeAfterTaxes": 643,
        "nonRecurringItems": -159,
        "period": "2024-12-31",
        "pretaxIncome": 715,
        "provisionforIncomeTaxes": 72,
        "revenue": 6819,
        "sgaExpense": 606,
        "totalOperatingExpense": 964,
        "totalOtherIncomeExpenseNet": 6
      },
      {
        "costOfGoodsSold": 7239,
        "depreciationAmortization": 352,
        "dilutedAverageSharesOutstanding": 207,
        "dilutedEPS": -3.79,
        "ebit": -1013,
        "grossIncome": -16,
        "interestExpense": 213,
        "interestIncomeExpense": -207,
        "netIncome": -784,
        "netIncomeAfterTaxes": -767,
        "nonRecurringItems": 201,
        "period": "2024-09-30",
        "pretaxIncome": -1014,
        "provisionforIncomeTaxes": -247,
        "revenue": 7223,
        "sgaExpense": 645,
        "totalOperatingExpense": 997,
        "totalOtherIncomeExpenseNet": 5
      },
      {
        "costOfGoodsSold": 4356,
        "depreciationAmortization": 285,
        "dilutedAverageSharesOutstanding": 214,
        "dilutedEPS": 3.37,
        "ebit": 1426,
        "grossIncome": 2303,
        "interestExpense": 163,
        "interestIncomeExpense": -159,
        "netIncome": 721,
        "netIncomeAfterTaxes": 738,
        "nonRecurringItems": -218,
        "period": "2024-06-30",
        "pretaxIncome": 1052,
        "provisionforIncomeTaxes": 314,
        "revenue": 6659,
        "sgaExpense": 592,
        "totalOperatingExpense": 877,
        "totalOtherIncomeExpenseNet": 3
      },
      {
        "costOfGoodsSold": 5685,
        "depreciationAmortization": 268,
        "dilutedAverageSharesOutstanding": 214,
        "dilutedEPS": 2.31,
        "ebit": 885,
        "grossIncome": 1744,
        "interestExpense": 152,
        "interestIncomeExpense": -149,
        "netIncome": 494,
        "netIncomeAfterTaxes": 511,
        "nonRecurringItems": -71,
        "period": "2024-03-31",
        "pretaxIncome": 695,
        "provisionforIncomeTaxes": 184,
        "revenue": 7429,
        "sgaExpense": 591,
        "totalOperatingExpense": 859,
        "totalOtherIncomeExpenseNet": 30
      },
      {
        "costOfGoodsSold": 6365,
        "depreciationAmortization": 314,
        "dilutedAverageSharesOutstanding": 222,
        "dilutedEPS": 2.1,
        "ebit": -505,
        "grossIncome": 442,
        "interestExpense": 195,
        "interestIncomeExpense": -195,
        "netIncome": 466,
        "netIncomeAfterTaxes": 482,
        "nonRecurringItems": 1349,
        "period": "2023-12-31",
        "pretaxIncome": 653,
        "provisionforIncomeTaxes": 171,
        "revenue": 6807,
        "sgaExpense": 633,
        "totalOperatingExpense": 947,
        "totalOtherIncomeExpenseNet": 4
      },
      {
        "costOfGoodsSold": 6421,
        "depreciationAmortization": 308,
        "dilutedAverageSharesOutstanding": 232,
        "dilutedEPS": 1.41,
        "ebit": 579,
        "grossIncome": 1525,
        "interestExpense": 173,
        "interestIncomeExpense": -167,
        "netIncome": 326,
        "netIncomeAfterTaxes": 343,
        "nonRecurringItems": -18,
        "period": "2023-09-30",
        "pretaxIncome": 408,
        "provisionforIncomeTaxes": 65,
        "revenue": 7946,
        "sgaExpense": 638,
        "totalOperatingExpense": 946,
        "totalOtherIncomeExpenseNet": 14
      },
      {
        "costOfGoodsSold": 4962,
        "depreciationAmortization": 315,
        "dilutedAverageSharesOutstanding": 232,
        "dilutedEPS": 1.25,
        "ebit": 549,
        "grossIncome": 1386,
        "interestExpense": 151,
        "interestIncomeExpense": -146,
        "netIncome": 291,
        "netIncomeAfterTaxes": 308,
        "nonRecurringItems": -19,
        "period": "2023-06-30",
        "pretaxIncome": 397,
        "provisionforIncomeTaxes": 89,
        "revenue": 6348,
        "sgaExpense": 522,
        "totalOperatingExpense": 837,
        "totalOtherIncomeExpenseNet": 13
      },
      {
        "costOfGoodsSold": 8778,
        "depreciationAmortization": 190,
        "dilutedAverageSharesOutstanding": 230,
        "dilutedEPS": -5.82,
        "ebit": -1672,
        "grossIncome": -1056,
        "interestExpense": 148,
        "interestIncomeExpense": -143,
        "netIncome": -1339,
        "netIncomeAfterTaxes": -1335,
        "nonRecurringItems": 128,
        "period": "2023-03-31",
        "pretaxIncome": -1671,
        "provisionforIncomeTaxes": -336,
        "revenue": 7722,
        "sgaExpense": 426,
        "totalOperatingExpense": 616,
        "totalOtherIncomeExpenseNet": 16
      },
      {
        "costOfGoodsSold": 8827,
        "depreciationAmortization": 149,
        "dilutedAverageSharesOutstanding": 230,
        "dilutedEPS": -4.76,
        "ebit": -1284,
        "grossIncome": -972,
        "interestExpense": 104,
        "interestIncomeExpense": -98,
        "netIncome": -1095,
        "netIncomeAfterTaxes": -1095,
        "nonRecurringItems": -33,
        "period": "2022-12-31",
        "pretaxIncome": -1392,
        "provisionforIncomeTaxes": -297,
        "revenue": 7855,
        "sgaExpense": 163,
        "totalOperatingExpense": 312,
        "totalOtherIncomeExpenseNet": 23
      },
      {
        "costOfGoodsSold": 7802,
        "depreciationAmortization": 145,
        "dilutedAverageSharesOutstanding": 235,
        "dilutedEPS": 0.29,
        "ebit": 185,
        "grossIncome": 708,
        "interestExpense": 105,
        "interestIncomeExpense": -94,
        "netIncome": 67,
        "netIncomeAfterTaxes": 67,
        "nonRecurringItems": -29,
        "period": "2022-09-30",
        "pretaxIncome": 83,
        "provisionforIncomeTaxes": 16,
        "revenue": 8510,
        "sgaExpense": 378,
        "totalOperatingExpense": 523,
        "totalOtherIncomeExpenseNet": 21
      },
      {
        "costOfGoodsSold": 5887,
        "depreciationAmortization": 157,
        "dilutedAverageSharesOutstanding": 237,
        "dilutedEPS": 2.16,
        "ebit": 887,
        "grossIncome": 1395,
        "interestExpense": 105,
        "interestIncomeExpense": -101,
        "netIncome": 513,
        "netIncomeAfterTaxes": 513,
        "nonRecurringItems": -133,
        "period": "2022-06-30",
        "pretaxIncome": 665,
        "provisionforIncomeTaxes": 152,
        "revenue": 7282,
        "sgaExpense": 351,
        "totalOperatingExpense": 508,
        "totalOtherIncomeExpenseNet": 12
      },
      {
        "costOfGoodsSold": 4930,
        "depreciationAmortization": 183,
        "dilutedAverageSharesOutstanding": 242,
        "dilutedEPS": 7.17,
        "ebit": 2436,
        "grossIncome": 2966,
        "interestExpense": 103,
        "interestIncomeExpense": -118,
        "netIncome": 1736,
        "netIncomeAfterTaxes": 1736,
        "nonRecurringItems": -11,
        "period": "2022-03-31",
        "pretaxIncome": 2307,
        "provisionforIncomeTaxes": 571,
        "revenue": 7896,
        "sgaExpense": 347,
        "totalOperatingExpense": 530,
        "totalOtherIncomeExpenseNet": 0
      },
      {
        "costOfGoodsSold": 6986,
        "depreciationAmortization": 216,
        "dilutedAverageSharesOutstanding": 245,
        "dilutedEPS": -1.74,
        "ebit": -459,
        "grossIncome": 60,
        "interestExpense": 111,
        "interestIncomeExpense": -117,
        "minorityInterest": 0,
        "netIncome": -427,
        "netIncomeAfterTaxes": -427,
        "nonRecurringItems": -40,
        "period": "2021-12-31",
        "pretaxIncome": -595,
        "provisionforIncomeTaxes": -168,
        "revenue": 7046,
        "sgaExpense": 303,
        "totalOperatingExpense": 519,
        "totalOtherIncomeExpenseNet": 21
      },
      {
        "costOfGoodsSold": 3692,
        "depreciationAmortization": 199,
        "dilutedAverageSharesOutstanding": 245,
        "dilutedEPS": 6.6,
        "ebit": 2336,
        "grossIncome": 2917,
        "interestExpense": 122,
        "interestIncomeExpense": -107,
        "netIncome": 1618,
        "netIncomeAfterTaxes": 1618,
        "nonRecurringItems": -74,
        "period": "2021-09-30",
        "pretaxIncome": 2163,
        "provisionforIncomeTaxes": 545,
        "revenue": 6609,
        "sgaExpense": 382,
        "totalOperatingExpense": 581,
        "totalOtherIncomeExpenseNet": 8
      },
      {
        "costOfGoodsSold": 2957,
        "depreciationAmortization": 53,
        "dilutedAverageSharesOutstanding": 245,
        "dilutedEPS": 4.4,
        "ebit": 1885,
        "grossIncome": 2286,
        "interestExpense": 125,
        "interestIncomeExpense": -111,
        "netIncome": 1078,
        "netIncomeAfterTaxes": 1078,
        "nonRecurringItems": -328,
        "period": "2021-06-30",
        "pretaxIncome": 1458,
        "provisionforIncomeTaxes": 380,
        "revenue": 5243,
        "sgaExpense": 348,
        "totalOperatingExpense": 401,
        "totalOtherIncomeExpenseNet": 12
      },
      {
        "costOfGoodsSold": 6864,
        "depreciationAmortization": 317,
        "dilutedAverageSharesOutstanding": 245,
        "dilutedEPS": -0.33,
        "ebit": -31,
        "grossIncome": 1227,
        "interestExpense": 127,
        "interestIncomeExpense": -133,
        "netIncome": -82,
        "netIncomeAfterTaxes": -82,
        "nonRecurringItems": -25,
        "period": "2021-03-31",
        "pretaxIncome": -167,
        "provisionforIncomeTaxes": -85,
        "revenue": 8091,
        "sgaExpense": 941,
        "totalOperatingExpense": 1258,
        "totalOtherIncomeExpenseNet": 22
      },
      {
        "costOfGoodsSold": 1615,
        "depreciationAmortization": 117,
        "dilutedAverageSharesOutstanding": 242,
        "dilutedEPS": -0.71,
        "ebit": 47,
        "grossIncome": 412,
        "interestExpense": 109,
        "interestIncomeExpense": -129,
        "minorityInterest": 0,
        "netIncome": -173,
        "netIncomeAfterTaxes": -173,
        "nonRecurringItems": -71,
        "period": "2020-12-31",
        "pretaxIncome": -138,
        "provisionforIncomeTaxes": 35,
        "researchDevelopment": 2,
        "revenue": 2027,
        "sgaExpense": 246,
        "totalOperatingExpense": 365,
        "totalOtherIncomeExpenseNet": 15
      },
      {
        "costOfGoodsSold": 2034,
        "depreciationAmortization": 99,
        "dilutedAverageSharesOutstanding": 245,
        "dilutedEPS": 1.02,
        "ebit": 422,
        "grossIncome": 775,
        "interestExpense": 99,
        "interestIncomeExpense": -63,
        "minorityInterest": 0,
        "netIncome": 249,
        "netIncomeAfterTaxes": 249,
        "nonRecurringItems": -29,
        "period": "2020-09-30",
        "pretaxIncome": 341,
        "provisionforIncomeTaxes": 92,
        "researchDevelopment": 1,
        "revenue": 2809,
        "sgaExpense": 253,
        "totalOperatingExpense": 353,
        "totalOtherIncomeExpenseNet": 11
      },
      {
        "costOfGoodsSold": 1434,
        "depreciationAmortization": 110,
        "dilutedAverageSharesOutstanding": 246,
        "dilutedEPS": 1.27,
        "ebit": 484,
        "grossIncome": 804,
        "interestExpense": 96,
        "interestIncomeExpense": -84,
        "minorityInterest": 0,
        "netIncome": 313,
        "netIncomeAfterTaxes": 313,
        "nonRecurringItems": 0,
        "period": "2020-06-30",
        "pretaxIncome": 414,
        "provisionforIncomeTaxes": 101,
        "researchDevelopment": 2,
        "revenue": 2238,
        "sgaExpense": 208,
        "totalOperatingExpense": 320,
        "totalOtherIncomeExpenseNet": 14
      },
      {
        "costOfGoodsSold": 1457,
        "depreciationAmortization": 109,
        "dilutedAverageSharesOutstanding": 249,
        "dilutedEPS": 0.49,
        "ebit": 241,
        "grossIncome": 562,
        "interestExpense": 98,
        "interestIncomeExpense": -109,
        "netIncome": 121,
        "netIncomeAfterTaxes": 121,
        "nonRecurringItems": -15,
        "period": "2020-03-31",
        "pretaxIncome": 144,
        "provisionforIncomeTaxes": 23,
        "researchDevelopment": 3,
        "revenue": 2019,
        "sgaExpense": 209,
        "totalOperatingExpense": 321,
        "totalOtherIncomeExpenseNet": 27
      },
      {
        "costOfGoodsSold": 1654,
        "depreciationAmortization": 112,
        "dilutedAverageSharesOutstanding": 252,
        "dilutedEPS": 13.42,
        "ebit": 215,
        "grossIncome": 541,
        "interestExpense": 95,
        "interestIncomeExpense": -101,
        "minorityInterest": -2,
        "netIncome": 3383,
        "netIncomeAfterTaxes": 3463,
        "nonRecurringItems": -11,
        "period": "2019-12-31",
        "pretaxIncome": 120,
        "provisionforIncomeTaxes": -3343,
        "researchDevelopment": 2,
        "revenue": 2195,
        "sgaExpense": 212,
        "totalOperatingExpense": 326,
        "totalOtherIncomeExpenseNet": 17
      },
      {
        "costOfGoodsSold": 2153,
        "depreciationAmortization": 91,
        "dilutedAverageSharesOutstanding": 256,
        "dilutedEPS": 1.46,
        "ebit": 541,
        "grossIncome": 843,
        "interestExpense": 99,
        "interestIncomeExpense": -70,
        "minorityInterest": 0,
        "netIncome": 372,
        "netIncomeAfterTaxes": 374,
        "nonRecurringItems": -108,
        "period": "2019-09-30",
        "pretaxIncome": 380,
        "provisionforIncomeTaxes": 6,
        "researchDevelopment": 1,
        "revenue": 2996,
        "sgaExpense": 210,
        "totalOperatingExpense": 302,
        "totalOtherIncomeExpenseNet": 17
      },
      {
        "costOfGoodsSold": 1845,
        "depreciationAmortization": 85,
        "dilutedAverageSharesOutstanding": 267,
        "dilutedEPS": 0.75,
        "ebit": 322,
        "grossIncome": 620,
        "interestExpense": 105,
        "interestIncomeExpense": -105,
        "minorityInterest": -1,
        "netIncome": 201,
        "netIncomeAfterTaxes": 189,
        "nonRecurringItems": -49,
        "period": "2019-06-30",
        "pretaxIncome": 188,
        "provisionforIncomeTaxes": -1,
        "researchDevelopment": 2,
        "revenue": 2465,
        "sgaExpense": 211,
        "totalOperatingExpense": 298,
        "totalOtherIncomeExpenseNet": 20
      },
      {
        "costOfGoodsSold": 1651,
        "depreciationAmortization": 85,
        "dilutedAverageSharesOutstanding": 280,
        "dilutedEPS": 1.72,
        "ebit": 233,
        "grossIncome": 514,
        "interestExpense": 114,
        "interestIncomeExpense": -135,
        "minorityInterest": 0,
        "netIncome": 482,
        "netIncomeAfterTaxes": 94,
        "nonRecurringItems": -12,
        "period": "2019-03-31",
        "pretaxIncome": 98,
        "provisionforIncomeTaxes": 4,
        "researchDevelopment": 2,
        "revenue": 2165,
        "sgaExpense": 194,
        "totalOperatingExpense": 281,
        "totalOtherIncomeExpenseNet": 12
      },
      {
        "costOfGoodsSold": 1378,
        "depreciationAmortization": 51,
        "dilutedAverageSharesOutstanding": 289,
        "dilutedEPS": -0.04,
        "ebit": 44,
        "grossIncome": 305,
        "interestExpense": 122,
        "interestIncomeExpense": -139,
        "minorityInterest": 1,
        "netIncome": -12,
        "netIncomeAfterTaxes": -141,
        "nonRecurringItems": -80,
        "otherOperatingExpensesTotal": 0,
        "period": "2018-12-31",
        "pretaxIncome": -153,
        "provisionforIncomeTaxes": -12,
        "researchDevelopment": 2,
        "revenue": 1683,
        "sgaExpense": 208,
        "totalOperatingExpense": 261,
        "totalOtherIncomeExpenseNet": 22
      },
      {
        "costOfGoodsSold": 2307,
        "depreciationAmortization": 112,
        "dilutedAverageSharesOutstanding": 299,
        "dilutedEPS": -0.24,
        "ebit": 429,
        "grossIncome": 754,
        "interestExpense": 121,
        "interestIncomeExpense": -101,
        "minorityInterest": -24,
        "netIncome": -72,
        "netIncomeAfterTaxes": 306,
        "nonRecurringItems": -32,
        "otherOperatingExpensesTotal": 0,
        "period": "2018-09-30",
        "pretaxIncome": 313,
        "provisionforIncomeTaxes": 7,
        "researchDevelopment": 1,
        "revenue": 3061,
        "sgaExpense": 212,
        "totalOperatingExpense": 325,
        "totalOtherIncomeExpenseNet": 17
      },
      {
        "costOfGoodsSold": 1889,
        "depreciationAmortization": 112,
        "dilutedAverageSharesOutstanding": 314,
        "dilutedEPS": 0.22,
        "ebit": 257,
        "grossIncome": 576,
        "interestExpense": 123,
        "interestIncomeExpense": -118,
        "minorityInterest": -24,
        "netIncome": 72,
        "netIncomeAfterTaxes": 27,
        "nonRecurringItems": -84,
        "otherOperatingExpensesTotal": 4,
        "period": "2018-06-30",
        "pretaxIncome": 32,
        "provisionforIncomeTaxes": 5,
        "researchDevelopment": 3,
        "revenue": 2465,
        "sgaExpense": 200,
        "totalOperatingExpense": 319,
        "totalOtherIncomeExpenseNet": -23
      },
      {
        "costOfGoodsSold": 1385,
        "depreciationAmortization": 120,
        "dilutedAverageSharesOutstanding": 322,
        "dilutedEPS": 0.88,
        "ebit": 379,
        "grossIncome": 680,
        "interestExpense": 116,
        "interestIncomeExpense": -115,
        "minorityInterest": 46,
        "netIncome": 279,
        "netIncomeAfterTaxes": 238,
        "nonRecurringItems": -20,
        "period": "2018-03-31",
        "pretaxIncome": 244,
        "provisionforIncomeTaxes": 6,
        "researchDevelopment": 5,
        "revenue": 2065,
        "sgaExpense": 176,
        "totalOperatingExpense": 301,
        "totalOtherIncomeExpenseNet": 0
      },
      {
        "costOfGoodsSold": 1297,
        "depreciationAmortization": 106,
        "dilutedAverageSharesOutstanding": 317,
        "dilutedEPS": -4.83,
        "ebit": 219,
        "grossIncome": 531,
        "interestExpense": 125,
        "interestIncomeExpense": -119,
        "minorityInterest": 121,
        "netIncome": -1534,
        "netIncomeAfterTaxes": -1461,
        "nonRecurringItems": -1616,
        "otherOperatingExpensesTotal": 0,
        "period": "2017-12-31",
        "pretaxIncome": -1508,
        "provisionforIncomeTaxes": -47,
        "researchDevelopment": 4,
        "revenue": 1828,
        "sgaExpense": 202,
        "totalOperatingExpense": 312,
        "totalOtherIncomeExpenseNet": 8
      },
      {
        "costOfGoodsSold": 2072,
        "depreciationAmortization": 163,
        "dilutedAverageSharesOutstanding": 322,
        "dilutedEPS": 0.53,
        "ebit": 309,
        "grossIncome": 668,
        "interestExpense": 139,
        "interestIncomeExpense": -130,
        "minorityInterest": 8,
        "netIncome": 171,
        "netIncomeAfterTaxes": 185,
        "nonRecurringItems": -12,
        "otherOperatingExpensesTotal": 0,
        "period": "2017-09-30",
        "pretaxIncome": 186,
        "provisionforIncomeTaxes": 1,
        "researchDevelopment": 6,
        "revenue": 2740,
        "sgaExpense": 190,
        "totalOperatingExpense": 359,
        "totalOtherIncomeExpenseNet": 19
      },
      {
        "costOfGoodsSold": 1658,
        "depreciationAmortization": 70,
        "dilutedAverageSharesOutstanding": 321.484,
        "dilutedEPS": -1.94,
        "ebit": 255,
        "grossIncome": 466,
        "interestExpense": 69,
        "interestIncomeExpense": -103,
        "minorityInterest": 16,
        "netIncome": -626,
        "netIncomeAfterTaxes": 100,
        "nonRecurringItems": -61,
        "otherOperatingExpensesTotal": -39,
        "period": "2017-06-30",
        "pretaxIncome": 107,
        "provisionforIncomeTaxes": 7,
        "researchDevelopment": -5,
        "revenue": 2124,
        "sgaExpense": 185,
        "totalOperatingExpense": 211,
        "totalOtherIncomeExpenseNet": 16
      },
      {
        "costOfGoodsSold": 1859,
        "depreciationAmortization": 257,
        "dilutedAverageSharesOutstanding": 316,
        "dilutedEPS": -0.51,
        "ebit": 38,
        "grossIncome": 523,
        "interestExpense": 224,
        "interestIncomeExpense": -219,
        "minorityInterest": 39,
        "netIncome": -164,
        "netIncomeAfterTaxes": -169,
        "nonRecurringItems": -1,
        "otherOperatingExpensesTotal": -48,
        "period": "2017-03-31",
        "pretaxIncome": -174,
        "provisionforIncomeTaxes": -5,
        "researchDevelopment": 17,
        "revenue": 2382,
        "sgaExpense": 259,
        "totalOperatingExpense": 485,
        "totalOtherIncomeExpenseNet": 8
      },
      {
        "costOfGoodsSold": 1590,
        "depreciationAmortization": 346,
        "dilutedAverageSharesOutstanding": 319,
        "dilutedEPS": -3.09,
        "ebit": -21,
        "grossIncome": 594,
        "interestExpense": 177,
        "interestIncomeExpense": -163,
        "minorityInterest": 68,
        "netIncome": -987,
        "netIncomeAfterTaxes": -891,
        "nonRecurringItems": -782,
        "otherOperatingExpensesTotal": -49,
        "period": "2016-12-31",
        "pretaxIncome": -961,
        "provisionforIncomeTaxes": -70,
        "researchDevelopment": 24,
        "revenue": 2184,
        "sgaExpense": 294,
        "totalOperatingExpense": 615,
        "totalOtherIncomeExpenseNet": 5
      },
      {
        "costOfGoodsSold": 2440,
        "depreciationAmortization": 298,
        "dilutedAverageSharesOutstanding": 317,
        "dilutedEPS": 1.26,
        "ebit": 433,
        "grossIncome": 981,
        "interestExpense": 237,
        "interestIncomeExpense": -221,
        "minorityInterest": 9,
        "netIncome": 402,
        "netIncomeAfterTaxes": 128,
        "nonRecurringItems": -63,
        "otherOperatingExpensesTotal": -48,
        "period": "2016-09-30",
        "pretaxIncome": 156,
        "provisionforIncomeTaxes": 28,
        "researchDevelopment": 21,
        "revenue": 3421,
        "sgaExpense": 277,
        "totalOperatingExpense": 548,
        "totalOtherIncomeExpenseNet": 7
      },
      {
        "costOfGoodsSold": 1443,
        "depreciationAmortization": 262,
        "dilutedAverageSharesOutstanding": 315,
        "dilutedEPS": -0.61,
        "ebit": 307,
        "grossIncome": 805,
        "interestExpense": 237,
        "interestIncomeExpense": -233,
        "minorityInterest": 5,
        "netIncome": -193,
        "netIncomeAfterTaxes": -163,
        "nonRecurringItems": -217,
        "otherOperatingExpensesTotal": -48,
        "period": "2016-06-30",
        "pretaxIncome": -138,
        "provisionforIncomeTaxes": 25,
        "researchDevelopment": 18,
        "revenue": 2248,
        "sgaExpense": 266,
        "totalOperatingExpense": 498,
        "totalOtherIncomeExpenseNet": 5
      },
      {
        "costOfGoodsSold": 1828,
        "depreciationAmortization": 266,
        "dilutedAverageSharesOutstanding": 315,
        "dilutedEPS": 0.24,
        "ebit": 333,
        "grossIncome": 831,
        "interestExpense": 242,
        "interestIncomeExpense": -249,
        "minorityInterest": 35,
        "netIncome": 77,
        "netIncomeAfterTaxes": -57,
        "nonRecurringItems": -136,
        "otherOperatingExpensesTotal": -48,
        "period": "2016-03-31",
        "pretaxIncome": -35,
        "provisionforIncomeTaxes": 22,
        "researchDevelopment": 26,
        "revenue": 2659,
        "sgaExpense": 254,
        "totalOperatingExpense": 498,
        "totalOtherIncomeExpenseNet": 17
      },
      {
        "costOfGoodsSold": 2225,
        "depreciationAmortization": 393,
        "dilutedAverageSharesOutstanding": 314,
        "dilutedEPS": -20.12,
        "ebit": 27,
        "grossIncome": 795,
        "interestExpense": 273,
        "interestIncomeExpense": -280,
        "minorityInterest": 44,
        "netIncome": -6319,
        "netIncomeAfterTaxes": -6358,
        "nonRecurringItems": -4726,
        "period": "2015-12-31",
        "pretaxIncome": -4973,
        "provisionforIncomeTaxes": 1385,
        "researchDevelopment": 41,
        "revenue": 3020,
        "sgaExpense": 334,
        "totalOperatingExpense": 768,
        "totalOtherIncomeExpenseNet": 6
      },
      {
        "costOfGoodsSold": 3042,
        "depreciationAmortization": 382,
        "dilutedAverageSharesOutstanding": 332,
        "dilutedEPS": 0.18,
        "ebit": 645,
        "grossIncome": 1392,
        "interestExpense": 291,
        "interestIncomeExpense": -267,
        "minorityInterest": -1,
        "netIncome": 61,
        "netIncomeAfterTaxes": 67,
        "nonRecurringItems": -268,
        "period": "2015-09-30",
        "pretaxIncome": 114,
        "provisionforIncomeTaxes": 47,
        "researchDevelopment": 38,
        "revenue": 4434,
        "sgaExpense": 327,
        "totalOperatingExpense": 747,
        "totalOtherIncomeExpenseNet": 4
      }
    ],
    "symbol": "NRG"
  }
}