{
  "symbol": "NTAP",
  "statement": "ic",
  "frequency": "quarterly",
  "timestamp": "2025-09-19T14:04:28.558480",
  "data": {
    "financials": [
      {
        "costOfGoodsSold": 461,
        "dilutedAverageSharesOutstanding": 203,
        "dilutedEPS": 1.1478,
        "ebit": 311,
        "grossIncome": 1098,
        "interestExpense": 29,
        "interestIncomeExpense": 7,
        "netIncome": 233,
        "netIncomeAfterTaxes": 233,
        "nonRecurringItems": -2,
        "period": "2025-07-25",
        "pretaxIncome": 304,
        "provisionforIncomeTaxes": 71,
        "researchDevelopment": 242,
        "revenue": 1559,
        "sgaExpense": 545,
        "totalOperatingExpense": 787,
        "totalOtherIncomeExpenseNet": -12
      },
      {
        "costOfGoodsSold": 539,
        "depreciationAmortization": 3,
        "dilutedAverageSharesOutstanding": 206,
        "dilutedEPS": 1.6505,
        "ebit": 394,
        "grossIncome": 1193,
        "interestExpense": 21,
        "interestIncomeExpense": 8,
        "netIncome": 340,
        "netIncomeAfterTaxes": 340,
        "nonRecurringItems": -46,
        "otherOperatingExpensesTotal": -3,
        "period": "2025-04-25",
        "pretaxIncome": 354,
        "provisionforIncomeTaxes": 14,
        "researchDevelopment": 256,
        "revenue": 1732,
        "sgaExpense": 543,
        "totalOperatingExpense": 799,
        "totalOtherIncomeExpenseNet": -2
      },
      {
        "costOfGoodsSold": 496,
        "dilutedAverageSharesOutstanding": 208,
        "dilutedEPS": 1.4375,
        "ebit": 373,
        "grossIncome": 1145,
        "interestExpense": 12,
        "interestIncomeExpense": 8,
        "netIncome": 299,
        "netIncomeAfterTaxes": 299,
        "nonRecurringItems": -11,
        "period": "2025-01-24",
        "pretaxIncome": 370,
        "provisionforIncomeTaxes": 71,
        "researchDevelopment": 247,
        "revenue": 1641,
        "sgaExpense": 525,
        "totalOperatingExpense": 772,
        "totalOtherIncomeExpenseNet": 0
      },
      {
        "costOfGoodsSold": 481,
        "depreciationAmortization": 5,
        "dilutedAverageSharesOutstanding": 210,
        "dilutedEPS": 1.4238,
        "ebit": 358,
        "grossIncome": 1177,
        "interestExpense": 15,
        "interestIncomeExpense": 12,
        "netIncome": 299,
        "netIncomeAfterTaxes": 299,
        "nonRecurringItems": -13,
        "otherOperatingExpensesTotal": -5,
        "period": "2024-10-25",
        "pretaxIncome": 360,
        "provisionforIncomeTaxes": 61,
        "researchDevelopment": 257,
        "revenue": 1658,
        "sgaExpense": 562,
        "totalOperatingExpense": 819,
        "totalOtherIncomeExpenseNet": 3
      },
      {
        "costOfGoodsSold": 443,
        "dilutedAverageSharesOutstanding": 212,
        "dilutedEPS": 1.1698,
        "ebit": 300,
        "grossIncome": 1098,
        "interestExpense": 16,
        "interestIncomeExpense": 20,
        "netIncome": 248,
        "netIncomeAfterTaxes": 248,
        "nonRecurringItems": -18,
        "period": "2024-07-26",
        "pretaxIncome": 299,
        "provisionforIncomeTaxes": 51,
        "researchDevelopment": 252,
        "revenue": 1541,
        "sgaExpense": 546,
        "totalOperatingExpense": 798,
        "totalOtherIncomeExpenseNet": -3
      },
      {
        "costOfGoodsSold": 492,
        "depreciationAmortization": 6,
        "dilutedAverageSharesOutstanding": 213,
        "dilutedEPS": 1.3662,
        "ebit": 367,
        "grossIncome": 1176,
        "interestExpense": 16,
        "interestIncomeExpense": 16,
        "netIncome": 291,
        "netIncomeAfterTaxes": 291,
        "nonRecurringItems": -1,
        "otherOperatingExpensesTotal": -6,
        "period": "2024-04-26",
        "pretaxIncome": 380,
        "provisionforIncomeTaxes": 89,
        "researchDevelopment": 271,
        "revenue": 1668,
        "sgaExpense": 538,
        "totalOperatingExpense": 809,
        "totalOtherIncomeExpenseNet": -2
      },
      {
        "costOfGoodsSold": 455,
        "dilutedAverageSharesOutstanding": 211,
        "dilutedEPS": 1.4834,
        "ebit": 382,
        "grossIncome": 1151,
        "interestExpense": 17,
        "interestIncomeExpense": 10,
        "netIncome": 313,
        "netIncomeAfterTaxes": 313,
        "nonRecurringItems": -16,
        "period": "2024-01-26",
        "pretaxIncome": 382,
        "provisionforIncomeTaxes": 69,
        "researchDevelopment": 249,
        "revenue": 1606,
        "sgaExpense": 520,
        "totalOperatingExpense": 769,
        "totalOtherIncomeExpenseNet": 6
      },
      {
        "costOfGoodsSold": 452,
        "dilutedAverageSharesOutstanding": 211,
        "dilutedEPS": 1.1043,
        "ebit": 312,
        "grossIncome": 1110,
        "interestExpense": 15,
        "interestIncomeExpense": 10,
        "netIncome": 233,
        "netIncomeAfterTaxes": 233,
        "nonRecurringItems": -8,
        "period": "2023-10-27",
        "pretaxIncome": 315,
        "provisionforIncomeTaxes": 82,
        "researchDevelopment": 262,
        "revenue": 1562,
        "sgaExpense": 536,
        "totalOperatingExpense": 798,
        "totalOtherIncomeExpenseNet": 1
      },
      {
        "costOfGoodsSold": 436,
        "dilutedAverageSharesOutstanding": 216,
        "dilutedEPS": 0.69,
        "ebit": 207,
        "grossIncome": 996,
        "interestExpense": 16,
        "interestIncomeExpense": 44,
        "netIncome": 149,
        "netIncomeAfterTaxes": 149,
        "nonRecurringItems": -29,
        "period": "2023-07-28",
        "pretaxIncome": 186,
        "provisionforIncomeTaxes": 37,
        "researchDevelopment": 247,
        "revenue": 1432,
        "sgaExpense": 542,
        "totalOperatingExpense": 789,
        "totalOtherIncomeExpenseNet": -36
      },
      {
        "costOfGoodsSold": 506,
        "dilutedAverageSharesOutstanding": 217,
        "dilutedEPS": 1.13,
        "ebit": 326,
        "grossIncome": 1075,
        "interestExpense": 16,
        "interestIncomeExpense": 11,
        "netIncome": 245,
        "netIncomeAfterTaxes": 245,
        "nonRecurringItems": -17,
        "period": "2023-04-28",
        "pretaxIncome": 314,
        "provisionforIncomeTaxes": 69,
        "researchDevelopment": 243,
        "revenue": 1581,
        "sgaExpense": 506,
        "totalOperatingExpense": 749,
        "totalOtherIncomeExpenseNet": -6
      },
      {
        "costOfGoodsSold": 525,
        "dilutedAverageSharesOutstanding": 219,
        "dilutedEPS": 0.3,
        "ebit": 262,
        "grossIncome": 1001,
        "interestExpense": 16,
        "interestIncomeExpense": 5,
        "netIncome": 65,
        "netIncomeAfterTaxes": 65,
        "nonRecurringItems": -90,
        "period": "2023-01-27",
        "pretaxIncome": 177,
        "provisionforIncomeTaxes": 112,
        "researchDevelopment": 230,
        "revenue": 1526,
        "sgaExpense": 509,
        "totalOperatingExpense": 739
      },
      {
        "costOfGoodsSold": 576,
        "dilutedAverageSharesOutstanding": 220,
        "dilutedEPS": 3.41,
        "ebit": 298,
        "grossIncome": 1087,
        "interestExpense": 17,
        "interestIncomeExpense": -3,
        "netIncome": 750,
        "netIncomeAfterTaxes": 750,
        "nonRecurringItems": -16,
        "period": "2022-10-28",
        "pretaxIncome": 305,
        "provisionforIncomeTaxes": -445,
        "researchDevelopment": 243,
        "revenue": 1663,
        "sgaExpense": 546,
        "totalOperatingExpense": 789,
        "totalOtherIncomeExpenseNet": 26
      },
      {
        "costOfGoodsSold": 546,
        "dilutedAverageSharesOutstanding": 224,
        "dilutedEPS": 0.96,
        "ebit": 276,
        "grossIncome": 1046,
        "interestExpense": 18,
        "interestIncomeExpense": -11,
        "netIncome": 214,
        "netIncomeAfterTaxes": 214,
        "nonRecurringItems": -21,
        "period": "2022-07-29",
        "pretaxIncome": 270,
        "provisionforIncomeTaxes": 56,
        "researchDevelopment": 240,
        "revenue": 1592,
        "sgaExpense": 530,
        "totalOperatingExpense": 770,
        "totalOtherIncomeExpenseNet": 26
      },
      {
        "costOfGoodsSold": 591,
        "dilutedAverageSharesOutstanding": 229,
        "dilutedEPS": 1.13,
        "ebit": 302,
        "grossIncome": 1089,
        "interestExpense": 18,
        "interestIncomeExpense": -16,
        "netIncome": 259,
        "netIncomeAfterTaxes": 259,
        "nonRecurringItems": -9,
        "period": "2022-04-29",
        "pretaxIncome": 272,
        "provisionforIncomeTaxes": 13,
        "researchDevelopment": 235,
        "revenue": 1680,
        "sgaExpense": 552,
        "totalOperatingExpense": 787,
        "totalOtherIncomeExpenseNet": -5
      },
      {
        "costOfGoodsSold": 541,
        "dilutedAverageSharesOutstanding": 229,
        "dilutedEPS": 1.1,
        "ebit": 327,
        "grossIncome": 1073,
        "interestExpense": 19,
        "interestIncomeExpense": -17,
        "netIncome": 252,
        "netIncomeAfterTaxes": 252,
        "nonRecurringItems": -6,
        "period": "2022-01-28",
        "pretaxIncome": 306,
        "provisionforIncomeTaxes": 54,
        "researchDevelopment": 220,
        "revenue": 1614,
        "sgaExpense": 526,
        "totalOperatingExpense": 746,
        "totalOtherIncomeExpenseNet": 2
      },
      {
        "costOfGoodsSold": 507,
        "dilutedAverageSharesOutstanding": 229,
        "dilutedEPS": 0.98,
        "ebit": 302,
        "grossIncome": 1059,
        "interestExpense": 18,
        "interestIncomeExpense": -17,
        "netIncome": 224,
        "netIncomeAfterTaxes": 224,
        "nonRecurringItems": -8,
        "period": "2021-10-29",
        "pretaxIncome": 280,
        "provisionforIncomeTaxes": 56,
        "researchDevelopment": 216,
        "revenue": 1566,
        "sgaExpense": 541,
        "totalOperatingExpense": 757,
        "totalOtherIncomeExpenseNet": 3
      },
      {
        "costOfGoodsSold": 459,
        "dilutedAverageSharesOutstanding": 229,
        "dilutedEPS": 0.88,
        "ebit": 272,
        "grossIncome": 999,
        "interestExpense": 18,
        "interestIncomeExpense": -16,
        "netIncome": 202,
        "netIncomeAfterTaxes": 202,
        "nonRecurringItems": -23,
        "period": "2021-07-30",
        "pretaxIncome": 237,
        "provisionforIncomeTaxes": 35,
        "researchDevelopment": 210,
        "revenue": 1458,
        "sgaExpense": 517,
        "totalOperatingExpense": 727,
        "totalOtherIncomeExpenseNet": 4
      },
      {
        "costOfGoodsSold": 520,
        "dilutedAverageSharesOutstanding": 229,
        "dilutedEPS": 1.46,
        "ebit": 301,
        "grossIncome": 1035,
        "interestExpense": 19,
        "interestIncomeExpense": -17,
        "netIncome": 334,
        "netIncomeAfterTaxes": 334,
        "nonRecurringItems": 154,
        "period": "2021-04-30",
        "pretaxIncome": 436,
        "provisionforIncomeTaxes": 102,
        "researchDevelopment": 221,
        "revenue": 1555,
        "sgaExpense": 513,
        "totalOperatingExpense": 734,
        "totalOtherIncomeExpenseNet": -2
      },
      {
        "costOfGoodsSold": 495,
        "dilutedAverageSharesOutstanding": 227,
        "dilutedEPS": 0.8,
        "ebit": 261,
        "grossIncome": 975,
        "interestExpense": 19,
        "interestIncomeExpense": -17,
        "netIncome": 182,
        "netIncomeAfterTaxes": 182,
        "nonRecurringItems": -3,
        "period": "2021-01-29",
        "pretaxIncome": 247,
        "provisionforIncomeTaxes": 65,
        "researchDevelopment": 215,
        "revenue": 1470,
        "sgaExpense": 499,
        "totalOperatingExpense": 714,
        "totalOtherIncomeExpenseNet": 6
      },
      {
        "costOfGoodsSold": 483,
        "dilutedAverageSharesOutstanding": 224,
        "dilutedEPS": 0.61,
        "ebit": 227,
        "grossIncome": 933,
        "interestExpense": 18,
        "interestIncomeExpense": -16,
        "netIncome": 137,
        "netIncomeAfterTaxes": 137,
        "nonRecurringItems": -45,
        "period": "2020-10-30",
        "pretaxIncome": 175,
        "provisionforIncomeTaxes": 38,
        "researchDevelopment": 212,
        "revenue": 1416,
        "sgaExpense": 494,
        "totalOperatingExpense": 706,
        "totalOtherIncomeExpenseNet": 9
      },
      {
        "costOfGoodsSold": 431,
        "dilutedAverageSharesOutstanding": 222,
        "dilutedEPS": 0.35,
        "ebit": 149,
        "grossIncome": 872,
        "interestExpense": 18,
        "interestIncomeExpense": -15,
        "netIncome": 77,
        "netIncomeAfterTaxes": 77,
        "nonRecurringItems": -27,
        "period": "2020-07-31",
        "pretaxIncome": 104,
        "provisionforIncomeTaxes": 27,
        "researchDevelopment": 233,
        "revenue": 1303,
        "sgaExpense": 490,
        "totalOperatingExpense": 723,
        "totalOtherIncomeExpenseNet": -3
      },
      {
        "costOfGoodsSold": 460,
        "dilutedAverageSharesOutstanding": 224,
        "dilutedEPS": 0.88,
        "ebit": 277,
        "grossIncome": 941,
        "interestExpense": 14,
        "interestIncomeExpense": -9,
        "netIncome": 196,
        "netIncomeAfterTaxes": 196,
        "nonRecurringItems": -10,
        "period": "2020-04-24",
        "pretaxIncome": 250,
        "provisionforIncomeTaxes": 54,
        "researchDevelopment": 212,
        "revenue": 1401,
        "sgaExpense": 452,
        "totalOperatingExpense": 664,
        "totalOtherIncomeExpenseNet": -8
      },
      {
        "costOfGoodsSold": 463,
        "dilutedAverageSharesOutstanding": 229,
        "dilutedEPS": 1.21,
        "ebit": 268,
        "grossIncome": 941,
        "interestExpense": 14,
        "interestIncomeExpense": 1,
        "netIncome": 277,
        "netIncomeAfterTaxes": 277,
        "nonRecurringItems": 0,
        "period": "2020-01-24",
        "pretaxIncome": 276,
        "provisionforIncomeTaxes": -1,
        "researchDevelopment": 211,
        "revenue": 1404,
        "sgaExpense": 462,
        "totalOperatingExpense": 673,
        "totalOtherIncomeExpenseNet": 7
      },
      {
        "costOfGoodsSold": 446,
        "dilutedAverageSharesOutstanding": 236,
        "dilutedEPS": 1.03,
        "ebit": 258,
        "grossIncome": 925,
        "interestExpense": 12,
        "interestIncomeExpense": 0,
        "netIncome": 243,
        "netIncomeAfterTaxes": 243,
        "nonRecurringItems": 38,
        "period": "2019-10-25",
        "pretaxIncome": 299,
        "provisionforIncomeTaxes": 56,
        "researchDevelopment": 209,
        "revenue": 1371,
        "sgaExpense": 458,
        "totalOperatingExpense": 667,
        "totalOtherIncomeExpenseNet": 3
      },
      {
        "costOfGoodsSold": 420,
        "dilutedAverageSharesOutstanding": 243,
        "dilutedEPS": 0.42,
        "ebit": 125,
        "grossIncome": 816,
        "interestExpense": 15,
        "interestIncomeExpense": 1,
        "netIncome": 103,
        "netIncomeAfterTaxes": 103,
        "nonRecurringItems": -21,
        "period": "2019-07-26",
        "pretaxIncome": 119,
        "provisionforIncomeTaxes": 16,
        "researchDevelopment": 215,
        "revenue": 1236,
        "sgaExpense": 476,
        "totalOperatingExpense": 691,
        "totalOtherIncomeExpenseNet": 14
      },
      {
        "costOfGoodsSold": 566,
        "dilutedAverageSharesOutstanding": 247,
        "dilutedEPS": 1.6,
        "ebit": 313,
        "grossIncome": 1026,
        "interestExpense": 14,
        "interestIncomeExpense": 11,
        "netIncome": 396,
        "netIncomeAfterTaxes": 396,
        "nonRecurringItems": 57,
        "period": "2019-04-26",
        "pretaxIncome": 384,
        "provisionforIncomeTaxes": -12,
        "researchDevelopment": 205,
        "revenue": 1592,
        "sgaExpense": 508,
        "totalOperatingExpense": 713,
        "totalOtherIncomeExpenseNet": 3
      },
      {
        "costOfGoodsSold": 581,
        "dilutedAverageSharesOutstanding": 255,
        "dilutedEPS": 0.98,
        "ebit": 311,
        "grossIncome": 982,
        "interestExpense": 16,
        "interestIncomeExpense": 4,
        "netIncome": 249,
        "netIncomeAfterTaxes": 249,
        "nonRecurringItems": 0,
        "period": "2019-01-25",
        "pretaxIncome": 319,
        "provisionforIncomeTaxes": 70,
        "researchDevelopment": 203,
        "revenue": 1563,
        "sgaExpense": 468,
        "totalOperatingExpense": 671,
        "totalOtherIncomeExpenseNet": 4
      },
      {
        "costOfGoodsSold": 543,
        "dilutedAverageSharesOutstanding": 264,
        "dilutedEPS": 0.91,
        "ebit": 286,
        "grossIncome": 974,
        "interestExpense": 14,
        "interestIncomeExpense": 9,
        "netIncome": 241,
        "netIncomeAfterTaxes": 241,
        "nonRecurringItems": 0,
        "period": "2018-10-26",
        "pretaxIncome": 293,
        "provisionforIncomeTaxes": 52,
        "researchDevelopment": 211,
        "revenue": 1517,
        "sgaExpense": 477,
        "totalOperatingExpense": 688,
        "totalOtherIncomeExpenseNet": -2
      },
      {
        "costOfGoodsSold": 511,
        "dilutedAverageSharesOutstanding": 269,
        "dilutedEPS": 1.05,
        "ebit": 273,
        "grossIncome": 963,
        "interestExpense": 14,
        "interestIncomeExpense": 21,
        "netIncome": 283,
        "netIncomeAfterTaxes": 283,
        "nonRecurringItems": -19,
        "period": "2018-07-27",
        "pretaxIncome": 272,
        "provisionforIncomeTaxes": -11,
        "researchDevelopment": 208,
        "revenue": 1474,
        "sgaExpense": 482,
        "totalOperatingExpense": 690,
        "totalOtherIncomeExpenseNet": -3
      },
      {
        "costOfGoodsSold": 615,
        "dilutedAverageSharesOutstanding": 297,
        "dilutedEPS": 0.98,
        "ebit": 312,
        "grossIncome": 1029,
        "interestExpense": 15,
        "interestIncomeExpense": 13,
        "netIncome": 290,
        "netIncomeAfterTaxes": 292,
        "nonRecurringItems": 0,
        "period": "2018-04-27",
        "pretaxIncome": 328,
        "provisionforIncomeTaxes": 36,
        "researchDevelopment": 203,
        "revenue": 1644,
        "sgaExpense": 514,
        "totalOperatingExpense": 717,
        "totalOtherIncomeExpenseNet": 3
      },
      {
        "costOfGoodsSold": 583,
        "dilutedAverageSharesOutstanding": 268,
        "dilutedEPS": -1.78,
        "ebit": 272,
        "grossIncome": 956,
        "interestExpense": 17,
        "interestIncomeExpense": -9,
        "netIncome": -479,
        "netIncomeAfterTaxes": 377,
        "nonRecurringItems": 218,
        "period": "2018-01-26",
        "pretaxIncome": 504,
        "provisionforIncomeTaxes": 127,
        "researchDevelopment": 193,
        "revenue": 1539,
        "sgaExpense": 491,
        "totalOperatingExpense": 684,
        "totalOtherIncomeExpenseNet": 23
      },
      {
        "costOfGoodsSold": 515,
        "dilutedAverageSharesOutstanding": 275,
        "dilutedEPS": 0.63,
        "ebit": 216,
        "grossIncome": 900,
        "interestExpense": 17,
        "interestIncomeExpense": 3,
        "netIncome": 174,
        "netIncomeAfterTaxes": 174,
        "nonRecurringItems": 0,
        "period": "2017-10-27",
        "pretaxIncome": 222,
        "provisionforIncomeTaxes": 48,
        "researchDevelopment": 194,
        "revenue": 1415,
        "sgaExpense": 490,
        "totalOperatingExpense": 684,
        "totalOtherIncomeExpenseNet": 3
      },
      {
        "costOfGoodsSold": 497,
        "dilutedAverageSharesOutstanding": 278,
        "dilutedEPS": 0.47,
        "ebit": 140,
        "grossIncome": 824,
        "interestExpense": 13,
        "interestIncomeExpense": 1,
        "netIncome": 131,
        "netIncomeAfterTaxes": 131,
        "nonRecurringItems": 0,
        "period": "2017-07-28",
        "pretaxIncome": 145,
        "provisionforIncomeTaxes": 14,
        "researchDevelopment": 193,
        "revenue": 1321,
        "sgaExpense": 491,
        "totalOperatingExpense": 684,
        "totalOtherIncomeExpenseNet": 4
      },
      {
        "costOfGoodsSold": 566,
        "dilutedAverageSharesOutstanding": 277,
        "dilutedEPS": 0.58,
        "ebit": 203,
        "grossIncome": 887,
        "interestExpense": 13,
        "interestIncomeExpense": -7,
        "netIncome": 162,
        "netIncomeAfterTaxes": 162,
        "nonRecurringItems": 0,
        "period": "2017-04-28",
        "pretaxIncome": 204,
        "provisionforIncomeTaxes": 42,
        "researchDevelopment": 191,
        "revenue": 1453,
        "sgaExpense": 493,
        "totalOperatingExpense": 684,
        "totalOtherIncomeExpenseNet": 8
      },
      {
        "costOfGoodsSold": 553,
        "dilutedAverageSharesOutstanding": 281,
        "dilutedEPS": 0.52,
        "ebit": 225,
        "grossIncome": 851,
        "interestExpense": 12,
        "interestIncomeExpense": 0,
        "netIncome": 146,
        "netIncomeAfterTaxes": 146,
        "nonRecurringItems": -42,
        "period": "2017-01-27",
        "pretaxIncome": 183,
        "provisionforIncomeTaxes": 37,
        "researchDevelopment": 181,
        "revenue": 1404,
        "sgaExpense": 445,
        "totalOperatingExpense": 626
      },
      {
        "costOfGoodsSold": 511,
        "dilutedAverageSharesOutstanding": 284,
        "dilutedEPS": 0.38,
        "ebit": 142,
        "grossIncome": 829,
        "interestExpense": 12,
        "interestIncomeExpense": 0,
        "netIncome": 109,
        "netIncomeAfterTaxes": 109,
        "nonRecurringItems": 0,
        "period": "2016-10-28",
        "pretaxIncome": 142,
        "provisionforIncomeTaxes": 33,
        "researchDevelopment": 200,
        "revenue": 1340,
        "sgaExpense": 487,
        "totalOperatingExpense": 687
      },
      {
        "costOfGoodsSold": 497,
        "dilutedAverageSharesOutstanding": 282,
        "dilutedEPS": 0.23,
        "ebit": 93,
        "grossIncome": 797,
        "interestExpense": 15,
        "interestIncomeExpense": 0,
        "netIncome": 64,
        "netIncomeAfterTaxes": 64,
        "nonRecurringItems": 0,
        "period": "2016-07-29",
        "pretaxIncome": 92,
        "provisionforIncomeTaxes": 28,
        "researchDevelopment": 207,
        "revenue": 1294,
        "sgaExpense": 497,
        "totalOperatingExpense": 704,
        "totalOtherIncomeExpenseNet": -1
      },
      {
        "costOfGoodsSold": 562,
        "dilutedAverageSharesOutstanding": 288,
        "dilutedEPS": -0.03,
        "ebit": 99,
        "grossIncome": 818,
        "interestExpense": 15,
        "interestIncomeExpense": -4,
        "netIncome": -8,
        "netIncomeAfterTaxes": -8,
        "nonRecurringItems": -35,
        "period": "2016-04-29",
        "pretaxIncome": 60,
        "provisionforIncomeTaxes": 68,
        "researchDevelopment": 201,
        "revenue": 1380,
        "sgaExpense": 518,
        "totalOperatingExpense": 719
      },
      {
        "costOfGoodsSold": 531,
        "dilutedAverageSharesOutstanding": 296,
        "dilutedEPS": 0.52,
        "ebit": 167,
        "grossIncome": 855,
        "interestExpense": 11,
        "interestIncomeExpense": 0,
        "netIncome": 153,
        "netIncomeAfterTaxes": 153,
        "nonRecurringItems": -2,
        "period": "2016-01-29",
        "pretaxIncome": 163,
        "provisionforIncomeTaxes": 10,
        "researchDevelopment": 200,
        "revenue": 1386,
        "sgaExpense": 488,
        "totalOperatingExpense": 688,
        "totalOtherIncomeExpenseNet": -2
      },
      {
        "costOfGoodsSold": 561,
        "dilutedAverageSharesOutstanding": 296,
        "dilutedEPS": 0.39,
        "ebit": 146,
        "grossIncome": 884,
        "interestExpense": 12,
        "interestIncomeExpense": -1,
        "netIncome": 114,
        "netIncomeAfterTaxes": 114,
        "nonRecurringItems": -1,
        "period": "2015-10-30",
        "pretaxIncome": 144,
        "provisionforIncomeTaxes": 30,
        "researchDevelopment": 216,
        "revenue": 1445,
        "sgaExpense": 522,
        "totalOperatingExpense": 738,
        "totalOtherIncomeExpenseNet": 0
      }
    ],
    "symbol": "NTAP"
  }
}