{
  "symbol": "FICO",
  "statement": "ic",
  "frequency": "quarterly",
  "timestamp": "2025-09-19T14:00:21.817932",
  "data": {
    "financials": [
      {
        "costOfGoodsSold": 87.571,
        "depreciationAmortization": 0,
        "dilutedAverageSharesOutstanding": 24.575,
        "dilutedEPS": 7.3973,
        "ebit": 262.518,
        "grossIncome": 448.844,
        "interestExpense": 32.899,
        "interestIncomeExpense": -32.899,
        "netIncome": 181.789,
        "netIncomeAfterTaxes": 181.789,
        "period": "2025-06-30",
        "pretaxIncome": 236.991,
        "provisionforIncomeTaxes": 55.202,
        "researchDevelopment": 47.212,
        "revenue": 536.415,
        "sgaExpense": 139.114,
        "totalOperatingExpense": 186.326,
        "totalOtherIncomeExpenseNet": 7.372
      },
      {
        "costOfGoodsSold": 87.63,
        "depreciationAmortization": 0,
        "dilutedAverageSharesOutstanding": 24.685,
        "dilutedEPS": 6.5876,
        "ebit": 245.648,
        "grossIncome": 411.105,
        "interestExpense": 31.378,
        "interestIncomeExpense": -31.378,
        "netIncome": 162.615,
        "netIncomeAfterTaxes": 162.615,
        "period": "2025-03-31",
        "pretaxIncome": 213.016,
        "provisionforIncomeTaxes": 50.401,
        "researchDevelopment": 45.037,
        "revenue": 498.735,
        "sgaExpense": 120.42,
        "totalOperatingExpense": 165.457,
        "totalOtherIncomeExpenseNet": -1.254
      },
      {
        "costOfGoodsSold": 87.345,
        "depreciationAmortization": 0,
        "dilutedAverageSharesOutstanding": 24.827,
        "dilutedEPS": 6.1436,
        "ebit": 179.528,
        "grossIncome": 352.623,
        "interestExpense": 29.488,
        "interestIncomeExpense": -29.488,
        "netIncome": 152.528,
        "netIncomeAfterTaxes": 152.528,
        "period": "2024-12-31",
        "pretaxIncome": 150.129,
        "provisionforIncomeTaxes": -2.399,
        "researchDevelopment": 45.145,
        "revenue": 439.968,
        "sgaExpense": 127.95,
        "totalOperatingExpense": 173.095,
        "totalOtherIncomeExpenseNet": 0.089
      },
      {
        "costOfGoodsSold": 89.574,
        "depreciationAmortization": 0.092,
        "dilutedAverageSharesOutstanding": 24.929,
        "dilutedEPS": 5.44,
        "ebit": 197.178,
        "grossIncome": 364.235,
        "interestExpense": 28.515,
        "interestIncomeExpense": -28.515,
        "netIncome": 135.691,
        "netIncomeAfterTaxes": 135.691,
        "nonRecurringItems": 0,
        "period": "2024-09-30",
        "pretaxIncome": 171.383,
        "provisionforIncomeTaxes": 35.692,
        "researchDevelopment": 44.208,
        "revenue": 453.809,
        "sgaExpense": 122.757,
        "totalOperatingExpense": 167.057,
        "totalOtherIncomeExpenseNet": 2.72
      },
      {
        "costOfGoodsSold": 88.225,
        "depreciationAmortization": 0.275,
        "dilutedAverageSharesOutstanding": 25.015,
        "dilutedEPS": 5.05,
        "ebit": 190.251,
        "grossIncome": 359.624,
        "interestExpense": 26.868,
        "interestIncomeExpense": -26.868,
        "netIncome": 126.256,
        "netIncomeAfterTaxes": 126.256,
        "nonRecurringItems": 0,
        "period": "2024-06-30",
        "pretaxIncome": 167.318,
        "provisionforIncomeTaxes": 41.062,
        "researchDevelopment": 44.217,
        "revenue": 447.849,
        "sgaExpense": 124.881,
        "totalOperatingExpense": 169.373,
        "totalOtherIncomeExpenseNet": 3.935
      },
      {
        "costOfGoodsSold": 86.946,
        "depreciationAmortization": 0.275,
        "dilutedAverageSharesOutstanding": 25.154,
        "dilutedEPS": 5.16,
        "ebit": 194.841,
        "grossIncome": 346.863,
        "interestExpense": 26.093,
        "interestIncomeExpense": -26.093,
        "netIncome": 129.799,
        "netIncomeAfterTaxes": 129.799,
        "nonRecurringItems": 0,
        "period": "2024-03-31",
        "pretaxIncome": 172.734,
        "provisionforIncomeTaxes": 42.935,
        "researchDevelopment": 40.88,
        "revenue": 433.809,
        "sgaExpense": 110.867,
        "totalOperatingExpense": 152.022,
        "totalOtherIncomeExpenseNet": 3.986
      },
      {
        "costOfGoodsSold": 83.461,
        "depreciationAmortization": 0.275,
        "dilutedAverageSharesOutstanding": 25.219,
        "dilutedEPS": 4.8,
        "ebit": 151.359,
        "grossIncome": 298.598,
        "interestExpense": 24.162,
        "interestIncomeExpense": -24.162,
        "netIncome": 121.065,
        "netIncomeAfterTaxes": 121.065,
        "nonRecurringItems": 0,
        "period": "2023-12-31",
        "pretaxIncome": 130.59,
        "provisionforIncomeTaxes": 9.525,
        "researchDevelopment": 42.635,
        "revenue": 382.059,
        "sgaExpense": 104.329,
        "totalOperatingExpense": 147.239,
        "totalOtherIncomeExpenseNet": 3.393
      },
      {
        "costOfGoodsSold": 82.832,
        "depreciationAmortization": 0.275,
        "dilutedAverageSharesOutstanding": 25.271,
        "dilutedEPS": 4.01,
        "ebit": 165.699,
        "grossIncome": 306.901,
        "interestExpense": 24.304,
        "interestIncomeExpense": -24.304,
        "netIncome": 101.424,
        "netIncomeAfterTaxes": 101.424,
        "nonRecurringItems": 0,
        "period": "2023-09-30",
        "pretaxIncome": 140.465,
        "provisionforIncomeTaxes": 39.041,
        "researchDevelopment": 41.596,
        "revenue": 389.733,
        "sgaExpense": 99.331,
        "totalOperatingExpense": 141.202,
        "totalOtherIncomeExpenseNet": -0.93
      },
      {
        "costOfGoodsSold": 71.846,
        "depreciationAmortization": 0.275,
        "dilutedAverageSharesOutstanding": 25.337,
        "dilutedEPS": 5.08,
        "ebit": 177.031,
        "grossIncome": 326.842,
        "interestExpense": 24.545,
        "interestIncomeExpense": -24.545,
        "netIncome": 128.758,
        "netIncomeAfterTaxes": 128.758,
        "nonRecurringItems": 0,
        "period": "2023-06-30",
        "pretaxIncome": 157.787,
        "provisionforIncomeTaxes": 29.029,
        "researchDevelopment": 41.455,
        "revenue": 398.688,
        "sgaExpense": 108.081,
        "totalOperatingExpense": 149.811,
        "totalOtherIncomeExpenseNet": 5.301
      },
      {
        "costOfGoodsSold": 79.806,
        "depreciationAmortization": 0.275,
        "dilutedAverageSharesOutstanding": 25.419,
        "dilutedEPS": 4,
        "ebit": 159.761,
        "grossIncome": 300.46,
        "interestExpense": 23.897,
        "interestIncomeExpense": -23.897,
        "netIncome": 101.55,
        "netIncomeAfterTaxes": 101.55,
        "nonRecurringItems": 0,
        "period": "2023-03-31",
        "pretaxIncome": 137.469,
        "provisionforIncomeTaxes": 35.919,
        "researchDevelopment": 40.266,
        "revenue": 380.266,
        "sgaExpense": 100.158,
        "totalOperatingExpense": 140.699,
        "totalOtherIncomeExpenseNet": 1.605
      },
      {
        "costOfGoodsSold": 76.569,
        "depreciationAmortization": 0.275,
        "dilutedAverageSharesOutstanding": 25.443,
        "dilutedEPS": 3.84,
        "ebit": 138.398,
        "grossIncome": 268.301,
        "interestExpense": 22.8,
        "interestIncomeExpense": -22.8,
        "netIncome": 97.643,
        "netIncomeAfterTaxes": 97.643,
        "nonRecurringItems": 1.941,
        "period": "2022-12-31",
        "pretaxIncome": 117.903,
        "provisionforIncomeTaxes": 20.26,
        "researchDevelopment": 36.633,
        "revenue": 344.87,
        "sgaExpense": 92.995,
        "totalOperatingExpense": 129.903,
        "totalOtherIncomeExpenseNet": 0.364
      },
      {
        "costOfGoodsSold": 82.486,
        "depreciationAmortization": 0.442,
        "dilutedAverageSharesOutstanding": 25.564,
        "dilutedEPS": 3.55,
        "ebit": 134.156,
        "grossIncome": 266.262,
        "interestExpense": 20.84,
        "interestIncomeExpense": -20.84,
        "netIncome": 90.699,
        "netIncomeAfterTaxes": 90.699,
        "nonRecurringItems": 0,
        "period": "2022-09-30",
        "pretaxIncome": 113.11,
        "provisionforIncomeTaxes": 22.411,
        "researchDevelopment": 35.511,
        "revenue": 348.748,
        "sgaExpense": 96.153,
        "totalOperatingExpense": 132.106,
        "totalOtherIncomeExpenseNet": -0.206
      },
      {
        "costOfGoodsSold": 78.691,
        "depreciationAmortization": 0.532,
        "dilutedAverageSharesOutstanding": 25.867,
        "dilutedEPS": 3.61,
        "ebit": 140.615,
        "grossIncome": 270.275,
        "interestExpense": 18.721,
        "interestIncomeExpense": -18.721,
        "netIncome": 93.5,
        "netIncomeAfterTaxes": 93.5,
        "nonRecurringItems": 0,
        "period": "2022-06-30",
        "pretaxIncome": 120.894,
        "provisionforIncomeTaxes": 27.394,
        "researchDevelopment": 35.88,
        "revenue": 348.966,
        "sgaExpense": 93.248,
        "totalOperatingExpense": 129.66,
        "totalOtherIncomeExpenseNet": -1
      },
      {
        "costOfGoodsSold": 71.794,
        "depreciationAmortization": 0.543,
        "dilutedAverageSharesOutstanding": 26.421,
        "dilutedEPS": 3.95,
        "ebit": 152.057,
        "grossIncome": 285.401,
        "interestExpense": 17.211,
        "interestIncomeExpense": -17.211,
        "netIncome": 104.383,
        "netIncomeAfterTaxes": 104.383,
        "nonRecurringItems": 0,
        "period": "2022-03-31",
        "pretaxIncome": 132.485,
        "provisionforIncomeTaxes": 28.102,
        "researchDevelopment": 36.387,
        "revenue": 357.195,
        "sgaExpense": 96.414,
        "totalOperatingExpense": 133.344,
        "totalOtherIncomeExpenseNet": -2.361
      },
      {
        "costOfGoodsSold": 69.203,
        "depreciationAmortization": 0.544,
        "dilutedAverageSharesOutstanding": 27.524,
        "dilutedEPS": 3.09,
        "ebit": 115.586,
        "grossIncome": 253.158,
        "interestExpense": 12.195,
        "interestIncomeExpense": -12.195,
        "netIncome": 84.959,
        "netIncomeAfterTaxes": 84.959,
        "nonRecurringItems": 0,
        "period": "2021-12-31",
        "pretaxIncome": 104.82,
        "provisionforIncomeTaxes": 19.861,
        "researchDevelopment": 38.98,
        "revenue": 322.361,
        "sgaExpense": 98.048,
        "totalOperatingExpense": 137.572,
        "totalOtherIncomeExpenseNet": 1.429
      },
      {
        "costOfGoodsSold": 72.361,
        "depreciationAmortization": 0.563,
        "dilutedAverageSharesOutstanding": 28.525,
        "dilutedEPS": 3.01,
        "ebit": 123.142,
        "grossIncome": 262.216,
        "interestExpense": 10.49,
        "interestIncomeExpense": -10.49,
        "netIncome": 85.72,
        "netIncomeAfterTaxes": 85.72,
        "nonRecurringItems": -7.957,
        "period": "2021-09-30",
        "pretaxIncome": 105.466,
        "provisionforIncomeTaxes": 19.746,
        "researchDevelopment": 41.142,
        "revenue": 334.577,
        "sgaExpense": 97.369,
        "totalOperatingExpense": 139.074,
        "totalOtherIncomeExpenseNet": 0.771
      },
      {
        "costOfGoodsSold": 82.24,
        "depreciationAmortization": 0.81,
        "dilutedAverageSharesOutstanding": 29.195,
        "dilutedEPS": 5.18,
        "ebit": 101.579,
        "grossIncome": 255.944,
        "interestExpense": 10.018,
        "interestIncomeExpense": -10.018,
        "netIncome": 151.198,
        "netIncomeAfterTaxes": 151.198,
        "nonRecurringItems": 92.805,
        "period": "2021-06-30",
        "pretaxIncome": 187.892,
        "provisionforIncomeTaxes": 36.694,
        "researchDevelopment": 45.826,
        "revenue": 338.184,
        "sgaExpense": 107.729,
        "totalOperatingExpense": 154.365,
        "totalOtherIncomeExpenseNet": 3.526
      },
      {
        "costOfGoodsSold": 88.333,
        "depreciationAmortization": 0.945,
        "dilutedAverageSharesOutstanding": 29.531,
        "dilutedEPS": 2.33,
        "ebit": 101.199,
        "grossIncome": 243.028,
        "interestExpense": 9.943,
        "interestIncomeExpense": -9.943,
        "netIncome": 68.674,
        "netIncomeAfterTaxes": 68.674,
        "nonRecurringItems": 0,
        "period": "2021-03-31",
        "pretaxIncome": 91.824,
        "provisionforIncomeTaxes": 23.15,
        "researchDevelopment": 43.612,
        "revenue": 331.361,
        "sgaExpense": 97.272,
        "totalOperatingExpense": 141.829,
        "totalOtherIncomeExpenseNet": 0.568
      },
      {
        "costOfGoodsSold": 89.528,
        "depreciationAmortization": 0.937,
        "dilutedAverageSharesOutstanding": 29.789,
        "dilutedEPS": 2.9,
        "ebit": 87.387,
        "grossIncome": 222.886,
        "interestExpense": 9.641,
        "interestIncomeExpense": -9.641,
        "netIncome": 86.492,
        "netIncomeAfterTaxes": 86.492,
        "nonRecurringItems": 7.334,
        "period": "2020-12-31",
        "pretaxIncome": 87.96,
        "provisionforIncomeTaxes": 1.468,
        "researchDevelopment": 40.651,
        "revenue": 312.414,
        "sgaExpense": 93.911,
        "totalOperatingExpense": 135.499,
        "totalOtherIncomeExpenseNet": 2.88
      },
      {
        "costOfGoodsSold": 93.676,
        "depreciationAmortization": 0.947,
        "dilutedAverageSharesOutstanding": 29.83,
        "dilutedEPS": 1.98,
        "ebit": 127.415,
        "grossIncome": 280.68,
        "interestExpense": 9.981,
        "interestIncomeExpense": -9.932,
        "netIncome": 59.126,
        "netIncomeAfterTaxes": 59.126,
        "nonRecurringItems": -41.925,
        "period": "2020-09-30",
        "pretaxIncome": 76.433,
        "provisionforIncomeTaxes": 17.307,
        "researchDevelopment": 46.706,
        "revenue": 374.356,
        "sgaExpense": 105.612,
        "totalOperatingExpense": 153.265,
        "totalOtherIncomeExpenseNet": 0.875
      },
      {
        "costOfGoodsSold": 88.569,
        "depreciationAmortization": 1.048,
        "dilutedAverageSharesOutstanding": 29.744,
        "dilutedEPS": 2.15,
        "ebit": 82.871,
        "grossIncome": 225.162,
        "interestExpense": 11.223,
        "interestIncomeExpense": -11.223,
        "netIncome": 64.076,
        "netIncomeAfterTaxes": 64.076,
        "nonRecurringItems": 0,
        "period": "2020-06-30",
        "pretaxIncome": 76.208,
        "provisionforIncomeTaxes": 12.132,
        "researchDevelopment": 41.411,
        "revenue": 313.731,
        "sgaExpense": 99.832,
        "totalOperatingExpense": 142.291,
        "totalOtherIncomeExpenseNet": 4.56
      },
      {
        "costOfGoodsSold": 88.139,
        "depreciationAmortization": 1.202,
        "dilutedAverageSharesOutstanding": 29.985,
        "dilutedEPS": 1.94,
        "ebit": 75.726,
        "grossIncome": 219.832,
        "interestExpense": 11.254,
        "interestIncomeExpense": -11.254,
        "netIncome": 58.288,
        "netIncomeAfterTaxes": 58.288,
        "nonRecurringItems": 0,
        "period": "2020-03-31",
        "pretaxIncome": 62.464,
        "provisionforIncomeTaxes": 4.176,
        "researchDevelopment": 39.439,
        "revenue": 307.971,
        "sgaExpense": 103.465,
        "totalOperatingExpense": 144.106,
        "totalOtherIncomeExpenseNet": -2.008
      },
      {
        "costOfGoodsSold": 90.758,
        "depreciationAmortization": 1.796,
        "dilutedAverageSharesOutstanding": 30.169,
        "dilutedEPS": 1.82,
        "ebit": 54.986,
        "grossIncome": 207.746,
        "interestExpense": 9.768,
        "interestIncomeExpense": -8.623,
        "netIncome": 54.921,
        "netIncomeAfterTaxes": 54.921,
        "nonRecurringItems": -3.104,
        "period": "2019-12-31",
        "pretaxIncome": 41.895,
        "provisionforIncomeTaxes": -13.026,
        "researchDevelopment": 38.943,
        "revenue": 298.504,
        "sgaExpense": 112.021,
        "totalOperatingExpense": 152.76,
        "totalOtherIncomeExpenseNet": -1.364
      },
      {
        "costOfGoodsSold": 87.996,
        "depreciationAmortization": 1.673,
        "dilutedAverageSharesOutstanding": 30.291,
        "dilutedEPS": 1.8,
        "ebit": 70.287,
        "grossIncome": 217.348,
        "interestExpense": 9.957,
        "interestIncomeExpense": -9.957,
        "netIncome": 54.584,
        "netIncomeAfterTaxes": 54.584,
        "nonRecurringItems": 0,
        "period": "2019-09-30",
        "pretaxIncome": 60.888,
        "provisionforIncomeTaxes": 6.304,
        "researchDevelopment": 39.396,
        "revenue": 305.344,
        "sgaExpense": 105.992,
        "totalOperatingExpense": 147.061,
        "totalOtherIncomeExpenseNet": 0.558
      },
      {
        "costOfGoodsSold": 87.215,
        "depreciationAmortization": 1.448,
        "dilutedAverageSharesOutstanding": 30.292,
        "dilutedEPS": 2.12,
        "ebit": 85.708,
        "grossIncome": 227.034,
        "interestExpense": 10.111,
        "interestIncomeExpense": -11.039,
        "netIncome": 64.152,
        "netIncomeAfterTaxes": 64.152,
        "period": "2019-06-30",
        "pretaxIncome": 78.054,
        "provisionforIncomeTaxes": 13.902,
        "researchDevelopment": 36.972,
        "revenue": 314.249,
        "sgaExpense": 102.906,
        "totalOperatingExpense": 141.326,
        "totalOtherIncomeExpenseNet": 3.385
      },
      {
        "costOfGoodsSold": 85.568,
        "depreciationAmortization": 1.503,
        "dilutedAverageSharesOutstanding": 30.259,
        "dilutedEPS": 1.1,
        "ebit": 48.549,
        "grossIncome": 192.666,
        "interestExpense": 10.008,
        "interestIncomeExpense": -9.288,
        "netIncome": 33.381,
        "netIncomeAfterTaxes": 33.381,
        "period": "2019-03-31",
        "pretaxIncome": 39.974,
        "provisionforIncomeTaxes": 6.593,
        "researchDevelopment": 37.684,
        "revenue": 278.234,
        "sgaExpense": 104.93,
        "totalOperatingExpense": 144.117,
        "totalOtherIncomeExpenseNet": 0.713
      },
      {
        "costOfGoodsSold": 76.066,
        "depreciationAmortization": 1.502,
        "dilutedAverageSharesOutstanding": 30.336,
        "dilutedEPS": 1.32,
        "ebit": 49.004,
        "grossIncome": 186.19,
        "interestExpense": 9.676,
        "interestIncomeExpense": -10.08,
        "netIncome": 40.007,
        "netIncomeAfterTaxes": 40.007,
        "period": "2018-12-31",
        "pretaxIncome": 37.156,
        "provisionforIncomeTaxes": -2.851,
        "researchDevelopment": 35.426,
        "revenue": 262.256,
        "sgaExpense": 100.258,
        "totalOperatingExpense": 137.186,
        "totalOtherIncomeExpenseNet": -1.768
      },
      {
        "costOfGoodsSold": 79.962,
        "depreciationAmortization": 1.551,
        "dilutedAverageSharesOutstanding": 30.697,
        "dilutedEPS": 1.06,
        "ebit": 47.558,
        "grossIncome": 176.57,
        "interestExpense": 9.512,
        "interestIncomeExpense": -9.512,
        "netIncome": 32.713,
        "netIncomeAfterTaxes": 49.432,
        "nonRecurringItems": 0,
        "period": "2018-09-30",
        "pretaxIncome": 48.99,
        "provisionforIncomeTaxes": -0.442,
        "researchDevelopment": 34.407,
        "revenue": 256.532,
        "sgaExpense": 93.054,
        "totalOperatingExpense": 129.012,
        "totalOtherIncomeExpenseNet": 10.944
      },
      {
        "costOfGoodsSold": 79.011,
        "depreciationAmortization": 1.571,
        "dilutedAverageSharesOutstanding": 31.161,
        "dilutedEPS": 0.95,
        "ebit": 44.537,
        "grossIncome": 175.982,
        "interestExpense": 8.223,
        "interestIncomeExpense": -9.093,
        "netIncome": 29.721,
        "netIncomeAfterTaxes": 29.721,
        "period": "2018-06-30",
        "pretaxIncome": 37.902,
        "provisionforIncomeTaxes": 8.181,
        "researchDevelopment": 32.483,
        "revenue": 254.993,
        "sgaExpense": 97.391,
        "totalOperatingExpense": 131.445,
        "totalOtherIncomeExpenseNet": 2.458
      },
      {
        "costOfGoodsSold": 79.493,
        "depreciationAmortization": 1.684,
        "dilutedAverageSharesOutstanding": 29.985,
        "dilutedEPS": 1.04,
        "ebit": 46.439,
        "grossIncome": 176.767,
        "interestExpense": 7.116,
        "interestIncomeExpense": -6.396,
        "netIncome": 31.169,
        "netIncomeAfterTaxes": 31.169,
        "period": "2018-03-31",
        "pretaxIncome": 39.162,
        "provisionforIncomeTaxes": 7.993,
        "researchDevelopment": 32.519,
        "revenue": 256.26,
        "sgaExpense": 96.125,
        "totalOperatingExpense": 130.328,
        "totalOtherIncomeExpenseNet": -0.881
      },
      {
        "costOfGoodsSold": 74.432,
        "depreciationAmortization": 1.788,
        "dilutedAverageSharesOutstanding": 31.561,
        "dilutedEPS": 1.04,
        "ebit": 36.825,
        "grossIncome": 157.929,
        "interestExpense": 6.46,
        "interestIncomeExpense": -6.266,
        "netIncome": 32.879,
        "netIncomeAfterTaxes": 32.879,
        "period": "2017-12-31",
        "pretaxIncome": 30.878,
        "provisionforIncomeTaxes": -2.001,
        "researchDevelopment": 28.974,
        "revenue": 232.361,
        "sgaExpense": 90.342,
        "totalOperatingExpense": 121.104,
        "totalOtherIncomeExpenseNet": 0.319
      },
      {
        "costOfGoodsSold": 75.202,
        "depreciationAmortization": 2.712,
        "dilutedAverageSharesOutstanding": 31.96,
        "dilutedEPS": 1.25,
        "ebit": 60.803,
        "grossIncome": 178.003,
        "interestExpense": 6.387,
        "interestIncomeExpense": -6.387,
        "netIncome": 40.044,
        "netIncomeAfterTaxes": 40.044,
        "nonRecurringItems": 0,
        "period": "2017-09-30",
        "pretaxIncome": 54.202,
        "provisionforIncomeTaxes": 14.158,
        "researchDevelopment": 30.226,
        "revenue": 253.205,
        "sgaExpense": 84.262,
        "totalOperatingExpense": 117.2,
        "totalOtherIncomeExpenseNet": -0.214
      },
      {
        "costOfGoodsSold": 69.793,
        "depreciationAmortization": 3.365,
        "dilutedAverageSharesOutstanding": 32.224,
        "dilutedEPS": 0.78,
        "ebit": 45.9,
        "grossIncome": 161.193,
        "interestExpense": 6.653,
        "interestIncomeExpense": -6.653,
        "netIncome": 25.227,
        "netIncomeAfterTaxes": 25.227,
        "nonRecurringItems": -4.471,
        "period": "2017-06-30",
        "pretaxIncome": 35.331,
        "provisionforIncomeTaxes": 10.104,
        "researchDevelopment": 27.839,
        "revenue": 230.986,
        "sgaExpense": 84.089,
        "totalOperatingExpense": 115.293,
        "totalOtherIncomeExpenseNet": 0.555
      },
      {
        "costOfGoodsSold": 72.131,
        "depreciationAmortization": 3.312,
        "dilutedAverageSharesOutstanding": 32.26,
        "dilutedEPS": 0.78,
        "ebit": 40.041,
        "grossIncome": 156.247,
        "interestExpense": 6.578,
        "interestIncomeExpense": -6.578,
        "netIncome": 25.084,
        "netIncomeAfterTaxes": 25.084,
        "period": "2017-03-31",
        "pretaxIncome": 33.136,
        "provisionforIncomeTaxes": 8.052,
        "researchDevelopment": 26.663,
        "revenue": 228.378,
        "sgaExpense": 86.231,
        "totalOperatingExpense": 116.206,
        "totalOtherIncomeExpenseNet": -0.327
      },
      {
        "costOfGoodsSold": 69.997,
        "depreciationAmortization": 3.32,
        "dilutedAverageSharesOutstanding": 32.536,
        "dilutedEPS": 1.16,
        "ebit": 34.927,
        "grossIncome": 149.603,
        "interestExpense": 6.172,
        "interestIncomeExpense": -6.172,
        "netIncome": 37.901,
        "netIncomeAfterTaxes": 37.901,
        "period": "2016-12-31",
        "pretaxIncome": 28.655,
        "provisionforIncomeTaxes": -9.246,
        "researchDevelopment": 26.142,
        "revenue": 219.6,
        "sgaExpense": 85.214,
        "totalOperatingExpense": 114.676,
        "totalOtherIncomeExpenseNet": -0.1
      },
      {
        "costOfGoodsSold": 74.298,
        "depreciationAmortization": 3.409,
        "dilutedAverageSharesOutstanding": 32.221,
        "dilutedEPS": 1,
        "ebit": 44.915,
        "grossIncome": 161.526,
        "interestExpense": 6.313,
        "interestIncomeExpense": -6.313,
        "netIncome": 32.104,
        "netIncomeAfterTaxes": 32.104,
        "nonRecurringItems": 0,
        "period": "2016-09-30",
        "pretaxIncome": 38.359,
        "provisionforIncomeTaxes": 6.255,
        "researchDevelopment": 27.773,
        "revenue": 235.824,
        "sgaExpense": 85.429,
        "totalOperatingExpense": 116.611,
        "totalOtherIncomeExpenseNet": -0.243
      },
      {
        "costOfGoodsSold": 66.384,
        "depreciationAmortization": 3.486,
        "dilutedAverageSharesOutstanding": 32.313,
        "dilutedEPS": 1.08,
        "ebit": 55.319,
        "grossIncome": 172.394,
        "interestExpense": 6.781,
        "interestIncomeExpense": -6.781,
        "netIncome": 34.987,
        "netIncomeAfterTaxes": 34.987,
        "nonRecurringItems": 0,
        "period": "2016-06-30",
        "pretaxIncome": 50.29,
        "provisionforIncomeTaxes": 15.303,
        "researchDevelopment": 26.417,
        "revenue": 238.778,
        "sgaExpense": 87.172,
        "totalOperatingExpense": 117.075,
        "totalOtherIncomeExpenseNet": 1.752
      },
      {
        "costOfGoodsSold": 62.298,
        "depreciationAmortization": 3.507,
        "dilutedAverageSharesOutstanding": 32.262,
        "dilutedEPS": 0.72,
        "ebit": 38.524,
        "grossIncome": 144.38,
        "interestExpense": 6.815,
        "interestIncomeExpense": -6.815,
        "netIncome": 23.116,
        "netIncomeAfterTaxes": 23.116,
        "period": "2016-03-31",
        "pretaxIncome": 32.144,
        "provisionforIncomeTaxes": 9.028,
        "researchDevelopment": 24.848,
        "revenue": 206.678,
        "sgaExpense": 77.501,
        "totalOperatingExpense": 105.856,
        "totalOtherIncomeExpenseNet": 0.435
      },
      {
        "costOfGoodsSold": 62.193,
        "depreciationAmortization": 3.58,
        "dilutedAverageSharesOutstanding": 32.436,
        "dilutedEPS": 0.59,
        "ebit": 30.834,
        "grossIncome": 137.883,
        "interestExpense": 6.724,
        "interestIncomeExpense": -6.724,
        "netIncome": 19.241,
        "netIncomeAfterTaxes": 19.241,
        "period": "2015-12-31",
        "pretaxIncome": 23.776,
        "provisionforIncomeTaxes": 4.535,
        "researchDevelopment": 24.631,
        "revenue": 200.076,
        "sgaExpense": 78.838,
        "totalOperatingExpense": 107.049,
        "totalOtherIncomeExpenseNet": -0.334
      },
      {
        "costOfGoodsSold": 67.042,
        "depreciationAmortization": 3.627,
        "dilutedAverageSharesOutstanding": 32.494,
        "dilutedEPS": 1.03,
        "ebit": 57.158,
        "grossIncome": 165.714,
        "interestExpense": 6.867,
        "interestIncomeExpense": -6.867,
        "netIncome": 33.319,
        "netIncomeAfterTaxes": 33.319,
        "nonRecurringItems": -15.986,
        "period": "2015-09-30",
        "pretaxIncome": 34.417,
        "provisionforIncomeTaxes": 1.098,
        "researchDevelopment": 26.236,
        "revenue": 232.756,
        "sgaExpense": 78.693,
        "totalOperatingExpense": 108.556,
        "totalOtherIncomeExpenseNet": 0.112
      }
    ],
    "symbol": "FICO"
  }
}