{
  "symbol": "ZTS",
  "statement": "ic",
  "frequency": "quarterly",
  "timestamp": "2025-09-19T14:09:11.027970",
  "data": {
    "financials": [
      {
        "costOfGoodsSold": 647,
        "depreciationAmortization": 33,
        "dilutedAverageSharesOutstanding": 445.5,
        "dilutedEPS": 1.6117,
        "ebit": 999,
        "grossIncome": 1813,
        "interestExpense": 53,
        "interestIncomeExpense": -48,
        "minorityInterest": 0,
        "netIncome": 718,
        "netIncomeAfterTaxes": 718,
        "nonRecurringItems": -49,
        "otherOperatingExpensesTotal": 1,
        "period": "2025-06-30",
        "pretaxIncome": 902,
        "provisionforIncomeTaxes": 184,
        "researchDevelopment": 172,
        "revenue": 2460,
        "sgaExpense": 608,
        "totalOperatingExpense": 814
      },
      {
        "costOfGoodsSold": 622,
        "depreciationAmortization": 32,
        "dilutedAverageSharesOutstanding": 448,
        "dilutedEPS": 1.4085,
        "ebit": 849,
        "grossIncome": 1598,
        "interestExpense": 54,
        "interestIncomeExpense": -39,
        "minorityInterest": 0,
        "netIncome": 631,
        "netIncomeAfterTaxes": 631,
        "nonRecurringItems": 0,
        "otherOperatingExpensesTotal": -3,
        "period": "2025-03-31",
        "pretaxIncome": 810,
        "provisionforIncomeTaxes": 179,
        "researchDevelopment": 157,
        "revenue": 2220,
        "sgaExpense": 563,
        "totalOperatingExpense": 749
      },
      {
        "costOfGoodsSold": 707,
        "depreciationAmortization": 34,
        "dilutedAverageSharesOutstanding": 451.092,
        "dilutedEPS": 1.288,
        "ebit": 771,
        "grossIncome": 1610,
        "interestExpense": 51,
        "interestIncomeExpense": -32,
        "minorityInterest": 0,
        "netIncome": 581,
        "netIncomeAfterTaxes": 581,
        "nonRecurringItems": -7,
        "otherOperatingExpensesTotal": -6,
        "period": "2024-12-31",
        "pretaxIncome": 732,
        "provisionforIncomeTaxes": 151,
        "researchDevelopment": 186,
        "revenue": 2317,
        "sgaExpense": 625,
        "totalOperatingExpense": 839
      },
      {
        "costOfGoodsSold": 699,
        "depreciationAmortization": 35,
        "dilutedAverageSharesOutstanding": 453.5,
        "dilutedEPS": 1.5039,
        "ebit": 918,
        "grossIncome": 1689,
        "interestExpense": 57,
        "interestIncomeExpense": -39,
        "minorityInterest": -10,
        "netIncome": 682,
        "netIncomeAfterTaxes": 692,
        "nonRecurringItems": -5,
        "otherOperatingExpensesTotal": 4,
        "period": "2024-09-30",
        "pretaxIncome": 874,
        "provisionforIncomeTaxes": 182,
        "researchDevelopment": 167,
        "revenue": 2388,
        "sgaExpense": 565,
        "totalOperatingExpense": 771
      },
      {
        "costOfGoodsSold": 667,
        "depreciationAmortization": 35,
        "dilutedAverageSharesOutstanding": 456,
        "dilutedEPS": 1.3684,
        "ebit": 908,
        "grossIncome": 1694,
        "interestExpense": 59,
        "interestIncomeExpense": -53,
        "minorityInterest": 0,
        "netIncome": 624,
        "netIncomeAfterTaxes": 624,
        "nonRecurringItems": -75,
        "otherOperatingExpensesTotal": -1,
        "period": "2024-06-30",
        "pretaxIncome": 780,
        "provisionforIncomeTaxes": 156,
        "researchDevelopment": 171,
        "revenue": 2361,
        "sgaExpense": 581,
        "totalOperatingExpense": 786
      },
      {
        "costOfGoodsSold": 641,
        "depreciationAmortization": 37,
        "dilutedAverageSharesOutstanding": 458.8,
        "dilutedEPS": 1.3056,
        "ebit": 796,
        "grossIncome": 1549,
        "interestExpense": 58,
        "interestIncomeExpense": -45,
        "minorityInterest": 0,
        "netIncome": 599,
        "netIncomeAfterTaxes": 599,
        "nonRecurringItems": -4,
        "otherOperatingExpensesTotal": 7,
        "period": "2024-03-31",
        "pretaxIncome": 747,
        "provisionforIncomeTaxes": 148,
        "researchDevelopment": 162,
        "revenue": 2190,
        "sgaExpense": 547,
        "totalOperatingExpense": 753
      },
      {
        "costOfGoodsSold": 727,
        "depreciationAmortization": 37,
        "dilutedAverageSharesOutstanding": 460.076,
        "dilutedEPS": 1.1411,
        "ebit": 715,
        "grossIncome": 1486,
        "interestExpense": 59,
        "interestIncomeExpense": -39,
        "minorityInterest": 2,
        "netIncome": 525,
        "netIncomeAfterTaxes": 523,
        "nonRecurringItems": -26,
        "otherOperatingExpensesTotal": -5,
        "period": "2023-12-31",
        "pretaxIncome": 650,
        "provisionforIncomeTaxes": 127,
        "researchDevelopment": 174,
        "revenue": 2213,
        "sgaExpense": 565,
        "totalOperatingExpense": 771
      },
      {
        "costOfGoodsSold": 637,
        "depreciationAmortization": 38,
        "dilutedAverageSharesOutstanding": 461.4,
        "dilutedEPS": 1.29,
        "ebit": 795,
        "grossIncome": 1514,
        "interestExpense": 59,
        "interestIncomeExpense": -55,
        "minorityInterest": 0,
        "netIncome": 596,
        "netIncomeAfterTaxes": 596,
        "nonRecurringItems": -23,
        "otherOperatingExpensesTotal": 4,
        "period": "2023-09-30",
        "pretaxIncome": 717,
        "provisionforIncomeTaxes": 121,
        "researchDevelopment": 152,
        "revenue": 2151,
        "sgaExpense": 525,
        "totalOperatingExpense": 719
      },
      {
        "costOfGoodsSold": 606,
        "depreciationAmortization": 37,
        "dilutedAverageSharesOutstanding": 462.9,
        "dilutedEPS": 1.45,
        "ebit": 837,
        "grossIncome": 1574,
        "interestExpense": 58,
        "interestIncomeExpense": -48,
        "minorityInterest": 1,
        "netIncome": 671,
        "netIncomeAfterTaxes": 670,
        "nonRecurringItems": 83,
        "otherOperatingExpensesTotal": -2,
        "period": "2023-06-30",
        "pretaxIncome": 872,
        "provisionforIncomeTaxes": 202,
        "researchDevelopment": 146,
        "revenue": 2180,
        "sgaExpense": 556,
        "totalOperatingExpense": 737
      },
      {
        "costOfGoodsSold": 554,
        "depreciationAmortization": 37,
        "dilutedAverageSharesOutstanding": 464.6,
        "dilutedEPS": 1.19,
        "ebit": 757,
        "grossIncome": 1446,
        "interestExpense": 63,
        "interestIncomeExpense": -39,
        "minorityInterest": 1,
        "netIncome": 552,
        "netIncomeAfterTaxes": 551,
        "nonRecurringItems": -21,
        "otherOperatingExpensesTotal": 5,
        "period": "2023-03-31",
        "pretaxIncome": 697,
        "provisionforIncomeTaxes": 146,
        "researchDevelopment": 142,
        "revenue": 2000,
        "sgaExpense": 505,
        "totalOperatingExpense": 689
      },
      {
        "costOfGoodsSold": 651,
        "depreciationAmortization": 35,
        "dilutedAverageSharesOutstanding": 465.7,
        "dilutedEPS": 0.99,
        "ebit": 698,
        "grossIncome": 1389,
        "interestExpense": 62,
        "interestIncomeExpense": -58,
        "minorityInterest": 1,
        "netIncome": 461,
        "netIncomeAfterTaxes": 460,
        "nonRecurringItems": -48,
        "otherOperatingExpensesTotal": -6,
        "period": "2022-12-31",
        "pretaxIncome": 592,
        "provisionforIncomeTaxes": 132,
        "researchDevelopment": 148,
        "revenue": 2040,
        "sgaExpense": 514,
        "totalOperatingExpense": 691
      },
      {
        "costOfGoodsSold": 606,
        "depreciationAmortization": 37,
        "dilutedAverageSharesOutstanding": 469.1,
        "dilutedEPS": 1.13,
        "ebit": 725,
        "grossIncome": 1396,
        "interestExpense": 53,
        "interestIncomeExpense": -51,
        "minorityInterest": 1,
        "netIncome": 529,
        "netIncomeAfterTaxes": 528,
        "nonRecurringItems": -7,
        "otherOperatingExpensesTotal": -1,
        "period": "2022-09-30",
        "pretaxIncome": 667,
        "provisionforIncomeTaxes": 139,
        "researchDevelopment": 134,
        "revenue": 2002,
        "sgaExpense": 501,
        "totalOperatingExpense": 671
      },
      {
        "costOfGoodsSold": 624,
        "depreciationAmortization": 37,
        "dilutedAverageSharesOutstanding": 471.5,
        "dilutedEPS": 1.12,
        "ebit": 733,
        "grossIncome": 1428,
        "interestExpense": 53,
        "interestIncomeExpense": -62,
        "minorityInterest": 0,
        "netIncome": 529,
        "netIncomeAfterTaxes": 529,
        "nonRecurringItems": -1,
        "otherOperatingExpensesTotal": -6,
        "period": "2022-06-30",
        "pretaxIncome": 670,
        "provisionforIncomeTaxes": 141,
        "researchDevelopment": 135,
        "revenue": 2052,
        "sgaExpense": 529,
        "totalOperatingExpense": 695
      },
      {
        "costOfGoodsSold": 565,
        "depreciationAmortization": 41,
        "dilutedAverageSharesOutstanding": 474.1,
        "dilutedEPS": 1.26,
        "ebit": 794,
        "grossIncome": 1421,
        "interestExpense": 53,
        "interestIncomeExpense": -62,
        "minorityInterest": 1,
        "netIncome": 595,
        "netIncomeAfterTaxes": 594,
        "nonRecurringItems": -5,
        "otherOperatingExpensesTotal": -1,
        "period": "2022-03-31",
        "pretaxIncome": 727,
        "provisionforIncomeTaxes": 133,
        "researchDevelopment": 122,
        "revenue": 1986,
        "sgaExpense": 465,
        "totalOperatingExpense": 627
      },
      {
        "costOfGoodsSold": 596,
        "depreciationAmortization": 40,
        "dilutedAverageSharesOutstanding": 475.6,
        "dilutedEPS": 0.87,
        "ebit": 597,
        "grossIncome": 1371,
        "interestExpense": 54,
        "interestIncomeExpense": -59,
        "minorityInterest": 1,
        "netIncome": 414,
        "netIncomeAfterTaxes": 413,
        "nonRecurringItems": -32,
        "otherOperatingExpensesTotal": 3,
        "period": "2021-12-31",
        "pretaxIncome": 506,
        "provisionforIncomeTaxes": 93,
        "researchDevelopment": 138,
        "revenue": 1967,
        "sgaExpense": 593,
        "totalOperatingExpense": 774
      },
      {
        "costOfGoodsSold": 582,
        "depreciationAmortization": 40,
        "dilutedAverageSharesOutstanding": 476.3,
        "dilutedEPS": 1.16,
        "ebit": 735,
        "grossIncome": 1408,
        "interestExpense": 56,
        "interestIncomeExpense": -63,
        "minorityInterest": 0,
        "netIncome": 552,
        "netIncomeAfterTaxes": 552,
        "nonRecurringItems": -13,
        "otherOperatingExpensesTotal": -3,
        "period": "2021-09-30",
        "pretaxIncome": 659,
        "provisionforIncomeTaxes": 107,
        "researchDevelopment": 132,
        "revenue": 1990,
        "sgaExpense": 504,
        "totalOperatingExpense": 673
      },
      {
        "costOfGoodsSold": 564,
        "depreciationAmortization": 41,
        "dilutedAverageSharesOutstanding": 477,
        "dilutedEPS": 1.07,
        "ebit": 726,
        "grossIncome": 1384,
        "interestExpense": 57,
        "interestIncomeExpense": -64,
        "minorityInterest": 1,
        "netIncome": 512,
        "netIncomeAfterTaxes": 511,
        "nonRecurringItems": -26,
        "otherOperatingExpensesTotal": 2,
        "period": "2021-06-30",
        "pretaxIncome": 636,
        "provisionforIncomeTaxes": 125,
        "researchDevelopment": 120,
        "revenue": 1948,
        "sgaExpense": 495,
        "totalOperatingExpense": 658
      },
      {
        "costOfGoodsSold": 543,
        "depreciationAmortization": 40,
        "dilutedAverageSharesOutstanding": 477.9,
        "dilutedEPS": 1.17,
        "ebit": 759,
        "grossIncome": 1328,
        "interestExpense": 57,
        "interestIncomeExpense": -59,
        "minorityInterest": 1,
        "netIncome": 559,
        "netIncomeAfterTaxes": 558,
        "nonRecurringItems": -13,
        "otherOperatingExpensesTotal": 2,
        "period": "2021-03-31",
        "pretaxIncome": 687,
        "provisionforIncomeTaxes": 129,
        "researchDevelopment": 118,
        "revenue": 1871,
        "sgaExpense": 409,
        "totalOperatingExpense": 569
      },
      {
        "costOfGoodsSold": 598,
        "depreciationAmortization": 40,
        "dilutedAverageSharesOutstanding": 478.8,
        "dilutedEPS": 0.75,
        "ebit": 512,
        "grossIncome": 1209,
        "interestExpense": 58,
        "interestIncomeExpense": -62,
        "minorityInterest": 1,
        "netIncome": 359,
        "netIncomeAfterTaxes": 358,
        "nonRecurringItems": -30,
        "otherOperatingExpensesTotal": 4,
        "period": "2020-12-31",
        "pretaxIncome": 420,
        "provisionforIncomeTaxes": 62,
        "researchDevelopment": 133,
        "revenue": 1807,
        "sgaExpense": 520,
        "totalOperatingExpense": 697
      },
      {
        "costOfGoodsSold": 543,
        "depreciationAmortization": 40,
        "dilutedAverageSharesOutstanding": 478.5,
        "dilutedEPS": 1,
        "ebit": 665,
        "grossIncome": 1243,
        "interestExpense": 62,
        "interestIncomeExpense": -64,
        "minorityInterest": 0,
        "netIncome": 479,
        "netIncomeAfterTaxes": 479,
        "nonRecurringItems": -4,
        "otherOperatingExpensesTotal": 2,
        "period": "2020-09-30",
        "pretaxIncome": 597,
        "provisionforIncomeTaxes": 118,
        "researchDevelopment": 112,
        "revenue": 1786,
        "sgaExpense": 424,
        "totalOperatingExpense": 578
      },
      {
        "costOfGoodsSold": 446,
        "depreciationAmortization": 40,
        "dilutedAverageSharesOutstanding": 478.1,
        "dilutedEPS": 0.79,
        "ebit": 558,
        "grossIncome": 1102,
        "interestExpense": 58,
        "interestIncomeExpense": -62,
        "minorityInterest": 1,
        "netIncome": 377,
        "netIncomeAfterTaxes": 376,
        "nonRecurringItems": -14,
        "otherOperatingExpensesTotal": 0,
        "period": "2020-06-30",
        "pretaxIncome": 482,
        "provisionforIncomeTaxes": 106,
        "researchDevelopment": 111,
        "revenue": 1548,
        "sgaExpense": 393,
        "totalOperatingExpense": 544
      },
      {
        "costOfGoodsSold": 458,
        "depreciationAmortization": 40,
        "dilutedAverageSharesOutstanding": 479,
        "dilutedEPS": 0.88,
        "ebit": 541,
        "grossIncome": 1076,
        "interestExpense": 53,
        "interestIncomeExpense": -52,
        "netIncome": 423,
        "netIncomeAfterTaxes": 423,
        "nonRecurringItems": 8,
        "otherOperatingExpensesTotal": -1,
        "period": "2020-03-31",
        "pretaxIncome": 497,
        "provisionforIncomeTaxes": 74,
        "researchDevelopment": 107,
        "revenue": 1534,
        "sgaExpense": 389,
        "totalOperatingExpense": 535
      },
      {
        "costOfGoodsSold": 526,
        "depreciationAmortization": 40,
        "dilutedAverageSharesOutstanding": 474.1,
        "dilutedEPS": 0.81,
        "ebit": 505,
        "grossIncome": 1148,
        "interestExpense": 56,
        "interestIncomeExpense": -50,
        "minorityInterest": 0,
        "netIncome": 384,
        "netIncomeAfterTaxes": 384,
        "nonRecurringItems": -18,
        "otherOperatingExpensesTotal": -1,
        "period": "2019-12-31",
        "pretaxIncome": 437,
        "provisionforIncomeTaxes": 53,
        "researchDevelopment": 132,
        "revenue": 1674,
        "sgaExpense": 472,
        "totalOperatingExpense": 643
      },
      {
        "costOfGoodsSold": 475,
        "depreciationAmortization": 38,
        "dilutedAverageSharesOutstanding": 481.5,
        "dilutedEPS": 0.9,
        "ebit": 567,
        "grossIncome": 1109,
        "interestExpense": 56,
        "interestIncomeExpense": -53,
        "minorityInterest": 0,
        "netIncome": 433,
        "netIncomeAfterTaxes": 433,
        "nonRecurringItems": 14,
        "otherOperatingExpensesTotal": 1,
        "period": "2019-09-30",
        "pretaxIncome": 528,
        "provisionforIncomeTaxes": 95,
        "researchDevelopment": 112,
        "revenue": 1584,
        "sgaExpense": 391,
        "totalOperatingExpense": 542
      },
      {
        "costOfGoodsSold": 462,
        "depreciationAmortization": 39,
        "dilutedAverageSharesOutstanding": 482.3,
        "dilutedEPS": 0.77,
        "ebit": 530,
        "grossIncome": 1085,
        "interestExpense": 55,
        "interestIncomeExpense": -53,
        "minorityInterest": 0,
        "netIncome": 371,
        "netIncomeAfterTaxes": 371,
        "nonRecurringItems": -22,
        "otherOperatingExpensesTotal": -1,
        "period": "2019-06-30",
        "pretaxIncome": 455,
        "provisionforIncomeTaxes": 84,
        "researchDevelopment": 111,
        "revenue": 1547,
        "sgaExpense": 406,
        "totalOperatingExpense": 555
      },
      {
        "costOfGoodsSold": 513,
        "depreciationAmortization": 38,
        "dilutedAverageSharesOutstanding": 483.1,
        "dilutedEPS": 0.65,
        "ebit": 432,
        "grossIncome": 942,
        "interestExpense": 56,
        "interestIncomeExpense": -46,
        "minorityInterest": 0,
        "netIncome": 312,
        "netIncomeAfterTaxes": 312,
        "nonRecurringItems": -5,
        "otherOperatingExpensesTotal": 1,
        "period": "2019-03-31",
        "pretaxIncome": 381,
        "provisionforIncomeTaxes": 69,
        "researchDevelopment": 102,
        "revenue": 1455,
        "sgaExpense": 369,
        "totalOperatingExpense": 510
      },
      {
        "costOfGoodsSold": 534,
        "depreciationAmortization": 39,
        "dilutedAverageSharesOutstanding": 484.5,
        "dilutedEPS": 0.71,
        "ebit": 443,
        "grossIncome": 1030,
        "interestExpense": 59,
        "interestIncomeExpense": -53,
        "minorityInterest": 0,
        "netIncome": 345,
        "netIncomeAfterTaxes": 358,
        "nonRecurringItems": 28,
        "otherOperatingExpensesTotal": 3,
        "period": "2018-12-31",
        "pretaxIncome": 418,
        "provisionforIncomeTaxes": 60,
        "researchDevelopment": 125,
        "revenue": 1564,
        "sgaExpense": 420,
        "totalOperatingExpense": 587
      },
      {
        "costOfGoodsSold": 468,
        "depreciationAmortization": 32,
        "dilutedAverageSharesOutstanding": 485.8,
        "dilutedEPS": 0.71,
        "ebit": 524,
        "grossIncome": 1012,
        "interestExpense": 54,
        "interestIncomeExpense": -57,
        "minorityInterest": 0,
        "netIncome": 347,
        "netIncomeAfterTaxes": 324,
        "nonRecurringItems": -49,
        "otherOperatingExpensesTotal": -19,
        "period": "2018-09-30",
        "pretaxIncome": 418,
        "provisionforIncomeTaxes": 94,
        "researchDevelopment": 108,
        "revenue": 1480,
        "sgaExpense": 367,
        "totalOperatingExpense": 488
      },
      {
        "costOfGoodsSold": 441,
        "depreciationAmortization": 23,
        "dilutedAverageSharesOutstanding": 487.5,
        "dilutedEPS": 0.78,
        "ebit": 497,
        "grossIncome": 974,
        "interestExpense": 46,
        "interestIncomeExpense": -55,
        "minorityInterest": 2,
        "netIncome": 384,
        "netIncomeAfterTaxes": 349,
        "nonRecurringItems": -5,
        "otherOperatingExpensesTotal": -7,
        "period": "2018-06-30",
        "pretaxIncome": 437,
        "provisionforIncomeTaxes": 88,
        "researchDevelopment": 102,
        "revenue": 1415,
        "sgaExpense": 359,
        "totalOperatingExpense": 477
      },
      {
        "costOfGoodsSold": 440,
        "depreciationAmortization": 23,
        "dilutedAverageSharesOutstanding": 489.8,
        "dilutedEPS": 0.71,
        "ebit": 474,
        "grossIncome": 926,
        "interestExpense": 47,
        "interestIncomeExpense": -55,
        "minorityInterest": 2,
        "netIncome": 352,
        "netIncomeAfterTaxes": 348,
        "nonRecurringItems": -2,
        "otherOperatingExpensesTotal": -6,
        "period": "2018-03-31",
        "pretaxIncome": 417,
        "provisionforIncomeTaxes": 69,
        "researchDevelopment": 97,
        "revenue": 1366,
        "sgaExpense": 338,
        "totalOperatingExpense": 452
      },
      {
        "costOfGoodsSold": 464,
        "depreciationAmortization": 23,
        "dilutedAverageSharesOutstanding": 490.9,
        "dilutedEPS": 0.16,
        "ebit": 505,
        "grossIncome": 996,
        "interestExpense": 50,
        "interestIncomeExpense": -62,
        "minorityInterest": 1,
        "netIncome": 81,
        "netIncomeAfterTaxes": 292,
        "nonRecurringItems": -13,
        "otherOperatingExpensesTotal": -3,
        "period": "2017-12-31",
        "pretaxIncome": 430,
        "provisionforIncomeTaxes": 138,
        "researchDevelopment": 110,
        "revenue": 1460,
        "sgaExpense": 361,
        "totalOperatingExpense": 491
      },
      {
        "costOfGoodsSold": 428,
        "depreciationAmortization": 23,
        "dilutedAverageSharesOutstanding": 492.4,
        "dilutedEPS": 0.61,
        "ebit": 475,
        "grossIncome": 919,
        "interestExpense": 43,
        "interestIncomeExpense": -50,
        "minorityInterest": 2,
        "netIncome": 298,
        "netIncomeAfterTaxes": 296,
        "nonRecurringItems": -12,
        "otherOperatingExpensesTotal": -3,
        "period": "2017-10-01",
        "pretaxIncome": 413,
        "provisionforIncomeTaxes": 117,
        "researchDevelopment": 96,
        "revenue": 1347,
        "sgaExpense": 328,
        "totalOperatingExpense": 444
      },
      {
        "costOfGoodsSold": 435,
        "depreciationAmortization": 23,
        "dilutedAverageSharesOutstanding": 494,
        "dilutedEPS": 0.5,
        "ebit": 392,
        "grossIncome": 834,
        "interestExpense": 41,
        "interestIncomeExpense": -49,
        "minorityInterest": 0,
        "netIncome": 247,
        "netIncomeAfterTaxes": 247,
        "nonRecurringItems": 2,
        "otherOperatingExpensesTotal": -3,
        "period": "2017-07-02",
        "pretaxIncome": 345,
        "provisionforIncomeTaxes": 98,
        "researchDevelopment": 86,
        "revenue": 1269,
        "sgaExpense": 336,
        "totalOperatingExpense": 442
      },
      {
        "costOfGoodsSold": 436,
        "depreciationAmortization": 22,
        "dilutedAverageSharesOutstanding": 495.3,
        "dilutedEPS": 0.48,
        "ebit": 379,
        "grossIncome": 795,
        "interestExpense": 41,
        "interestIncomeExpense": -43,
        "minorityInterest": -1,
        "netIncome": 238,
        "netIncomeAfterTaxes": 239,
        "nonRecurringItems": 1,
        "otherOperatingExpensesTotal": -5,
        "period": "2017-04-02",
        "pretaxIncome": 337,
        "provisionforIncomeTaxes": 98,
        "researchDevelopment": 90,
        "revenue": 1231,
        "sgaExpense": 309,
        "totalOperatingExpense": 416
      },
      {
        "costOfGoodsSold": 458,
        "depreciationAmortization": 21,
        "dilutedAverageSharesOutstanding": 496.5,
        "dilutedEPS": 0.31,
        "ebit": 334,
        "grossIncome": 819,
        "interestExpense": 41,
        "interestIncomeExpense": -68,
        "minorityInterest": 0,
        "netIncome": 154,
        "netIncomeAfterTaxes": 154,
        "nonRecurringItems": -35,
        "otherOperatingExpensesTotal": -5,
        "period": "2016-12-31",
        "pretaxIncome": 231,
        "provisionforIncomeTaxes": 77,
        "researchDevelopment": 108,
        "revenue": 1277,
        "sgaExpense": 361,
        "totalOperatingExpense": 485
      },
      {
        "costOfGoodsSold": 402,
        "depreciationAmortization": 21,
        "dilutedAverageSharesOutstanding": 497.9,
        "dilutedEPS": 0.48,
        "ebit": 384,
        "grossIncome": 839,
        "interestExpense": 41,
        "interestIncomeExpense": -46,
        "minorityInterest": 2,
        "netIncome": 239,
        "netIncomeAfterTaxes": 237,
        "nonRecurringItems": -5,
        "otherOperatingExpensesTotal": -1,
        "period": "2016-10-02",
        "pretaxIncome": 333,
        "provisionforIncomeTaxes": 96,
        "researchDevelopment": 90,
        "revenue": 1241,
        "sgaExpense": 345,
        "totalOperatingExpense": 455
      },
      {
        "costOfGoodsSold": 394,
        "depreciationAmortization": 22,
        "dilutedAverageSharesOutstanding": 498.8,
        "dilutedEPS": 0.45,
        "ebit": 366,
        "grossIncome": 814,
        "interestExpense": 41,
        "interestIncomeExpense": -49,
        "minorityInterest": 0,
        "netIncome": 224,
        "netIncomeAfterTaxes": 224,
        "nonRecurringItems": 15,
        "otherOperatingExpensesTotal": -5,
        "period": "2016-07-03",
        "pretaxIncome": 332,
        "provisionforIncomeTaxes": 108,
        "researchDevelopment": 88,
        "revenue": 1208,
        "sgaExpense": 343,
        "totalOperatingExpense": 448
      },
      {
        "costOfGoodsSold": 382,
        "depreciationAmortization": 21,
        "dilutedAverageSharesOutstanding": 499.5,
        "dilutedEPS": 0.41,
        "ebit": 353,
        "grossIncome": 780,
        "interestExpense": 43,
        "interestIncomeExpense": -52,
        "minorityInterest": 0,
        "netIncome": 204,
        "netIncomeAfterTaxes": 204,
        "nonRecurringItems": 31,
        "otherOperatingExpensesTotal": 1,
        "period": "2016-04-03",
        "pretaxIncome": 332,
        "provisionforIncomeTaxes": 128,
        "researchDevelopment": 90,
        "revenue": 1162,
        "sgaExpense": 315,
        "totalOperatingExpense": 427
      },
      {
        "costOfGoodsSold": 491,
        "depreciationAmortization": 16,
        "dilutedAverageSharesOutstanding": 500.6,
        "dilutedEPS": 0.04,
        "ebit": 237,
        "grossIncome": 783,
        "interestExpense": 38,
        "interestIncomeExpense": -122,
        "minorityInterest": 2,
        "netIncome": 22,
        "netIncomeAfterTaxes": 20,
        "nonRecurringItems": -46,
        "otherOperatingExpensesTotal": -4,
        "period": "2015-12-31",
        "pretaxIncome": 69,
        "provisionforIncomeTaxes": 49,
        "researchDevelopment": 109,
        "revenue": 1274,
        "sgaExpense": 425,
        "totalOperatingExpense": 546
      },
      {
        "costOfGoodsSold": 416,
        "depreciationAmortization": 15,
        "dilutedAverageSharesOutstanding": 501.7,
        "dilutedEPS": 0.38,
        "ebit": 321,
        "grossIncome": 798,
        "interestExpense": 29,
        "interestIncomeExpense": -35,
        "minorityInterest": -1,
        "netIncome": 189,
        "netIncomeAfterTaxes": 190,
        "nonRecurringItems": -13,
        "otherOperatingExpensesTotal": -3,
        "period": "2015-09-27",
        "pretaxIncome": 273,
        "provisionforIncomeTaxes": 83,
        "researchDevelopment": 91,
        "revenue": 1214,
        "sgaExpense": 374,
        "totalOperatingExpense": 477
      }
    ],
    "symbol": "ZTS"
  }
}