{
  "symbol": "UDR",
  "statement": "ic",
  "frequency": "annual",
  "timestamp": "2025-09-19T14:07:53.997082",
  "data": {
    "financials": [
      {
        "costOfGoodsSold": 568.767,
        "depreciationAmortization": 695.473,
        "dilutedAverageSharesOutstanding": 330.116,
        "dilutedEPS": 0.2567,
        "ebit": 282.881,
        "grossIncome": 1103.075,
        "interestExpense": 195.712,
        "interestIncomeExpense": -187.813,
        "minorityInterest": -6.292,
        "netIncome": 84.75,
        "netIncomeAfterTaxes": 95.877,
        "nonRecurringItems": 1.688,
        "otherOperatingExpensesTotal": 30.416,
        "period": "2024-12-31",
        "pretaxIncome": 96.756,
        "provisionforIncomeTaxes": 0.879,
        "revenue": 1671.842,
        "sgaExpense": 94.305,
        "totalOperatingExpense": 820.194,
        "year": 2024
      },
      {
        "costOfGoodsSold": 549.859,
        "depreciationAmortization": 691.838,
        "dilutedAverageSharesOutstanding": 329.104,
        "dilutedEPS": 1.3355,
        "ebit": 286.953,
        "grossIncome": 1077.642,
        "interestExpense": 180.866,
        "interestIncomeExpense": -158.414,
        "minorityInterest": -30.135,
        "netIncome": 439.505,
        "netIncomeAfterTaxes": 474.488,
        "nonRecurringItems": 348.055,
        "otherOperatingExpensesTotal": 20.222,
        "period": "2023-12-31",
        "pretaxIncome": 476.594,
        "provisionforIncomeTaxes": 2.106,
        "revenue": 1627.501,
        "sgaExpense": 78.629,
        "totalOperatingExpense": 790.689,
        "year": 2023
      },
      {
        "costOfGoodsSold": 512.424,
        "depreciationAmortization": 679.572,
        "dilutedAverageSharesOutstanding": 322.7,
        "dilutedEPS": 0.2557,
        "ebit": 235.053,
        "grossIncome": 1004.962,
        "interestExpense": 155.9,
        "interestIncomeExpense": -157.886,
        "minorityInterest": -5.655,
        "netIncome": 82.512,
        "netIncomeAfterTaxes": 92.579,
        "nonRecurringItems": 15.761,
        "otherOperatingExpensesTotal": 17.493,
        "period": "2022-12-31",
        "pretaxIncome": 92.928,
        "provisionforIncomeTaxes": 0.349,
        "revenue": 1517.386,
        "sgaExpense": 72.844,
        "totalOperatingExpense": 769.909,
        "year": 2022
      },
      {
        "costOfGoodsSold": 447.78,
        "depreciationAmortization": 619.833,
        "dilutedAverageSharesOutstanding": 301.703,
        "dilutedEPS": 0.4832,
        "ebit": 135.664,
        "grossIncome": 842.987,
        "interestExpense": 143.931,
        "interestIncomeExpense": -63.2,
        "minorityInterest": -10.977,
        "netIncome": 145.787,
        "netIncomeAfterTaxes": 160.993,
        "nonRecurringItems": 89.968,
        "otherOperatingExpensesTotal": 21.649,
        "period": "2021-12-31",
        "pretaxIncome": 162.432,
        "provisionforIncomeTaxes": 1.439,
        "revenue": 1290.767,
        "sgaExpense": 65.841,
        "totalOperatingExpense": 707.323,
        "year": 2021
      },
      {
        "costOfGoodsSold": 410,
        "depreciationAmortization": 618.6,
        "dilutedAverageSharesOutstanding": 294.9,
        "dilutedEPS": 0.2,
        "ebit": 132,
        "grossIncome": 831.1,
        "interestExpense": 153.516,
        "interestIncomeExpense": -177.6,
        "minorityInterest": -4.7,
        "netIncome": 60,
        "netIncomeAfterTaxes": 69,
        "nonRecurringItems": 117.1,
        "otherOperatingExpensesTotal": 22.8,
        "period": "2020-12-31",
        "pretaxIncome": 71.5,
        "provisionforIncomeTaxes": 2.5,
        "revenue": 1241.2,
        "sgaExpense": 57.8,
        "totalOperatingExpense": 699.2,
        "year": 2020
      },
      {
        "costOfGoodsSold": 356.1,
        "depreciationAmortization": 507.9,
        "dilutedAverageSharesOutstanding": 286,
        "dilutedEPS": 0.63,
        "ebit": 216.3,
        "grossIncome": 796.1,
        "interestExpense": 170.917,
        "interestIncomeExpense": -17.6,
        "minorityInterest": -14.6,
        "netIncome": 180.9,
        "netIncomeAfterTaxes": 199.6,
        "nonRecurringItems": 4.8,
        "otherOperatingExpensesTotal": 13.9,
        "period": "2019-12-31",
        "pretaxIncome": 203.4,
        "provisionforIncomeTaxes": 3.8,
        "revenue": 1152.2,
        "sgaExpense": 58,
        "totalOperatingExpense": 579.8,
        "year": 2019
      },
      {
        "costOfGoodsSold": 332.1,
        "depreciationAmortization": 435.7,
        "dilutedAverageSharesOutstanding": 269.5,
        "dilutedEPS": 0.74,
        "ebit": 220.6,
        "grossIncome": 714.8,
        "interestExpense": 134.168,
        "interestIncomeExpense": -132.5,
        "minorityInterest": -18.4,
        "netIncome": 199.2,
        "netIncomeAfterTaxes": 221.5,
        "nonRecurringItems": 134.1,
        "otherOperatingExpensesTotal": 4.8,
        "period": "2018-12-31",
        "pretaxIncome": 222.2,
        "provisionforIncomeTaxes": 0.7,
        "revenue": 1046.9,
        "sgaExpense": 53.7,
        "totalOperatingExpense": 494.1,
        "year": 2018
      },
      {
        "costOfGoodsSold": 312.9,
        "depreciationAmortization": 436.5,
        "dilutedAverageSharesOutstanding": 268.8,
        "dilutedEPS": 0.43,
        "ebit": 188.8,
        "grossIncome": 682.9,
        "interestExpense": 128.575,
        "interestIncomeExpense": -95.5,
        "minorityInterest": -11.1,
        "netIncome": 117.9,
        "netIncomeAfterTaxes": 131.5,
        "nonRecurringItems": 39.1,
        "otherOperatingExpensesTotal": 2.9,
        "period": "2017-12-31",
        "pretaxIncome": 132.4,
        "provisionforIncomeTaxes": 0.9,
        "revenue": 995.8,
        "sgaExpense": 54.8,
        "totalOperatingExpense": 494.1,
        "year": 2017
      },
      {
        "costOfGoodsSold": 300.6,
        "depreciationAmortization": 425.6,
        "dilutedAverageSharesOutstanding": 267.3,
        "dilutedEPS": 1.08,
        "ebit": 175.3,
        "grossIncome": 659.3,
        "interestExpense": 123.031,
        "interestIncomeExpense": -68.9,
        "minorityInterest": -27.7,
        "netIncome": 289,
        "netIncomeAfterTaxes": 109.5,
        "nonRecurringItems": -0.7,
        "otherOperatingExpensesTotal": 2.1,
        "period": "2016-12-31",
        "pretaxIncome": 105.8,
        "provisionforIncomeTaxes": -3.8,
        "revenue": 959.9,
        "sgaExpense": 56.2,
        "totalOperatingExpense": 483.9,
        "year": 2016
      },
      {
        "costOfGoodsSold": 281.1,
        "depreciationAmortization": 381.3,
        "dilutedAverageSharesOutstanding": 263.8,
        "dilutedEPS": 1.27,
        "ebit": 161.9,
        "grossIncome": 613.5,
        "interestExpense": 121.875,
        "interestIncomeExpense": -58,
        "minorityInterest": -16.8,
        "netIncome": 336.7,
        "netIncomeAfterTaxes": 105.5,
        "nonRecurringItems": -2.3,
        "otherOperatingExpensesTotal": 4.2,
        "period": "2015-12-31",
        "pretaxIncome": 101.6,
        "provisionforIncomeTaxes": -3.9,
        "revenue": 894.6,
        "sgaExpense": 66.1,
        "totalOperatingExpense": 451.6,
        "year": 2015
      }
    ],
    "symbol": "UDR"
  }
}