{
  "symbol": "LLY",
  "statement": "ic",
  "frequency": "annual",
  "timestamp": "2025-09-19T14:03:11.726344",
  "data": {
    "financials": [
      {
        "costOfGoodsSold": 8418.3,
        "dilutedAverageSharesOutstanding": 904.059,
        "dilutedEPS": 11.7138,
        "ebit": 17040,
        "grossIncome": 36624.4,
        "interestExpense": 780.6,
        "interestIncomeExpense": -654.9,
        "netIncome": 10590,
        "netIncomeAfterTaxes": 10590,
        "nonRecurringItems": -4141,
        "period": "2024-12-31",
        "pretaxIncome": 12680.4,
        "provisionforIncomeTaxes": 2090.4,
        "researchDevelopment": 10990.6,
        "revenue": 45042.7,
        "sgaExpense": 8593.8,
        "totalOperatingExpense": 19584.4,
        "totalOtherIncomeExpenseNet": 436.3,
        "year": 2024
      },
      {
        "costOfGoodsSold": 7082.2,
        "dilutedAverageSharesOutstanding": 903.284,
        "dilutedEPS": 5.8015,
        "ebit": 10325.4,
        "grossIncome": 27041.9,
        "interestExpense": 485.9,
        "interestIncomeExpense": -332.5,
        "netIncome": 5240.4,
        "netIncomeAfterTaxes": 5240.4,
        "nonRecurringItems": -3867.5,
        "period": "2023-12-31",
        "pretaxIncome": 6554.6,
        "provisionforIncomeTaxes": 1314.2,
        "researchDevelopment": 9313.4,
        "revenue": 34124.1,
        "sgaExpense": 7403.1,
        "totalOperatingExpense": 16716.5,
        "totalOtherIncomeExpenseNet": 429.2,
        "year": 2023
      },
      {
        "costOfGoodsSold": 6630,
        "dilutedAverageSharesOutstanding": 905,
        "dilutedEPS": 6.9,
        "ebit": 8280,
        "grossIncome": 21912,
        "interestExpense": 331.6,
        "interestIncomeExpense": -680,
        "netIncome": 6245,
        "netIncomeAfterTaxes": 6245,
        "nonRecurringItems": -1153,
        "period": "2022-12-31",
        "pretaxIncome": 6806,
        "provisionforIncomeTaxes": 562,
        "researchDevelopment": 7191,
        "revenue": 28541,
        "sgaExpense": 6440,
        "totalOperatingExpense": 13631,
        "totalOtherIncomeExpenseNet": 359,
        "year": 2022
      },
      {
        "costOfGoodsSold": 7313,
        "dilutedAverageSharesOutstanding": 912,
        "dilutedEPS": 6.12,
        "ebit": 7548,
        "grossIncome": 21006,
        "interestExpense": 339.8,
        "interestIncomeExpense": -138,
        "netIncome": 5582,
        "netIncomeAfterTaxes": 5582,
        "nonRecurringItems": -1596,
        "period": "2021-12-31",
        "pretaxIncome": 6156,
        "provisionforIncomeTaxes": 574,
        "researchDevelopment": 7026,
        "revenue": 28318,
        "sgaExpense": 6432,
        "totalOperatingExpense": 13458,
        "totalOtherIncomeExpenseNet": 341,
        "year": 2021
      },
      {
        "costOfGoodsSold": 5483,
        "dilutedAverageSharesOutstanding": 913,
        "dilutedEPS": 6.79,
        "ebit": 6850,
        "grossIncome": 19057,
        "interestExpense": 359.6,
        "interestIncomeExpense": -327,
        "netIncome": 6194,
        "netIncomeAfterTaxes": 6194,
        "nonRecurringItems": -792,
        "period": "2020-12-31",
        "pretaxIncome": 7230,
        "provisionforIncomeTaxes": 1036,
        "researchDevelopment": 6086,
        "revenue": 24540,
        "sgaExpense": 6121,
        "totalOperatingExpense": 12207,
        "totalOtherIncomeExpenseNet": 1499,
        "year": 2020
      },
      {
        "costOfGoodsSold": 4721,
        "dilutedAverageSharesOutstanding": 936,
        "dilutedEPS": 8.88,
        "ebit": 5790,
        "grossIncome": 17598,
        "interestExpense": 400.6,
        "interestIncomeExpense": -320,
        "netIncome": 8318,
        "netIncomeAfterTaxes": 4638,
        "nonRecurringItems": -758,
        "period": "2019-12-31",
        "pretaxIncome": 5266,
        "provisionforIncomeTaxes": 628,
        "researchDevelopment": 5595,
        "revenue": 22320,
        "sgaExpense": 6214,
        "totalOperatingExpense": 11809,
        "totalOtherIncomeExpenseNet": 555,
        "year": 2019
      },
      {
        "costOfGoodsSold": 4682,
        "dilutedAverageSharesOutstanding": 1034,
        "dilutedEPS": 3.12,
        "ebit": 5786,
        "grossIncome": 16812,
        "interestExpense": 242.5,
        "interestIncomeExpense": -83,
        "netIncome": 3232,
        "netIncomeAfterTaxes": 3326,
        "nonRecurringItems": -2251,
        "period": "2018-12-31",
        "pretaxIncome": 3680,
        "provisionforIncomeTaxes": 354,
        "researchDevelopment": 5051,
        "revenue": 21493,
        "sgaExpense": 5975,
        "totalOperatingExpense": 11026,
        "totalOtherIncomeExpenseNet": 229,
        "year": 2018
      },
      {
        "costOfGoodsSold": 4448,
        "dilutedAverageSharesOutstanding": 1052,
        "dilutedEPS": -0.19,
        "ebit": 4447,
        "grossIncome": 15526,
        "interestExpense": 225,
        "interestIncomeExpense": -59,
        "netIncome": -204,
        "netIncomeAfterTaxes": 4494,
        "nonRecurringItems": -2444,
        "period": "2017-12-31",
        "pretaxIncome": 2305,
        "provisionforIncomeTaxes": -2189,
        "researchDevelopment": 5096,
        "revenue": 19974,
        "sgaExpense": 5982,
        "totalOperatingExpense": 11079,
        "totalOtherIncomeExpenseNet": 360,
        "year": 2017
      },
      {
        "costOfGoodsSold": 5655,
        "dilutedAverageSharesOutstanding": 1062,
        "dilutedEPS": 2.58,
        "ebit": 3872,
        "grossIncome": 15567,
        "interestExpense": 185.2,
        "interestIncomeExpense": -77,
        "netIncome": 2738,
        "netIncomeAfterTaxes": 2738,
        "nonRecurringItems": -413,
        "period": "2016-12-31",
        "pretaxIncome": 3374,
        "provisionforIncomeTaxes": 636,
        "researchDevelopment": 5244,
        "revenue": 21222,
        "sgaExpense": 6452,
        "totalOperatingExpense": 11695,
        "totalOtherIncomeExpenseNet": -8,
        "year": 2016
      },
      {
        "costOfGoodsSold": 5037,
        "dilutedAverageSharesOutstanding": 1066,
        "dilutedEPS": 2.26,
        "ebit": 3592,
        "grossIncome": 14922,
        "interestExpense": 161.2,
        "interestIncomeExpense": -74,
        "netIncome": 2408,
        "netIncomeAfterTaxes": 2408,
        "nonRecurringItems": -1069,
        "period": "2015-12-31",
        "pretaxIncome": 2790,
        "provisionforIncomeTaxes": 382,
        "researchDevelopment": 4796,
        "revenue": 19959,
        "sgaExpense": 6533,
        "totalOperatingExpense": 11330,
        "totalOtherIncomeExpenseNet": 342,
        "year": 2015
      }
    ],
    "symbol": "LLY"
  }
}