{
  "symbol": "ROK",
  "statement": "ic",
  "frequency": "annual",
  "timestamp": "2025-09-19T14:06:17.283248",
  "data": {
    "financials": [
      {
        "costOfGoodsSold": 5070.8,
        "dilutedAverageSharesOutstanding": 114.5,
        "dilutedEPS": 8.2812,
        "ebit": 1238,
        "grossIncome": 3193.4,
        "interestExpense": 154.6,
        "interestIncomeExpense": -138.9,
        "minorityInterest": 5.2,
        "netIncome": 948.2,
        "netIncomeAfterTaxes": 947.3,
        "nonRecurringItems": 0,
        "otherOperatingExpensesTotal": -47.2,
        "period": "2024-09-30",
        "pretaxIncome": 1099.1,
        "provisionforIncomeTaxes": 151.8,
        "revenue": 8264.2,
        "sgaExpense": 2002.6,
        "totalOperatingExpense": 1955.4,
        "year": 2024
      },
      {
        "costOfGoodsSold": 5341,
        "dilutedAverageSharesOutstanding": 115.6,
        "dilutedEPS": 11.9507,
        "ebit": 1612.3,
        "grossIncome": 3717,
        "interestExpense": 135.3,
        "interestIncomeExpense": 153.7,
        "minorityInterest": 109.4,
        "netIncome": 1381.5,
        "netIncomeAfterTaxes": 1278,
        "nonRecurringItems": -157.5,
        "otherOperatingExpensesTotal": 81,
        "period": "2023-09-30",
        "pretaxIncome": 1608.5,
        "provisionforIncomeTaxes": 330.5,
        "revenue": 9058,
        "sgaExpense": 2023.7,
        "totalOperatingExpense": 2104.7,
        "year": 2023
      },
      {
        "costOfGoodsSold": 4658.4,
        "dilutedAverageSharesOutstanding": 116.7,
        "dilutedEPS": 7.9632,
        "ebit": 1329.3,
        "grossIncome": 3102,
        "interestExpense": 123.2,
        "interestIncomeExpense": -255.7,
        "minorityInterest": 13.1,
        "netIncome": 929.3,
        "netIncomeAfterTaxes": 919.1,
        "nonRecurringItems": 0,
        "otherOperatingExpensesTotal": 6,
        "period": "2022-09-30",
        "pretaxIncome": 1073.6,
        "provisionforIncomeTaxes": 154.5,
        "revenue": 7760.4,
        "sgaExpense": 1766.7,
        "totalOperatingExpense": 1772.7,
        "year": 2022
      },
      {
        "costOfGoodsSold": 4099.7,
        "dilutedAverageSharesOutstanding": 117.1,
        "dilutedEPS": 11.5799,
        "ebit": 1151.8,
        "grossIncome": 2897.7,
        "interestExpense": 94.6,
        "interestIncomeExpense": 304.4,
        "minorityInterest": 13.8,
        "netIncome": 1356,
        "netIncomeAfterTaxes": 1344.3,
        "nonRecurringItems": 70,
        "otherOperatingExpensesTotal": 65.9,
        "period": "2021-09-30",
        "pretaxIncome": 1526.2,
        "provisionforIncomeTaxes": 181.9,
        "revenue": 6997.4,
        "sgaExpense": 1680,
        "totalOperatingExpense": 1745.9,
        "year": 2021
      },
      {
        "costOfGoodsSold": 3735,
        "dilutedAverageSharesOutstanding": 117,
        "dilutedEPS": 8.73,
        "ebit": 1080,
        "grossIncome": 2595,
        "interestExpense": 103.5,
        "interestIncomeExpense": 56,
        "minorityInterest": 0,
        "netIncome": 1022,
        "netIncomeAfterTaxes": 1023,
        "otherOperatingExpensesTotal": 35,
        "period": "2020-09-30",
        "pretaxIncome": 1136,
        "provisionforIncomeTaxes": 113,
        "revenue": 6330,
        "sgaExpense": 1480,
        "totalOperatingExpense": 1515,
        "year": 2020
      },
      {
        "costOfGoodsSold": 3795,
        "dilutedAverageSharesOutstanding": 119,
        "dilutedEPS": 5.83,
        "ebit": 620,
        "grossIncome": 2900,
        "interestExpense": 98.2,
        "interestIncomeExpense": 281,
        "netIncome": 695,
        "netIncomeAfterTaxes": 696,
        "nonRecurringItems": 0,
        "otherOperatingExpensesTotal": 742,
        "period": "2019-09-30",
        "pretaxIncome": 901,
        "provisionforIncomeTaxes": 205,
        "revenue": 6695,
        "sgaExpense": 1539,
        "totalOperatingExpense": 2280,
        "year": 2019
      },
      {
        "costOfGoodsSold": 3781,
        "dilutedAverageSharesOutstanding": 127,
        "dilutedEPS": 4.21,
        "ebit": 1470,
        "grossIncome": 2885,
        "interestExpense": 73,
        "interestIncomeExpense": -139,
        "netIncome": 535,
        "netIncomeAfterTaxes": 1074,
        "nonRecurringItems": 0,
        "otherOperatingExpensesTotal": -172,
        "period": "2018-09-30",
        "pretaxIncome": 1331,
        "provisionforIncomeTaxes": 257,
        "revenue": 6666,
        "sgaExpense": 1588,
        "totalOperatingExpense": 1415,
        "year": 2018
      },
      {
        "costOfGoodsSold": 3643,
        "dilutedAverageSharesOutstanding": 130,
        "dilutedEPS": 6.35,
        "ebit": 1155,
        "grossIncome": 2668,
        "interestExpense": 76.2,
        "interestIncomeExpense": -57,
        "netIncome": 825,
        "netIncomeAfterTaxes": 826,
        "nonRecurringItems": -61,
        "otherOperatingExpensesTotal": -45,
        "period": "2017-09-30",
        "pretaxIncome": 1037,
        "provisionforIncomeTaxes": 212,
        "revenue": 6311,
        "sgaExpense": 1558,
        "totalOperatingExpense": 1513,
        "year": 2017
      },
      {
        "costOfGoodsSold": 3404,
        "dilutedAverageSharesOutstanding": 131,
        "dilutedEPS": 5.56,
        "ebit": 1015,
        "grossIncome": 2476,
        "interestExpense": 85.4,
        "interestIncomeExpense": -59,
        "netIncome": 729,
        "netIncomeAfterTaxes": 730,
        "nonRecurringItems": -13,
        "otherOperatingExpensesTotal": -6,
        "period": "2016-09-30",
        "pretaxIncome": 943,
        "provisionforIncomeTaxes": 213,
        "revenue": 5880,
        "sgaExpense": 1467,
        "totalOperatingExpense": 1460,
        "year": 2016
      },
      {
        "costOfGoodsSold": 3605,
        "dilutedAverageSharesOutstanding": 136,
        "dilutedEPS": 6.09,
        "ebit": 1200,
        "gainLossOnDispositionOfAssets": 0,
        "grossIncome": 2703,
        "interestExpense": 69.1,
        "interestIncomeExpense": -53,
        "netIncome": 827,
        "netIncomeAfterTaxes": 828,
        "nonRecurringItems": -20,
        "otherOperatingExpensesTotal": -4,
        "period": "2015-09-30",
        "pretaxIncome": 1128,
        "provisionforIncomeTaxes": 300,
        "revenue": 6308,
        "sgaExpense": 1506,
        "totalOperatingExpense": 1503,
        "year": 2015
      }
    ],
    "symbol": "ROK"
  }
}