{
  "symbol": "KMI",
  "statement": "ic",
  "frequency": "annual",
  "timestamp": "2025-09-19T14:02:49.712418",
  "data": {
    "financials": [
      {
        "costOfGoodsSold": 7309,
        "depreciationAmortization": 2354,
        "dilutedAverageSharesOutstanding": 2220,
        "dilutedEPS": 1.17,
        "ebit": 4384,
        "grossIncome": 7791,
        "interestIncomeExpense": -1023,
        "minorityInterest": -107,
        "netIncome": 2598,
        "netIncomeAfterTaxes": 2720,
        "nonRecurringItems": 69,
        "otherOperatingExpensesTotal": -92,
        "period": "2024-12-31",
        "pretaxIncome": 3407,
        "provisionforIncomeTaxes": 687,
        "revenue": 15100,
        "sgaExpense": 1145,
        "totalOperatingExpense": 3407,
        "totalOtherIncomeExpenseNet": -23,
        "year": 2024
      },
      {
        "costOfGoodsSold": 7745,
        "depreciationAmortization": 2250,
        "dilutedAverageSharesOutstanding": 2234,
        "dilutedEPS": 1.06,
        "ebit": 4248,
        "grossIncome": 7589,
        "interestIncomeExpense": -892,
        "minorityInterest": -95,
        "netIncome": 2377,
        "netIncomeAfterTaxes": 2486,
        "nonRecurringItems": -52,
        "otherOperatingExpensesTotal": 2,
        "period": "2023-12-31",
        "pretaxIncome": 3201,
        "provisionforIncomeTaxes": 715,
        "revenue": 15334,
        "sgaExpense": 1089,
        "totalOperatingExpense": 3341,
        "totalOtherIncomeExpenseNet": -103,
        "year": 2023
      },
      {
        "costOfGoodsSold": 11910,
        "depreciationAmortization": 2186,
        "dilutedAverageSharesOutstanding": 2258,
        "dilutedEPS": 1.12,
        "ebit": 4033,
        "grossIncome": 7290,
        "interestIncomeExpense": -710,
        "minorityInterest": -77,
        "netIncome": 2535,
        "netIncomeAfterTaxes": 2625,
        "nonRecurringItems": 32,
        "otherOperatingExpensesTotal": -7,
        "period": "2022-12-31",
        "pretaxIncome": 3335,
        "provisionforIncomeTaxes": 710,
        "revenue": 19200,
        "sgaExpense": 1078,
        "totalOperatingExpense": 3257,
        "totalOtherIncomeExpenseNet": -20,
        "year": 2022
      },
      {
        "costOfGoodsSold": 8861,
        "depreciationAmortization": 2135,
        "dilutedAverageSharesOutstanding": 2266,
        "dilutedEPS": 0.78,
        "ebit": 4334,
        "grossIncome": 7749,
        "interestIncomeExpense": -901,
        "minorityInterest": -66,
        "netIncome": 1770,
        "netIncomeAfterTaxes": 1850,
        "nonRecurringItems": -1418,
        "otherOperatingExpensesTotal": 199,
        "period": "2021-12-31",
        "pretaxIncome": 2219,
        "provisionforIncomeTaxes": 369,
        "revenue": 16610,
        "sgaExpense": 1081,
        "totalOperatingExpense": 3415,
        "totalOtherIncomeExpenseNet": 204,
        "year": 2021
      },
      {
        "costOfGoodsSold": 5020,
        "depreciationAmortization": 2164,
        "dilutedAverageSharesOutstanding": 2263,
        "dilutedEPS": 0.05,
        "ebit": 3492,
        "grossIncome": 6680,
        "interestExpense": 1587,
        "interestIncomeExpense": -815,
        "minorityInterest": -61,
        "netIncome": 106,
        "netIncomeAfterTaxes": 180,
        "nonRecurringItems": -1932,
        "otherOperatingExpensesTotal": -2,
        "period": "2020-12-31",
        "pretaxIncome": 661,
        "provisionforIncomeTaxes": 481,
        "revenue": 11700,
        "sgaExpense": 1026,
        "totalOperatingExpense": 3188,
        "totalOtherIncomeExpenseNet": -84,
        "year": 2020
      },
      {
        "costOfGoodsSold": 5849,
        "depreciationAmortization": 2411,
        "dilutedAverageSharesOutstanding": 2264,
        "dilutedEPS": 0.96,
        "ebit": 3936,
        "grossIncome": 7360,
        "interestExpense": 1801,
        "interestIncomeExpense": -1705,
        "minorityInterest": -49,
        "netIncome": 2178,
        "netIncomeAfterTaxes": 2239,
        "nonRecurringItems": 942,
        "otherOperatingExpensesTotal": -3,
        "period": "2019-12-31",
        "pretaxIncome": 3165,
        "provisionforIncomeTaxes": 926,
        "revenue": 13209,
        "sgaExpense": 1016,
        "totalOperatingExpense": 3424,
        "totalOtherIncomeExpenseNet": -8,
        "year": 2019
      },
      {
        "costOfGoodsSold": 6943,
        "depreciationAmortization": 2297,
        "dilutedAverageSharesOutstanding": 2216,
        "dilutedEPS": 0.66,
        "ebit": 3961,
        "grossIncome": 7201,
        "interestExpense": 1917,
        "interestIncomeExpense": -1030,
        "minorityInterest": -310,
        "netIncome": 1473,
        "netIncomeAfterTaxes": 1919,
        "nonRecurringItems": -437,
        "otherOperatingExpensesTotal": -3,
        "period": "2018-12-31",
        "pretaxIncome": 2506,
        "provisionforIncomeTaxes": 587,
        "revenue": 14144,
        "sgaExpense": 946,
        "totalOperatingExpense": 3240,
        "totalOtherIncomeExpenseNet": 12,
        "year": 2018
      },
      {
        "costOfGoodsSold": 6817,
        "depreciationAmortization": 2261,
        "dilutedAverageSharesOutstanding": 2230,
        "dilutedEPS": 0.01,
        "ebit": 3542,
        "grossIncome": 6888,
        "interestExpense": 1832,
        "interestIncomeExpense": -1254,
        "minorityInterest": -40,
        "netIncome": 27,
        "netIncomeAfterTaxes": -1017,
        "nonRecurringItems": -163,
        "otherOperatingExpensesTotal": -1,
        "period": "2017-12-31",
        "pretaxIncome": 2161,
        "provisionforIncomeTaxes": 3178,
        "revenue": 13705,
        "sgaExpense": 1086,
        "totalOperatingExpense": 3346,
        "totalOtherIncomeExpenseNet": 36,
        "year": 2017
      },
      {
        "costOfGoodsSold": 5801,
        "depreciationAmortization": 2209,
        "dilutedAverageSharesOutstanding": 2230,
        "dilutedEPS": 0.25,
        "ebit": 3959,
        "grossIncome": 7257,
        "interestExpense": 1806,
        "interestIncomeExpense": -1309,
        "minorityInterest": -13,
        "netIncome": 552,
        "netIncomeAfterTaxes": 721,
        "nonRecurringItems": -997,
        "otherOperatingExpensesTotal": -1,
        "period": "2016-12-31",
        "pretaxIncome": 1638,
        "provisionforIncomeTaxes": 917,
        "revenue": 13058,
        "sgaExpense": 1090,
        "totalOperatingExpense": 3298,
        "totalOtherIncomeExpenseNet": -15,
        "year": 2016
      },
      {
        "costOfGoodsSold": 6452,
        "depreciationAmortization": 2309,
        "dilutedAverageSharesOutstanding": 2193,
        "dilutedEPS": 0.1,
        "ebit": 4516,
        "grossIncome": 7951,
        "interestExpense": 2055,
        "interestIncomeExpense": -1637,
        "minorityInterest": 45,
        "netIncome": 227,
        "netIncomeAfterTaxes": 208,
        "nonRecurringItems": -2099,
        "otherOperatingExpensesTotal": -3,
        "period": "2015-12-31",
        "pretaxIncome": 772,
        "provisionforIncomeTaxes": 564,
        "revenue": 14403,
        "sgaExpense": 1129,
        "totalOperatingExpense": 3435,
        "totalOtherIncomeExpenseNet": -8,
        "year": 2015
      }
    ],
    "symbol": "KMI"
  }
}