{
  "symbol": "GS",
  "statement": "ic",
  "frequency": "annual",
  "timestamp": "2025-09-19T14:01:15.393419",
  "data": {
    "financials": [
      {
        "costOfGoodsSold": 80065,
        "depreciationAmortization": 2392,
        "dilutedAverageSharesOutstanding": 333.6,
        "dilutedEPS": 40.54,
        "ebit": 18468,
        "grossIncome": 46788,
        "netIncome": 13525,
        "netIncomeAfterTaxes": 14276,
        "nonRecurringItems": -71,
        "otherOperatingExpensesTotal": 3960,
        "period": "2024-12-31",
        "pretaxIncome": 18397,
        "provisionforIncomeTaxes": 4121,
        "revenue": 126853,
        "sgaExpense": 21968,
        "totalOperatingExpense": 28320,
        "year": 2024
      },
      {
        "costOfGoodsSold": 67862,
        "depreciationAmortization": 4856,
        "dilutedAverageSharesOutstanding": 345.8,
        "dilutedEPS": 22.87,
        "ebit": 11268,
        "grossIncome": 40556,
        "netIncome": 7907,
        "netIncomeAfterTaxes": 8516,
        "nonRecurringItems": -529,
        "otherOperatingExpensesTotal": 3709,
        "period": "2023-12-31",
        "pretaxIncome": 10739,
        "provisionforIncomeTaxes": 2223,
        "revenue": 108418,
        "sgaExpense": 20723,
        "totalOperatingExpense": 29288,
        "year": 2023
      },
      {
        "costOfGoodsSold": 26658,
        "depreciationAmortization": 2455,
        "dilutedAverageSharesOutstanding": 358.1,
        "dilutedEPS": 30.06,
        "ebit": 13486,
        "grossIncome": 42053,
        "netIncome": 10764,
        "netIncomeAfterTaxes": 11261,
        "otherOperatingExpensesTotal": 5431,
        "period": "2022-12-31",
        "pretaxIncome": 13486,
        "provisionforIncomeTaxes": 2225,
        "revenue": 68711,
        "sgaExpense": 20681,
        "totalOperatingExpense": 28567,
        "year": 2022
      },
      {
        "costOfGoodsSold": 10360,
        "depreciationAmortization": 2015,
        "dilutedAverageSharesOutstanding": 355.8,
        "dilutedEPS": 59.45,
        "ebit": 27044,
        "grossIncome": 54629,
        "netIncome": 21151,
        "netIncomeAfterTaxes": 21635,
        "otherOperatingExpensesTotal": 3096,
        "period": "2021-12-31",
        "pretaxIncome": 27044,
        "provisionforIncomeTaxes": 5409,
        "revenue": 64989,
        "sgaExpense": 22474,
        "totalOperatingExpense": 27585,
        "year": 2021
      },
      {
        "costOfGoodsSold": 13079,
        "depreciationAmortization": 1902,
        "dilutedAverageSharesOutstanding": 360.3,
        "dilutedEPS": 24.74,
        "ebit": 15577,
        "grossIncome": 43272,
        "netIncome": 8915,
        "netIncomeAfterTaxes": 9459,
        "nonRecurringItems": -3098,
        "otherOperatingExpensesTotal": 8470,
        "period": "2020-12-31",
        "pretaxIncome": 12479,
        "provisionforIncomeTaxes": 3020,
        "revenue": 56351,
        "sgaExpense": 17323,
        "totalOperatingExpense": 27695,
        "year": 2020
      },
      {
        "costOfGoodsSold": 20628,
        "depreciationAmortization": 1704,
        "dilutedAverageSharesOutstanding": 375.5,
        "dilutedEPS": 21.03,
        "ebit": 10583,
        "grossIncome": 34284,
        "netIncome": 7897,
        "netIncomeAfterTaxes": 8466,
        "otherOperatingExpensesTotal": 5393,
        "period": "2019-12-31",
        "pretaxIncome": 10583,
        "provisionforIncomeTaxes": 2117,
        "revenue": 54912,
        "sgaExpense": 16604,
        "totalOperatingExpense": 23701,
        "year": 2019
      },
      {
        "costOfGoodsSold": 19112,
        "depreciationAmortization": 1328,
        "dilutedAverageSharesOutstanding": 390.2,
        "dilutedEPS": 25.26,
        "ebit": 12481,
        "grossIncome": 34070,
        "netIncome": 9860,
        "netIncomeAfterTaxes": 9972,
        "otherOperatingExpensesTotal": 4147,
        "period": "2018-12-31",
        "pretaxIncome": 12481,
        "provisionforIncomeTaxes": 2509,
        "revenue": 53182,
        "sgaExpense": 16114,
        "totalOperatingExpense": 21589,
        "year": 2018
      },
      {
        "costOfGoodsSold": 13057,
        "depreciationAmortization": 1152,
        "dilutedAverageSharesOutstanding": 409.1,
        "dilutedEPS": 9,
        "ebit": 11132,
        "grossIncome": 30428,
        "netIncome": 3685,
        "netIncomeAfterTaxes": 8686,
        "otherOperatingExpensesTotal": 3108,
        "period": "2017-12-31",
        "pretaxIncome": 11132,
        "provisionforIncomeTaxes": 2446,
        "revenue": 43485,
        "sgaExpense": 15036,
        "totalOperatingExpense": 19296,
        "year": 2017
      },
      {
        "costOfGoodsSold": 9927,
        "depreciationAmortization": 998,
        "dilutedAverageSharesOutstanding": 435.1,
        "dilutedEPS": 16.29,
        "ebit": 10304,
        "grossIncome": 28105,
        "netIncome": 7087,
        "netIncomeAfterTaxes": 7398,
        "otherOperatingExpensesTotal": 2220,
        "period": "2016-12-31",
        "pretaxIncome": 10304,
        "provisionforIncomeTaxes": 2906,
        "revenue": 38032,
        "sgaExpense": 14583,
        "totalOperatingExpense": 17801,
        "year": 2016
      },
      {
        "costOfGoodsSold": 7964,
        "depreciationAmortization": 910,
        "dilutedAverageSharesOutstanding": 458.6,
        "dilutedEPS": 12.14,
        "ebit": 8881,
        "grossIncome": 31431,
        "netIncome": 5568,
        "netIncomeAfterTaxes": 6083,
        "nonRecurringItems": -103,
        "otherOperatingExpensesTotal": 5864,
        "period": "2015-12-31",
        "pretaxIncome": 8778,
        "provisionforIncomeTaxes": 2695,
        "revenue": 39395,
        "sgaExpense": 15776,
        "totalOperatingExpense": 22550,
        "year": 2015
      }
    ],
    "symbol": "GS"
  }
}