{
  "symbol": "ABNB",
  "statement": "ic",
  "frequency": "quarterly",
  "timestamp": "2025-09-19T13:55:24.532221",
  "data": {
    "financials": [
      {
        "costOfGoodsSold": 876,
        "dilutedAverageSharesOutstanding": 626,
        "dilutedEPS": 1.0272,
        "ebit": 612,
        "grossIncome": 2220,
        "interestIncomeExpense": 190,
        "netIncome": 642,
        "netIncomeAfterTaxes": 642,
        "period": "2025-06-30",
        "pretaxIncome": 779,
        "provisionforIncomeTaxes": 137,
        "researchDevelopment": 610,
        "revenue": 3096,
        "sgaExpense": 998,
        "totalOperatingExpense": 1608,
        "totalOtherIncomeExpenseNet": -23
      },
      {
        "costOfGoodsSold": 809,
        "dilutedAverageSharesOutstanding": 632,
        "dilutedEPS": 0.25,
        "ebit": 38,
        "grossIncome": 1463,
        "interestIncomeExpense": 173,
        "netIncome": 154,
        "netIncomeAfterTaxes": 154,
        "period": "2025-03-31",
        "pretaxIncome": 173,
        "provisionforIncomeTaxes": 19,
        "researchDevelopment": 568,
        "revenue": 2272,
        "sgaExpense": 857,
        "totalOperatingExpense": 1425,
        "totalOtherIncomeExpenseNet": -38
      },
      {
        "costOfGoodsSold": 717,
        "dilutedAverageSharesOutstanding": 636,
        "dilutedEPS": 0.72,
        "ebit": 430,
        "grossIncome": 1763,
        "interestIncomeExpense": 183,
        "netIncome": 461,
        "netIncomeAfterTaxes": 461,
        "nonRecurringItems": 0,
        "period": "2024-12-31",
        "pretaxIncome": 622,
        "provisionforIncomeTaxes": 161,
        "researchDevelopment": 538,
        "revenue": 2480,
        "sgaExpense": 795,
        "totalOperatingExpense": 1333,
        "totalOtherIncomeExpenseNet": 9
      },
      {
        "costOfGoodsSold": 834,
        "dilutedAverageSharesOutstanding": 642,
        "dilutedEPS": 2.13,
        "ebit": 1525,
        "grossIncome": 2898,
        "interestIncomeExpense": 207,
        "netIncome": 1368,
        "netIncomeAfterTaxes": 1368,
        "period": "2024-09-30",
        "pretaxIncome": 1735,
        "provisionforIncomeTaxes": 367,
        "researchDevelopment": 524,
        "revenue": 3732,
        "sgaExpense": 849,
        "totalOperatingExpense": 1373,
        "totalOtherIncomeExpenseNet": 3
      },
      {
        "costOfGoodsSold": 844,
        "dilutedAverageSharesOutstanding": 649,
        "dilutedEPS": 0.86,
        "ebit": 497,
        "grossIncome": 1904,
        "interestIncomeExpense": 226,
        "netIncome": 555,
        "netIncomeAfterTaxes": 555,
        "period": "2024-06-30",
        "pretaxIncome": 681,
        "provisionforIncomeTaxes": 126,
        "researchDevelopment": 519,
        "revenue": 2748,
        "sgaExpense": 888,
        "totalOperatingExpense": 1407,
        "totalOtherIncomeExpenseNet": -42
      },
      {
        "costOfGoodsSold": 765,
        "dilutedAverageSharesOutstanding": 654,
        "dilutedEPS": 0.41,
        "ebit": 101,
        "grossIncome": 1377,
        "interestIncomeExpense": 202,
        "netIncome": 264,
        "netIncomeAfterTaxes": 264,
        "period": "2024-03-31",
        "pretaxIncome": 293,
        "provisionforIncomeTaxes": 29,
        "researchDevelopment": 475,
        "revenue": 2142,
        "sgaExpense": 801,
        "totalOperatingExpense": 1276,
        "totalOtherIncomeExpenseNet": -10
      },
      {
        "costOfGoodsSold": 655,
        "dilutedAverageSharesOutstanding": 640,
        "dilutedEPS": -0.55,
        "ebit": -496,
        "grossIncome": 1563,
        "interestExpense": 71,
        "interestIncomeExpense": 121,
        "netIncome": -349,
        "netIncomeAfterTaxes": -349,
        "nonRecurringItems": 0,
        "period": "2023-12-31",
        "pretaxIncome": -383,
        "provisionforIncomeTaxes": -34,
        "researchDevelopment": 432,
        "revenue": 2218,
        "sgaExpense": 1627,
        "totalOperatingExpense": 2059,
        "totalOtherIncomeExpenseNet": -8
      },
      {
        "costOfGoodsSold": 775,
        "dilutedAverageSharesOutstanding": 660,
        "dilutedEPS": 6.63,
        "ebit": 1496,
        "grossIncome": 2622,
        "interestExpense": 6,
        "interestIncomeExpense": 187,
        "netIncome": 4374,
        "netIncomeAfterTaxes": 4374,
        "nonRecurringItems": 0,
        "period": "2023-09-30",
        "pretaxIncome": 1679,
        "provisionforIncomeTaxes": -2695,
        "researchDevelopment": 419,
        "revenue": 3397,
        "sgaExpense": 707,
        "totalOperatingExpense": 1126,
        "totalOtherIncomeExpenseNet": -4
      },
      {
        "costOfGoodsSold": 749,
        "dilutedAverageSharesOutstanding": 662.28,
        "dilutedEPS": 0.98,
        "ebit": 523,
        "grossIncome": 1735,
        "interestExpense": 2,
        "interestIncomeExpense": 190.3,
        "netIncome": 650,
        "netIncomeAfterTaxes": 650,
        "period": "2023-06-30",
        "pretaxIncome": 676,
        "provisionforIncomeTaxes": 26,
        "researchDevelopment": 451,
        "revenue": 2484,
        "sgaExpense": 761,
        "totalOperatingExpense": 1212,
        "totalOtherIncomeExpenseNet": -37.3
      },
      {
        "costOfGoodsSold": 710,
        "dilutedAverageSharesOutstanding": 670,
        "dilutedEPS": 0.18,
        "ebit": -5,
        "grossIncome": 1108,
        "interestExpense": 4,
        "interestIncomeExpense": 145.7,
        "netIncome": 117,
        "netIncomeAfterTaxes": 117,
        "period": "2023-03-31",
        "pretaxIncome": 130,
        "provisionforIncomeTaxes": 13,
        "researchDevelopment": 420,
        "revenue": 1818,
        "sgaExpense": 693,
        "totalOperatingExpense": 1113,
        "totalOtherIncomeExpenseNet": -10.7
      },
      {
        "costOfGoodsSold": 604.908,
        "dilutedAverageSharesOutstanding": 671.627,
        "dilutedEPS": 0.48,
        "ebit": 234.715,
        "grossIncome": 1296.638,
        "interestExpense": 5.071,
        "interestIncomeExpense": 98.681,
        "netIncome": 318.663,
        "netIncomeAfterTaxes": 318.663,
        "nonRecurringItems": 0.112,
        "period": "2022-12-31",
        "pretaxIncome": 344.076,
        "provisionforIncomeTaxes": 25.413,
        "researchDevelopment": 397.841,
        "revenue": 1901.546,
        "sgaExpense": 664.082,
        "totalOperatingExpense": 1061.923,
        "totalOtherIncomeExpenseNet": 10.568
      },
      {
        "costOfGoodsSold": 691.095,
        "dilutedAverageSharesOutstanding": 680.059,
        "dilutedEPS": 1.79,
        "ebit": 1203.533,
        "grossIncome": 2193.315,
        "interestExpense": 5.682,
        "interestIncomeExpense": 54.175,
        "netIncome": 1214.288,
        "netIncomeAfterTaxes": 1214.288,
        "nonRecurringItems": -0.052,
        "period": "2022-09-30",
        "pretaxIncome": 1269.899,
        "provisionforIncomeTaxes": 55.611,
        "researchDevelopment": 366.182,
        "revenue": 2884.41,
        "sgaExpense": 623.6,
        "totalOperatingExpense": 989.782,
        "totalOtherIncomeExpenseNet": 12.243
      },
      {
        "costOfGoodsSold": 648.362,
        "dilutedAverageSharesOutstanding": 683.536,
        "dilutedEPS": 0.55,
        "ebit": 457.566,
        "grossIncome": 1455.745,
        "interestExpense": 7.483,
        "interestIncomeExpense": 14.364,
        "netIncome": 378.841,
        "netIncomeAfterTaxes": 378.841,
        "nonRecurringItems": -88.743,
        "period": "2022-06-30",
        "pretaxIncome": 383.111,
        "provisionforIncomeTaxes": 4.27,
        "researchDevelopment": 375.05,
        "revenue": 2104.107,
        "sgaExpense": 623.129,
        "totalOperatingExpense": 998.179,
        "totalOtherIncomeExpenseNet": -0.076
      },
      {
        "costOfGoodsSold": 595.635,
        "dilutedAverageSharesOutstanding": 635.314,
        "dilutedEPS": -0.03,
        "ebit": -4.814,
        "grossIncome": 913.302,
        "interestExpense": 5.764,
        "interestIncomeExpense": 0.28,
        "netIncome": -18.792,
        "netIncomeAfterTaxes": -18.792,
        "nonRecurringItems": -0.317,
        "period": "2022-03-31",
        "pretaxIncome": -8.086,
        "provisionforIncomeTaxes": 10.706,
        "researchDevelopment": 362.927,
        "revenue": 1508.937,
        "sgaExpense": 555.189,
        "totalOperatingExpense": 918.116,
        "totalOtherIncomeExpenseNet": -3.235
      },
      {
        "costOfGoodsSold": 520.477,
        "dilutedAverageSharesOutstanding": 629.631,
        "dilutedEPS": 0.09,
        "ebit": 76.337,
        "grossIncome": 1011.719,
        "interestExpense": 2.519,
        "interestIncomeExpense": 1.259,
        "netIncome": 54.501,
        "netIncomeAfterTaxes": 54.501,
        "nonRecurringItems": -0.77,
        "period": "2021-12-31",
        "pretaxIncome": 72.221,
        "provisionforIncomeTaxes": 17.72,
        "researchDevelopment": 367.843,
        "revenue": 1532.196,
        "sgaExpense": 567.539,
        "totalOperatingExpense": 935.382,
        "totalOtherIncomeExpenseNet": -4.605
      },
      {
        "costOfGoodsSold": 539.91,
        "dilutedAverageSharesOutstanding": 681.916,
        "dilutedEPS": 1.22,
        "ebit": 851.508,
        "grossIncome": 1697.522,
        "interestExpense": 6.649,
        "interestIncomeExpense": -2.787,
        "netIncome": 833.893,
        "netIncomeAfterTaxes": 833.893,
        "nonRecurringItems": 0.465,
        "period": "2021-09-30",
        "pretaxIncome": 850.458,
        "provisionforIncomeTaxes": 16.565,
        "researchDevelopment": 344.41,
        "revenue": 2237.432,
        "sgaExpense": 501.604,
        "totalOperatingExpense": 846.014,
        "totalOtherIncomeExpenseNet": 1.272
      },
      {
        "costOfGoodsSold": 502.552,
        "dilutedAverageSharesOutstanding": 611.739,
        "dilutedEPS": -0.11,
        "ebit": -50.716,
        "grossIncome": 832.644,
        "interestExpense": 6.52,
        "interestIncomeExpense": -3.578,
        "netIncome": -68.217,
        "netIncomeAfterTaxes": -68.217,
        "nonRecurringItems": -0.562,
        "period": "2021-06-30",
        "pretaxIncome": -56.984,
        "provisionforIncomeTaxes": 11.233,
        "researchDevelopment": 349.734,
        "revenue": 1335.196,
        "sgaExpense": 533.626,
        "totalOperatingExpense": 883.36,
        "totalOtherIncomeExpenseNet": -2.128
      },
      {
        "costOfGoodsSold": 439.951,
        "dilutedAverageSharesOutstanding": 600.96,
        "dilutedEPS": -1.95,
        "ebit": -334.963,
        "grossIncome": 446.985,
        "interestExpense": 44.711,
        "interestIncomeExpense": -44.159,
        "netIncome": -1172.211,
        "netIncomeAfterTaxes": -1172.211,
        "nonRecurringItems": -489.182,
        "period": "2021-03-31",
        "pretaxIncome": -1165.902,
        "provisionforIncomeTaxes": 6.309,
        "researchDevelopment": 363.061,
        "revenue": 886.936,
        "sgaExpense": 418.887,
        "totalOperatingExpense": 781.948,
        "totalOtherIncomeExpenseNet": -297.598
      },
      {
        "costOfGoodsSold": 539.279,
        "dilutedAverageSharesOutstanding": 608.397,
        "dilutedEPS": -6.39,
        "ebit": -3081.894,
        "grossIncome": 319.985,
        "interestExpense": 64.14,
        "interestIncomeExpense": -63.653,
        "netIncome": -3887.851,
        "netIncomeAfterTaxes": -3887.851,
        "nonRecurringItems": -18.286,
        "period": "2020-12-31",
        "pretaxIncome": -3992.502,
        "provisionforIncomeTaxes": -104.651,
        "researchDevelopment": 2062.195,
        "revenue": 859.264,
        "sgaExpense": 1339.684,
        "totalOperatingExpense": 3401.879,
        "totalOtherIncomeExpenseNet": -828.669
      },
      {
        "costOfGoodsSold": 393.431,
        "dilutedAverageSharesOutstanding": 596.125,
        "dilutedEPS": 0.37,
        "ebit": 441.465,
        "grossIncome": 948.9,
        "interestExpense": 59.867,
        "interestIncomeExpense": -55.542,
        "netIncome": 219.328,
        "netIncomeAfterTaxes": 219.328,
        "nonRecurringItems": -22.728,
        "period": "2020-09-30",
        "pretaxIncome": 307.052,
        "provisionforIncomeTaxes": 87.724,
        "researchDevelopment": 213.92,
        "revenue": 1342.331,
        "sgaExpense": 293.515,
        "totalOperatingExpense": 507.435,
        "totalOtherIncomeExpenseNet": -56.143
      },
      {
        "costOfGoodsSold": 321.674,
        "dilutedAverageSharesOutstanding": 596.125,
        "dilutedEPS": -0.97,
        "ebit": -468.974,
        "grossIncome": 13.1,
        "interestExpense": 49.191,
        "interestIncomeExpense": -43.335,
        "netIncome": -575.588,
        "netIncomeAfterTaxes": -575.588,
        "nonRecurringItems": -114.241,
        "period": "2020-06-30",
        "pretaxIncome": -639.398,
        "provisionforIncomeTaxes": -63.81,
        "researchDevelopment": 217.938,
        "revenue": 334.774,
        "sgaExpense": 264.136,
        "totalOperatingExpense": 482.074,
        "totalOtherIncomeExpenseNet": -12.848
      },
      {
        "costOfGoodsSold": 499.559,
        "dilutedAverageSharesOutstanding": 596.125,
        "dilutedEPS": -0.57,
        "ebit": -325.489,
        "grossIncome": 342.271,
        "interestIncomeExpense": 15.159,
        "netIncome": -340.605,
        "netIncomeAfterTaxes": -340.605,
        "nonRecurringItems": 0,
        "period": "2020-03-31",
        "pretaxIncome": -357.09,
        "provisionforIncomeTaxes": -16.485,
        "researchDevelopment": 258.819,
        "revenue": 841.83,
        "sgaExpense": 408.941,
        "totalOperatingExpense": 667.76,
        "totalOtherIncomeExpenseNet": -46.76
      },
      {
        "costOfGoodsSold": 507.904,
        "dilutedAverageSharesOutstanding": 596.125,
        "dilutedEPS": -0.59,
        "ebit": -324.039,
        "grossIncome": 598.892,
        "interestExpense": 3.167,
        "interestIncomeExpense": 42.374,
        "netIncome": -351.538,
        "netIncomeAfterTaxes": -351.538,
        "nonRecurringItems": -13.7,
        "period": "2019-12-31",
        "pretaxIncome": -342.089,
        "provisionforIncomeTaxes": 9.449,
        "researchDevelopment": 282.899,
        "revenue": 1106.796,
        "sgaExpense": 640.032,
        "totalOperatingExpense": 922.931,
        "totalOtherIncomeExpenseNet": -46.724
      },
      {
        "costOfGoodsSold": 532.131,
        "dilutedAverageSharesOutstanding": 596.125,
        "dilutedEPS": 0.45,
        "ebit": 232.53,
        "grossIncome": 1113.63,
        "interestExpense": 2.533,
        "interestIncomeExpense": 19.457,
        "netIncome": 266.65,
        "netIncomeAfterTaxes": 266.65,
        "nonRecurringItems": 0,
        "period": "2019-09-30",
        "pretaxIncome": 281.302,
        "provisionforIncomeTaxes": 14.652,
        "researchDevelopment": 276.368,
        "revenue": 1645.761,
        "sgaExpense": 604.732,
        "totalOperatingExpense": 881.1,
        "totalOtherIncomeExpenseNet": 29.315
      },
      {
        "costOfGoodsSold": 524.029,
        "dilutedAverageSharesOutstanding": 596.125,
        "dilutedEPS": -0.5,
        "ebit": -100.155,
        "grossIncome": 689.649,
        "interestExpense": 2.45,
        "interestIncomeExpense": 21.917,
        "netIncome": -297.424,
        "netIncomeAfterTaxes": -297.424,
        "nonRecurringItems": 0,
        "period": "2019-06-30",
        "pretaxIncome": -71.954,
        "provisionforIncomeTaxes": 225.47,
        "researchDevelopment": 232.327,
        "revenue": 1213.678,
        "sgaExpense": 557.477,
        "totalOperatingExpense": 789.804,
        "totalOtherIncomeExpenseNet": 6.284
      },
      {
        "costOfGoodsSold": 447.323,
        "dilutedAverageSharesOutstanding": 596.125,
        "dilutedEPS": -0.49,
        "ebit": -305.979,
        "grossIncome": 391.681,
        "interestExpense": 1.818,
        "interestIncomeExpense": 20.486,
        "netIncome": -292.027,
        "netIncomeAfterTaxes": -292.027,
        "nonRecurringItems": 0,
        "period": "2019-03-31",
        "pretaxIncome": -278.962,
        "provisionforIncomeTaxes": 13.065,
        "researchDevelopment": 185.101,
        "revenue": 839.004,
        "sgaExpense": 512.559,
        "totalOperatingExpense": 697.66,
        "totalOtherIncomeExpenseNet": 6.531
      },
      {
        "costOfGoodsSold": 373.151,
        "dilutedAverageSharesOutstanding": 596.125,
        "dilutedEPS": -0.37,
        "ebit": -178.425,
        "grossIncome": 467.436,
        "interestExpense": 10.459,
        "interestIncomeExpense": 10.581,
        "netIncome": -218.74,
        "netIncomeAfterTaxes": -218.74,
        "nonRecurringItems": -0.001,
        "otherOperatingExpensesTotal": -0.001,
        "period": "2018-12-31",
        "pretaxIncome": -172.997,
        "provisionforIncomeTaxes": 45.743,
        "researchDevelopment": 159.925,
        "revenue": 840.587,
        "sgaExpense": 485.937,
        "totalOperatingExpense": 645.861,
        "totalOtherIncomeExpenseNet": -5.152
      },
      {
        "costOfGoodsSold": 397.32,
        "dilutedAverageSharesOutstanding": 596.125,
        "dilutedEPS": 0.57,
        "ebit": 321.278,
        "grossIncome": 867.807,
        "interestExpense": 4.948,
        "interestIncomeExpense": 14.763,
        "netIncome": 337.896,
        "netIncomeAfterTaxes": 337.896,
        "nonRecurringItems": 0,
        "period": "2018-09-30",
        "pretaxIncome": 330.317,
        "provisionforIncomeTaxes": -7.579,
        "researchDevelopment": 141.978,
        "revenue": 1265.127,
        "sgaExpense": 404.551,
        "totalOperatingExpense": 546.529,
        "totalOtherIncomeExpenseNet": -5.724
      },
      {
        "costOfGoodsSold": 372.129,
        "dilutedAverageSharesOutstanding": 596.125,
        "dilutedEPS": 0.02,
        "ebit": 11.365,
        "grossIncome": 531.302,
        "interestExpense": 5.653,
        "interestIncomeExpense": 10.376,
        "netIncome": 10.214,
        "netIncomeAfterTaxes": 10.214,
        "nonRecurringItems": 0,
        "period": "2018-06-30",
        "pretaxIncome": 21.907,
        "provisionforIncomeTaxes": 11.693,
        "researchDevelopment": 154.397,
        "revenue": 903.431,
        "sgaExpense": 365.54,
        "totalOperatingExpense": 519.937,
        "totalOtherIncomeExpenseNet": 0.166
      },
      {
        "costOfGoodsSold": 330.634,
        "dilutedAverageSharesOutstanding": 596.125,
        "dilutedEPS": -0.25,
        "ebit": -135.473,
        "grossIncome": 312.206,
        "interestExpense": 5.083,
        "interestIncomeExpense": 4.93,
        "netIncome": -146.23,
        "netIncomeAfterTaxes": -146.23,
        "nonRecurringItems": 0,
        "period": "2018-03-31",
        "pretaxIncome": -132.194,
        "provisionforIncomeTaxes": 14.036,
        "researchDevelopment": 122.893,
        "revenue": 642.84,
        "sgaExpense": 324.786,
        "totalOperatingExpense": 447.679,
        "totalOtherIncomeExpenseNet": -1.651
      }
    ],
    "symbol": "ABNB"
  }
}