{
  "symbol": "CAT",
  "statement": "ic",
  "frequency": "quarterly",
  "timestamp": "2025-09-19T13:57:30.642572",
  "data": {
    "financials": [
      {
        "costOfGoodsSold": 10807,
        "dilutedAverageSharesOutstanding": 471.5,
        "dilutedEPS": 4.62,
        "ebit": 3196,
        "equityEarningsAffiliates": 7,
        "grossIncome": 5762,
        "interestExpense": 462,
        "interestIncomeExpense": -462,
        "minorityInterest": 0,
        "netIncome": 2179,
        "netIncomeAfterTaxes": 2172,
        "otherOperatingExpensesTotal": 321,
        "period": "2025-06-30",
        "pretaxIncome": 2818,
        "provisionforIncomeTaxes": 646,
        "researchDevelopment": 551,
        "revenue": 16569,
        "sgaExpense": 1694,
        "totalOperatingExpense": 2566,
        "totalOtherIncomeExpenseNet": 84
      },
      {
        "costOfGoodsSold": 8953,
        "dilutedAverageSharesOutstanding": 477.1,
        "dilutedEPS": 4.2,
        "ebit": 2938,
        "equityEarningsAffiliates": 7,
        "grossIncome": 5296,
        "interestExpense": 442,
        "interestIncomeExpense": -358,
        "minorityInterest": 0,
        "netIncome": 2003,
        "netIncomeAfterTaxes": 1996,
        "nonRecurringItems": -33,
        "otherOperatingExpensesTotal": 285,
        "period": "2025-03-31",
        "pretaxIncome": 2570,
        "provisionforIncomeTaxes": 574,
        "researchDevelopment": 480,
        "revenue": 14249,
        "sgaExpense": 1593,
        "totalOperatingExpense": 2358,
        "totalOtherIncomeExpenseNet": 23
      },
      {
        "costOfGoodsSold": 10298,
        "dilutedAverageSharesOutstanding": 482.5,
        "dilutedEPS": 5.78,
        "ebit": 3299,
        "equityEarningsAffiliates": 10,
        "grossIncome": 5917,
        "interestExpense": 445,
        "interestIncomeExpense": -181,
        "minorityInterest": 1,
        "netIncome": 2791,
        "netIncomeAfterTaxes": 2780,
        "nonRecurringItems": -37,
        "otherOperatingExpensesTotal": 330,
        "period": "2024-12-31",
        "pretaxIncome": 3243,
        "provisionforIncomeTaxes": 463,
        "researchDevelopment": 519,
        "revenue": 16215,
        "sgaExpense": 1769,
        "totalOperatingExpense": 2618,
        "totalOtherIncomeExpenseNet": 162
      },
      {
        "costOfGoodsSold": 10019,
        "dilutedAverageSharesOutstanding": 486.7,
        "dilutedEPS": 5.06,
        "ebit": 3553,
        "equityEarningsAffiliates": 7,
        "grossIncome": 6087,
        "interestExpense": 461,
        "interestIncomeExpense": -458,
        "minorityInterest": 1,
        "netIncome": 2464,
        "netIncomeAfterTaxes": 2456,
        "nonRecurringItems": -70,
        "otherOperatingExpensesTotal": 332,
        "period": "2024-09-30",
        "pretaxIncome": 3098,
        "provisionforIncomeTaxes": 642,
        "researchDevelopment": 533,
        "revenue": 16106,
        "sgaExpense": 1669,
        "totalOperatingExpense": 2534,
        "totalOtherIncomeExpenseNet": 73
      },
      {
        "costOfGoodsSold": 10140,
        "dilutedAverageSharesOutstanding": 489.5,
        "dilutedEPS": 5.48,
        "ebit": 4054,
        "equityEarningsAffiliates": 17,
        "grossIncome": 6549,
        "interestExpense": 451,
        "interestIncomeExpense": -321,
        "minorityInterest": 0,
        "netIncome": 2681,
        "netIncomeAfterTaxes": 2664,
        "nonRecurringItems": -258,
        "otherOperatingExpensesTotal": 308,
        "period": "2024-06-30",
        "pretaxIncome": 3500,
        "provisionforIncomeTaxes": 836,
        "researchDevelopment": 535,
        "revenue": 16689,
        "sgaExpense": 1652,
        "totalOperatingExpense": 2495,
        "totalOtherIncomeExpenseNet": 25
      },
      {
        "costOfGoodsSold": 9624,
        "dilutedAverageSharesOutstanding": 496.9,
        "dilutedEPS": 5.75,
        "ebit": 3811,
        "equityEarningsAffiliates": 10,
        "grossIncome": 6175,
        "interestExpense": 441,
        "interestIncomeExpense": -246,
        "minorityInterest": 2,
        "netIncome": 2856,
        "netIncomeAfterTaxes": 2844,
        "nonRecurringItems": 6,
        "otherOperatingExpensesTotal": 267,
        "period": "2024-03-31",
        "pretaxIncome": 3532,
        "provisionforIncomeTaxes": 688,
        "researchDevelopment": 520,
        "revenue": 15799,
        "sgaExpense": 1577,
        "totalOperatingExpense": 2364,
        "totalOtherIncomeExpenseNet": -39
      },
      {
        "costOfGoodsSold": 10972,
        "dilutedAverageSharesOutstanding": 507.3,
        "dilutedEPS": 5.27,
        "ebit": 3514,
        "equityEarningsAffiliates": 11,
        "grossIncome": 6098,
        "interestExpense": 414,
        "interestIncomeExpense": -299,
        "minorityInterest": 3,
        "netIncome": 2676,
        "netIncomeAfterTaxes": 2662,
        "nonRecurringItems": -92,
        "otherOperatingExpensesTotal": 274,
        "period": "2023-12-31",
        "pretaxIncome": 3249,
        "provisionforIncomeTaxes": 587,
        "researchDevelopment": 554,
        "revenue": 17070,
        "sgaExpense": 1756,
        "totalOperatingExpense": 2584,
        "totalOtherIncomeExpenseNet": 126
      },
      {
        "costOfGoodsSold": 10549,
        "dilutedAverageSharesOutstanding": 512.6,
        "dilutedEPS": 5.45,
        "ebit": 3775,
        "equityEarningsAffiliates": 12,
        "grossIncome": 6261,
        "interestExpense": 409,
        "interestIncomeExpense": -251,
        "minorityInterest": 1,
        "netIncome": 2794,
        "netIncomeAfterTaxes": 2781,
        "nonRecurringItems": -46,
        "otherOperatingExpensesTotal": 308,
        "period": "2023-09-30",
        "pretaxIncome": 3515,
        "provisionforIncomeTaxes": 734,
        "researchDevelopment": 554,
        "revenue": 16810,
        "sgaExpense": 1624,
        "totalOperatingExpense": 2486,
        "totalOtherIncomeExpenseNet": 37
      },
      {
        "costOfGoodsSold": 11046,
        "dilutedAverageSharesOutstanding": 515,
        "dilutedEPS": 5.67,
        "ebit": 3928,
        "equityEarningsAffiliates": 24,
        "grossIncome": 6272,
        "interestExpense": 372,
        "interestIncomeExpense": -246,
        "minorityInterest": -2,
        "netIncome": 2922,
        "netIncomeAfterTaxes": 2900,
        "nonRecurringItems": -31,
        "otherOperatingExpensesTotal": 288,
        "period": "2023-06-30",
        "pretaxIncome": 3652,
        "provisionforIncomeTaxes": 752,
        "researchDevelopment": 528,
        "revenue": 17318,
        "sgaExpense": 1528,
        "totalOperatingExpense": 2344,
        "totalOtherIncomeExpenseNet": 1
      },
      {
        "costOfGoodsSold": 10090,
        "dilutedAverageSharesOutstanding": 519.4,
        "dilutedEPS": 3.74,
        "ebit": 3559,
        "equityEarningsAffiliates": 16,
        "grossIncome": 5772,
        "interestExpense": 346,
        "interestIncomeExpense": -336,
        "minorityInterest": 1,
        "netIncome": 1943,
        "netIncomeAfterTaxes": 1926,
        "nonRecurringItems": -611,
        "otherOperatingExpensesTotal": 278,
        "period": "2023-03-31",
        "pretaxIncome": 2634,
        "provisionforIncomeTaxes": 708,
        "researchDevelopment": 472,
        "revenue": 15862,
        "sgaExpense": 1463,
        "totalOperatingExpense": 2213,
        "totalOtherIncomeExpenseNet": 22
      },
      {
        "costOfGoodsSold": 11425,
        "dilutedAverageSharesOutstanding": 522,
        "dilutedEPS": 2.79,
        "ebit": 3002,
        "equityEarningsAffiliates": -1,
        "grossIncome": 5172,
        "interestExpense": 305,
        "interestIncomeExpense": -534,
        "minorityInterest": 0,
        "netIncome": 1454,
        "netIncomeAfterTaxes": 1455,
        "nonRecurringItems": -1134,
        "otherOperatingExpensesTotal": 290,
        "period": "2022-12-31",
        "pretaxIncome": 2099,
        "provisionforIncomeTaxes": 644,
        "researchDevelopment": 401,
        "revenue": 16597,
        "sgaExpense": 1479,
        "totalOperatingExpense": 2170,
        "totalOtherIncomeExpenseNet": 765
      },
      {
        "costOfGoodsSold": 10189,
        "dilutedAverageSharesOutstanding": 527.6,
        "dilutedEPS": 3.87,
        "ebit": 2625,
        "equityEarningsAffiliates": 9,
        "grossIncome": 4805,
        "interestExpense": 260,
        "interestIncomeExpense": -74,
        "minorityInterest": 1,
        "netIncome": 2041,
        "netIncomeAfterTaxes": 2031,
        "nonRecurringItems": -49,
        "otherOperatingExpensesTotal": 303,
        "period": "2022-09-30",
        "pretaxIncome": 2558,
        "provisionforIncomeTaxes": 527,
        "researchDevelopment": 476,
        "revenue": 14994,
        "sgaExpense": 1401,
        "totalOperatingExpense": 2180,
        "totalOtherIncomeExpenseNet": 56
      },
      {
        "costOfGoodsSold": 9970,
        "dilutedAverageSharesOutstanding": 534.1,
        "dilutedEPS": 3.13,
        "ebit": 2092,
        "equityEarningsAffiliates": 4,
        "grossIncome": 4277,
        "interestExpense": 228,
        "interestIncomeExpense": -26,
        "minorityInterest": 0,
        "netIncome": 1673,
        "netIncomeAfterTaxes": 1669,
        "nonRecurringItems": -28,
        "otherOperatingExpensesTotal": 280,
        "period": "2022-06-30",
        "pretaxIncome": 2096,
        "provisionforIncomeTaxes": 427,
        "researchDevelopment": 480,
        "revenue": 14247,
        "sgaExpense": 1425,
        "totalOperatingExpense": 2185,
        "totalOtherIncomeExpenseNet": 58
      },
      {
        "costOfGoodsSold": 9551,
        "dilutedAverageSharesOutstanding": 538.3,
        "dilutedEPS": 2.86,
        "ebit": 1974,
        "equityEarningsAffiliates": 7,
        "grossIncome": 4038,
        "interestExpense": 215,
        "interestIncomeExpense": -159,
        "minorityInterest": 0,
        "netIncome": 1537,
        "netIncomeAfterTaxes": 1530,
        "nonRecurringItems": -13,
        "otherOperatingExpensesTotal": 261,
        "period": "2022-03-31",
        "pretaxIncome": 1999,
        "provisionforIncomeTaxes": 469,
        "researchDevelopment": 457,
        "revenue": 13589,
        "sgaExpense": 1346,
        "totalOperatingExpense": 2064,
        "totalOtherIncomeExpenseNet": 197
      },
      {
        "costOfGoodsSold": 9976,
        "dilutedAverageSharesOutstanding": 543.4,
        "dilutedEPS": 3.9,
        "ebit": 1680,
        "equityEarningsAffiliates": -13,
        "grossIncome": 3822,
        "interestExpense": 215,
        "interestIncomeExpense": -157,
        "minorityInterest": 0,
        "netIncome": 2120,
        "netIncomeAfterTaxes": 2097,
        "nonRecurringItems": 34,
        "otherOperatingExpensesTotal": 281,
        "period": "2021-12-31",
        "pretaxIncome": 2562,
        "provisionforIncomeTaxes": 465,
        "researchDevelopment": 439,
        "revenue": 13798,
        "sgaExpense": 1422,
        "totalOperatingExpense": 2142,
        "totalOtherIncomeExpenseNet": 1005
      },
      {
        "costOfGoodsSold": 8608,
        "dilutedAverageSharesOutstanding": 547.6,
        "dilutedEPS": 2.6,
        "ebit": 1810,
        "equityEarningsAffiliates": 21,
        "grossIncome": 3789,
        "interestExpense": 225,
        "interestIncomeExpense": -108,
        "minorityInterest": -2,
        "netIncome": 1426,
        "netIncomeAfterTaxes": 1407,
        "nonRecurringItems": -35,
        "otherOperatingExpensesTotal": 212,
        "period": "2021-09-30",
        "pretaxIncome": 1775,
        "provisionforIncomeTaxes": 368,
        "researchDevelopment": 427,
        "revenue": 12397,
        "sgaExpense": 1340,
        "totalOperatingExpense": 1979,
        "totalOtherIncomeExpenseNet": 108
      },
      {
        "costOfGoodsSold": 8866,
        "dilutedAverageSharesOutstanding": 552.1,
        "dilutedEPS": 2.56,
        "ebit": 1930,
        "equityEarningsAffiliates": 14,
        "grossIncome": 4023,
        "interestExpense": 236,
        "interestIncomeExpense": -230,
        "minorityInterest": -1,
        "netIncome": 1413,
        "netIncomeAfterTaxes": 1400,
        "nonRecurringItems": -25,
        "otherOperatingExpensesTotal": 283,
        "period": "2021-06-30",
        "pretaxIncome": 1870,
        "provisionforIncomeTaxes": 470,
        "researchDevelopment": 446,
        "revenue": 12889,
        "sgaExpense": 1364,
        "totalOperatingExpense": 2093,
        "totalOtherIncomeExpenseNet": 195
      },
      {
        "costOfGoodsSold": 8004,
        "dilutedAverageSharesOutstanding": 551.4,
        "dilutedEPS": 2.77,
        "ebit": 2003,
        "equityEarningsAffiliates": 9,
        "grossIncome": 3883,
        "interestExpense": 267,
        "interestIncomeExpense": -124,
        "minorityInterest": -1,
        "netIncome": 1530,
        "netIncomeAfterTaxes": 1522,
        "nonRecurringItems": -64,
        "otherOperatingExpensesTotal": 267,
        "period": "2021-03-31",
        "pretaxIncome": 1997,
        "provisionforIncomeTaxes": 475,
        "researchDevelopment": 374,
        "revenue": 11887,
        "sgaExpense": 1239,
        "totalOperatingExpense": 1880,
        "totalOtherIncomeExpenseNet": 182
      },
      {
        "costOfGoodsSold": 7777,
        "dilutedAverageSharesOutstanding": 551,
        "dilutedEPS": 1.41,
        "ebit": 1566,
        "equityEarningsAffiliates": 6,
        "grossIncome": 3458,
        "interestExpense": 258,
        "interestIncomeExpense": -259,
        "minorityInterest": 0,
        "netIncome": 780,
        "netIncomeAfterTaxes": 694,
        "nonRecurringItems": -58,
        "otherOperatingExpensesTotal": 302,
        "period": "2020-12-31",
        "pretaxIncome": 941,
        "provisionforIncomeTaxes": 247,
        "researchDevelopment": 374,
        "revenue": 11235,
        "sgaExpense": 1216,
        "totalOperatingExpense": 1892,
        "totalOtherIncomeExpenseNet": -308
      },
      {
        "costOfGoodsSold": 6907,
        "dilutedAverageSharesOutstanding": 546.4,
        "dilutedEPS": 1.22,
        "ebit": 1234,
        "equityEarningsAffiliates": -5,
        "grossIncome": 2974,
        "interestExpense": 273,
        "interestIncomeExpense": -286,
        "minorityInterest": -3,
        "netIncome": 668,
        "netIncomeAfterTaxes": 676,
        "nonRecurringItems": -112,
        "otherOperatingExpensesTotal": 270,
        "period": "2020-09-30",
        "pretaxIncome": 863,
        "provisionforIncomeTaxes": 187,
        "researchDevelopment": 344,
        "revenue": 9881,
        "sgaExpense": 1126,
        "totalOperatingExpense": 1740,
        "totalOtherIncomeExpenseNet": 27
      },
      {
        "costOfGoodsSold": 7105,
        "dilutedAverageSharesOutstanding": 544.5,
        "dilutedEPS": 0.84,
        "ebit": 1080,
        "equityEarningsAffiliates": 8,
        "grossIncome": 2892,
        "interestExpense": 284,
        "interestIncomeExpense": -224,
        "minorityInterest": -1,
        "netIncome": 458,
        "netIncomeAfterTaxes": 451,
        "nonRecurringItems": -147,
        "otherOperatingExpensesTotal": 292,
        "period": "2020-06-30",
        "pretaxIncome": 678,
        "provisionforIncomeTaxes": 227,
        "researchDevelopment": 341,
        "revenue": 9997,
        "sgaExpense": 1179,
        "totalOperatingExpense": 1812,
        "totalOtherIncomeExpenseNet": -31
      },
      {
        "costOfGoodsSold": 7250,
        "dilutedAverageSharesOutstanding": 551.1,
        "dilutedEPS": 1.98,
        "ebit": 1616,
        "equityEarningsAffiliates": 5,
        "grossIncome": 3385,
        "interestExpense": 288,
        "interestIncomeExpense": -378,
        "minorityInterest": -1,
        "netIncome": 1092,
        "netIncomeAfterTaxes": 1088,
        "nonRecurringItems": -37,
        "otherOperatingExpensesTotal": 292,
        "period": "2020-03-31",
        "pretaxIncome": 1513,
        "provisionforIncomeTaxes": 425,
        "researchDevelopment": 356,
        "revenue": 10635,
        "sgaExpense": 1121,
        "totalOperatingExpense": 1769,
        "totalOtherIncomeExpenseNet": 312
      },
      {
        "costOfGoodsSold": 9105,
        "dilutedAverageSharesOutstanding": 557.6,
        "dilutedEPS": 1.97,
        "ebit": 2117,
        "equityEarningsAffiliates": 8,
        "grossIncome": 4039,
        "interestExpense": 295,
        "interestIncomeExpense": -276,
        "minorityInterest": 1,
        "netIncome": 1098,
        "netIncomeAfterTaxes": 1089,
        "nonRecurringItems": -84,
        "otherOperatingExpensesTotal": 253,
        "period": "2019-12-31",
        "pretaxIncome": 1365,
        "provisionforIncomeTaxes": 276,
        "researchDevelopment": 386,
        "revenue": 13144,
        "sgaExpense": 1283,
        "totalOperatingExpense": 1922,
        "totalOtherIncomeExpenseNet": -392
      },
      {
        "costOfGoodsSold": 8556,
        "dilutedAverageSharesOutstanding": 561.2,
        "dilutedEPS": 2.66,
        "ebit": 2233,
        "equityEarningsAffiliates": 7,
        "grossIncome": 4202,
        "interestExpense": 292,
        "interestIncomeExpense": -237,
        "minorityInterest": 0,
        "netIncome": 1494,
        "netIncomeAfterTaxes": 1487,
        "nonRecurringItems": -24,
        "otherOperatingExpensesTotal": 287,
        "period": "2019-09-30",
        "pretaxIncome": 2005,
        "provisionforIncomeTaxes": 518,
        "researchDevelopment": 431,
        "revenue": 12758,
        "sgaExpense": 1251,
        "totalOperatingExpense": 1969,
        "totalOtherIncomeExpenseNet": 33
      },
      {
        "costOfGoodsSold": 9870,
        "dilutedAverageSharesOutstanding": 573.1,
        "dilutedEPS": 2.83,
        "ebit": 2515,
        "equityEarningsAffiliates": 6,
        "grossIncome": 4562,
        "interestExpense": 295,
        "interestIncomeExpense": -284,
        "minorityInterest": 1,
        "netIncome": 1620,
        "netIncomeAfterTaxes": 1613,
        "nonRecurringItems": -110,
        "otherOperatingExpensesTotal": 297,
        "period": "2019-06-30",
        "pretaxIncome": 2178,
        "provisionforIncomeTaxes": 565,
        "researchDevelopment": 441,
        "revenue": 14432,
        "sgaExpense": 1309,
        "totalOperatingExpense": 2047,
        "totalOtherIncomeExpenseNet": 57
      },
      {
        "costOfGoodsSold": 8977,
        "dilutedAverageSharesOutstanding": 578.8,
        "dilutedEPS": 3.24,
        "ebit": 2445,
        "equityEarningsAffiliates": 7,
        "grossIncome": 4489,
        "interestExpense": 293,
        "interestIncomeExpense": -184,
        "minorityInterest": -3,
        "netIncome": 1881,
        "netIncomeAfterTaxes": 1699,
        "nonRecurringItems": -48,
        "otherOperatingExpensesTotal": 290,
        "period": "2019-03-31",
        "pretaxIncome": 2264,
        "provisionforIncomeTaxes": 565,
        "researchDevelopment": 435,
        "revenue": 13466,
        "sgaExpense": 1319,
        "totalOperatingExpense": 2044,
        "totalOtherIncomeExpenseNet": 51
      },
      {
        "costOfGoodsSold": 9928,
        "dilutedAverageSharesOutstanding": 586.2,
        "dilutedEPS": 1.78,
        "ebit": 2165,
        "equityEarningsAffiliates": 3,
        "grossIncome": 4414,
        "interestExpense": 288,
        "interestIncomeExpense": -361,
        "minorityInterest": -1,
        "netIncome": 1048,
        "netIncomeAfterTaxes": 1096,
        "nonRecurringItems": -93,
        "otherOperatingExpensesTotal": 320,
        "period": "2018-12-31",
        "pretaxIncome": 1367,
        "provisionforIncomeTaxes": 271,
        "researchDevelopment": 466,
        "revenue": 14342,
        "sgaExpense": 1463,
        "totalOperatingExpense": 2249,
        "totalOtherIncomeExpenseNet": -344
      },
      {
        "costOfGoodsSold": 8974,
        "dilutedAverageSharesOutstanding": 599.4,
        "dilutedEPS": 2.88,
        "ebit": 2430,
        "equityEarningsAffiliates": 7,
        "grossIncome": 4536,
        "interestExpense": 287,
        "interestIncomeExpense": -302,
        "minorityInterest": 0,
        "netIncome": 1727,
        "netIncomeAfterTaxes": 1566,
        "nonRecurringItems": -110,
        "otherOperatingExpensesTotal": 328,
        "period": "2018-09-30",
        "pretaxIncome": 2135,
        "provisionforIncomeTaxes": 569,
        "researchDevelopment": 479,
        "revenue": 13510,
        "sgaExpense": 1299,
        "totalOperatingExpense": 2106,
        "totalOtherIncomeExpenseNet": 117
      },
      {
        "costOfGoodsSold": 9383,
        "dilutedAverageSharesOutstanding": 604.2,
        "dilutedEPS": 2.83,
        "ebit": 2463,
        "equityEarningsAffiliates": 9,
        "grossIncome": 4628,
        "interestExpense": 284,
        "interestIncomeExpense": -321,
        "minorityInterest": 2,
        "netIncome": 1707,
        "netIncomeAfterTaxes": 1696,
        "nonRecurringItems": -114,
        "otherOperatingExpensesTotal": 263,
        "period": "2018-06-30",
        "pretaxIncome": 2186,
        "provisionforIncomeTaxes": 490,
        "researchDevelopment": 462,
        "revenue": 14011,
        "sgaExpense": 1440,
        "totalOperatingExpense": 2165,
        "totalOtherIncomeExpenseNet": 158
      },
      {
        "costOfGoodsSold": 8530,
        "dilutedAverageSharesOutstanding": 608,
        "dilutedEPS": 2.74,
        "ebit": 2343,
        "equityEarningsAffiliates": 5,
        "grossIncome": 4329,
        "interestExpense": 267,
        "interestIncomeExpense": -250,
        "minorityInterest": -2,
        "netIncome": 1665,
        "netIncomeAfterTaxes": 1662,
        "nonRecurringItems": -69,
        "otherOperatingExpensesTotal": 267,
        "period": "2018-03-31",
        "pretaxIncome": 2134,
        "provisionforIncomeTaxes": 472,
        "researchDevelopment": 443,
        "revenue": 12859,
        "sgaExpense": 1276,
        "totalOperatingExpense": 1986,
        "totalOtherIncomeExpenseNet": 110
      },
      {
        "costOfGoodsSold": 8922,
        "dilutedAverageSharesOutstanding": 596.3,
        "dilutedEPS": -2.17,
        "ebit": 1794,
        "equityEarningsAffiliates": 8,
        "grossIncome": 3974,
        "interestExpense": 331,
        "interestIncomeExpense": -242,
        "minorityInterest": 0,
        "netIncome": -1299,
        "netIncomeAfterTaxes": 1064,
        "nonRecurringItems": -245,
        "otherOperatingExpensesTotal": 302,
        "period": "2017-12-31",
        "pretaxIncome": 1111,
        "provisionforIncomeTaxes": 47,
        "researchDevelopment": 498,
        "revenue": 12896,
        "sgaExpense": 1380,
        "totalOperatingExpense": 2180,
        "totalOtherIncomeExpenseNet": -196
      },
      {
        "costOfGoodsSold": 7633,
        "dilutedAverageSharesOutstanding": 600.1,
        "dilutedEPS": 1.76,
        "ebit": 1762,
        "equityEarningsAffiliates": 8,
        "grossIncome": 3780,
        "interestExpense": 281,
        "interestIncomeExpense": -205,
        "minorityInterest": -2,
        "netIncome": 1059,
        "netIncomeAfterTaxes": 1053,
        "nonRecurringItems": -90,
        "otherOperatingExpensesTotal": 303,
        "period": "2017-09-30",
        "pretaxIncome": 1523,
        "provisionforIncomeTaxes": 470,
        "researchDevelopment": 461,
        "revenue": 11413,
        "sgaExpense": 1254,
        "totalOperatingExpense": 2018,
        "totalOtherIncomeExpenseNet": 56
      },
      {
        "costOfGoodsSold": 7769,
        "dilutedAverageSharesOutstanding": 595.4,
        "dilutedEPS": 1.35,
        "ebit": 1515,
        "equityEarningsAffiliates": 5,
        "grossIncome": 3562,
        "interestExpense": 283,
        "interestIncomeExpense": -307,
        "minorityInterest": -1,
        "netIncome": 802,
        "netIncomeAfterTaxes": 798,
        "nonRecurringItems": -84,
        "otherOperatingExpensesTotal": 285,
        "period": "2017-06-30",
        "pretaxIncome": 1159,
        "provisionforIncomeTaxes": 361,
        "researchDevelopment": 458,
        "revenue": 11331,
        "sgaExpense": 1304,
        "totalOperatingExpense": 2047,
        "totalOtherIncomeExpenseNet": 35
      },
      {
        "costOfGoodsSold": 6763,
        "dilutedAverageSharesOutstanding": 593.2,
        "dilutedEPS": 0.32,
        "ebit": 1291,
        "equityEarningsAffiliates": -5,
        "grossIncome": 3059,
        "interestExpense": 282,
        "interestIncomeExpense": -301,
        "minorityInterest": -2,
        "netIncome": 192,
        "netIncomeAfterTaxes": 199,
        "nonRecurringItems": -752,
        "otherOperatingExpensesTotal": 282,
        "period": "2017-03-31",
        "pretaxIncome": 289,
        "provisionforIncomeTaxes": 90,
        "researchDevelopment": 425,
        "revenue": 9822,
        "sgaExpense": 1061,
        "totalOperatingExpense": 1768,
        "totalOtherIncomeExpenseNet": 51
      },
      {
        "costOfGoodsSold": 7419,
        "dilutedAverageSharesOutstanding": 585.8,
        "dilutedEPS": -2,
        "ebit": -130,
        "equityEarningsAffiliates": 1,
        "grossIncome": 2155,
        "interestExpense": 269,
        "interestIncomeExpense": -268,
        "minorityInterest": -4,
        "netIncome": -1171,
        "netIncomeAfterTaxes": -1168,
        "nonRecurringItems": -983,
        "otherOperatingExpensesTotal": 280,
        "period": "2016-12-31",
        "pretaxIncome": -1348,
        "provisionforIncomeTaxes": -180,
        "researchDevelopment": 522,
        "revenue": 9574,
        "sgaExpense": 1483,
        "totalOperatingExpense": 2285,
        "totalOtherIncomeExpenseNet": 33
      },
      {
        "costOfGoodsSold": 6469,
        "dilutedAverageSharesOutstanding": 589.6,
        "dilutedEPS": 0.48,
        "ebit": 952,
        "equityEarningsAffiliates": -4,
        "grossIncome": 2691,
        "interestExpense": 273,
        "interestIncomeExpense": -284,
        "minorityInterest": 0,
        "netIncome": 283,
        "netIncomeAfterTaxes": 287,
        "nonRecurringItems": -324,
        "otherOperatingExpensesTotal": 294,
        "period": "2016-09-30",
        "pretaxIncome": 383,
        "provisionforIncomeTaxes": 96,
        "researchDevelopment": 453,
        "revenue": 9160,
        "sgaExpense": 992,
        "totalOperatingExpense": 1739,
        "totalOtherIncomeExpenseNet": 39
      },
      {
        "costOfGoodsSold": 7375,
        "dilutedAverageSharesOutstanding": 588.6,
        "dilutedEPS": 0.93,
        "ebit": 1072,
        "equityEarningsAffiliates": -2,
        "grossIncome": 2967,
        "interestExpense": 278,
        "interestIncomeExpense": -296,
        "minorityInterest": -3,
        "netIncome": 550,
        "netIncomeAfterTaxes": 555,
        "nonRecurringItems": -139,
        "otherOperatingExpensesTotal": 304,
        "period": "2016-06-30",
        "pretaxIncome": 739,
        "provisionforIncomeTaxes": 184,
        "researchDevelopment": 468,
        "revenue": 10342,
        "sgaExpense": 1123,
        "totalOperatingExpense": 1895,
        "totalOtherIncomeExpenseNet": 102
      },
      {
        "costOfGoodsSold": 6785,
        "dilutedAverageSharesOutstanding": 587.7,
        "dilutedEPS": 0.46,
        "ebit": 807,
        "equityEarningsAffiliates": -1,
        "grossIncome": 2676,
        "interestExpense": 281,
        "interestIncomeExpense": -264,
        "minorityInterest": -1,
        "netIncome": 271,
        "netIncomeAfterTaxes": 273,
        "nonRecurringItems": -161,
        "otherOperatingExpensesTotal": 273,
        "period": "2016-03-31",
        "pretaxIncome": 365,
        "provisionforIncomeTaxes": 92,
        "researchDevelopment": 508,
        "revenue": 9461,
        "sgaExpense": 1088,
        "totalOperatingExpense": 1869,
        "totalOtherIncomeExpenseNet": -17
      },
      {
        "costOfGoodsSold": 7990,
        "dilutedAverageSharesOutstanding": 583.5,
        "dilutedEPS": -0.16,
        "ebit": 1304,
        "equityEarningsAffiliates": -1,
        "grossIncome": 3040,
        "interestExpense": 273,
        "interestIncomeExpense": -349,
        "minorityInterest": -4,
        "netIncome": -94,
        "netIncomeAfterTaxes": -89,
        "nonRecurringItems": -1332,
        "otherOperatingExpensesTotal": -91,
        "period": "2015-12-31",
        "pretaxIncome": -247,
        "provisionforIncomeTaxes": -158,
        "researchDevelopment": 572,
        "revenue": 11030,
        "sgaExpense": 1255,
        "totalOperatingExpense": 1736,
        "totalOtherIncomeExpenseNet": 130
      },
      {
        "costOfGoodsSold": 7860,
        "dilutedAverageSharesOutstanding": 594.8,
        "dilutedEPS": 0.94,
        "ebit": 1165,
        "equityEarningsAffiliates": -3,
        "grossIncome": 3102,
        "interestExpense": 269,
        "interestIncomeExpense": -261,
        "minorityInterest": -3,
        "netIncome": 559,
        "netIncomeAfterTaxes": 565,
        "nonRecurringItems": -98,
        "otherOperatingExpensesTotal": 295,
        "period": "2015-09-30",
        "pretaxIncome": 783,
        "provisionforIncomeTaxes": 218,
        "researchDevelopment": 513,
        "revenue": 10962,
        "sgaExpense": 1129,
        "totalOperatingExpense": 1937,
        "totalOtherIncomeExpenseNet": -23
      }
    ],
    "symbol": "CAT"
  }
}