{
  "symbol": "HII",
  "statement": "ic",
  "frequency": "quarterly",
  "timestamp": "2025-09-19T14:01:50.652509",
  "data": {
    "financials": [
      {
        "costOfGoodsSold": 2687,
        "dilutedAverageSharesOutstanding": 39.4,
        "dilutedEPS": 3.8579,
        "ebit": 155,
        "grossIncome": 395,
        "interestExpense": 28,
        "interestIncomeExpense": -20,
        "netIncome": 152,
        "netIncomeAfterTaxes": 152,
        "otherOperatingExpensesTotal": -1,
        "period": "2025-06-30",
        "pretaxIncome": 188,
        "provisionforIncomeTaxes": 36,
        "revenue": 3082,
        "sgaExpense": 241,
        "totalOperatingExpense": 240,
        "totalOtherIncomeExpenseNet": 53
      },
      {
        "costOfGoodsSold": 2340,
        "dilutedAverageSharesOutstanding": 39.3,
        "dilutedEPS": 3.7914,
        "ebit": 148,
        "grossIncome": 394,
        "interestExpense": 28,
        "interestIncomeExpense": -15,
        "netIncome": 149,
        "netIncomeAfterTaxes": 149,
        "otherOperatingExpensesTotal": 0,
        "period": "2025-03-31",
        "pretaxIncome": 187,
        "provisionforIncomeTaxes": 38,
        "revenue": 2734,
        "sgaExpense": 246,
        "totalOperatingExpense": 246,
        "totalOtherIncomeExpenseNet": 54
      },
      {
        "costOfGoodsSold": 2683,
        "dilutedAverageSharesOutstanding": 39.1,
        "dilutedEPS": 3.1458,
        "ebit": 96,
        "grossIncome": 321,
        "interestExpense": 27,
        "interestIncomeExpense": -13,
        "netIncome": 123,
        "netIncomeAfterTaxes": 123,
        "otherOperatingExpensesTotal": -9,
        "period": "2024-12-31",
        "pretaxIncome": 131,
        "provisionforIncomeTaxes": 8,
        "revenue": 3004,
        "sgaExpense": 234,
        "totalOperatingExpense": 225,
        "totalOtherIncomeExpenseNet": 48
      },
      {
        "costOfGoodsSold": 2427,
        "dilutedAverageSharesOutstanding": 39.5,
        "dilutedEPS": 2.557,
        "ebit": 70,
        "grossIncome": 322,
        "interestExpense": 23,
        "interestIncomeExpense": -11,
        "netIncome": 101,
        "netIncomeAfterTaxes": 101,
        "period": "2024-09-30",
        "pretaxIncome": 112,
        "provisionforIncomeTaxes": 11,
        "revenue": 2749,
        "sgaExpense": 252,
        "totalOperatingExpense": 252,
        "totalOtherIncomeExpenseNet": 53
      },
      {
        "costOfGoodsSold": 2545,
        "dilutedAverageSharesOutstanding": 39.5,
        "dilutedEPS": 4.3797,
        "ebit": 178,
        "grossIncome": 432,
        "interestExpense": 24,
        "interestIncomeExpense": -13,
        "netIncome": 173,
        "netIncomeAfterTaxes": 173,
        "otherOperatingExpensesTotal": -1,
        "period": "2024-06-30",
        "pretaxIncome": 216,
        "provisionforIncomeTaxes": 43,
        "revenue": 2977,
        "sgaExpense": 255,
        "totalOperatingExpense": 254,
        "totalOtherIncomeExpenseNet": 51
      },
      {
        "costOfGoodsSold": 2430,
        "dilutedAverageSharesOutstanding": 39.5,
        "dilutedEPS": 3.8734,
        "ebit": 142,
        "grossIncome": 375,
        "interestExpense": 21,
        "interestIncomeExpense": -9,
        "netIncome": 153,
        "netIncomeAfterTaxes": 153,
        "otherOperatingExpensesTotal": 1,
        "period": "2024-03-31",
        "pretaxIncome": 184,
        "provisionforIncomeTaxes": 31,
        "revenue": 2805,
        "sgaExpense": 232,
        "totalOperatingExpense": 233,
        "totalOtherIncomeExpenseNet": 51
      },
      {
        "costOfGoodsSold": 2686,
        "dilutedAverageSharesOutstanding": 39.6,
        "dilutedEPS": 6.9192,
        "ebit": 300,
        "grossIncome": 491,
        "interestExpense": 25,
        "interestIncomeExpense": -13,
        "netIncome": 274,
        "netIncomeAfterTaxes": 274,
        "otherOperatingExpensesTotal": -120,
        "period": "2023-12-31",
        "pretaxIncome": 332,
        "provisionforIncomeTaxes": 58,
        "revenue": 3177,
        "sgaExpense": 311,
        "totalOperatingExpense": 191,
        "totalOtherIncomeExpenseNet": 45
      },
      {
        "costOfGoodsSold": 2400,
        "dilutedAverageSharesOutstanding": 40,
        "dilutedEPS": 3.7,
        "ebit": 163,
        "grossIncome": 416,
        "interestExpense": 22,
        "interestIncomeExpense": -13,
        "netIncome": 148,
        "netIncomeAfterTaxes": 148,
        "period": "2023-09-30",
        "pretaxIncome": 189,
        "provisionforIncomeTaxes": 41,
        "revenue": 2816,
        "sgaExpense": 253,
        "totalOperatingExpense": 253,
        "totalOtherIncomeExpenseNet": 39
      },
      {
        "costOfGoodsSold": 2398,
        "dilutedAverageSharesOutstanding": 39.8,
        "dilutedEPS": 3.27,
        "ebit": 152,
        "grossIncome": 389,
        "interestExpense": 24,
        "interestIncomeExpense": -20,
        "netIncome": 130,
        "netIncomeAfterTaxes": 130,
        "otherOperatingExpensesTotal": -1,
        "period": "2023-06-30",
        "pretaxIncome": 169,
        "provisionforIncomeTaxes": 39,
        "revenue": 2787,
        "sgaExpense": 238,
        "totalOperatingExpense": 237,
        "totalOtherIncomeExpenseNet": 37
      },
      {
        "costOfGoodsSold": 2324,
        "dilutedAverageSharesOutstanding": 39.9,
        "dilutedEPS": 3.23,
        "ebit": 129,
        "grossIncome": 350,
        "interestExpense": 24,
        "interestIncomeExpense": -12,
        "netIncome": 129,
        "netIncomeAfterTaxes": 129,
        "otherOperatingExpensesTotal": 1,
        "period": "2023-03-31",
        "pretaxIncome": 163,
        "provisionforIncomeTaxes": 34,
        "revenue": 2674,
        "sgaExpense": 220,
        "totalOperatingExpense": 221,
        "totalOtherIncomeExpenseNet": 46
      },
      {
        "costOfGoodsSold": 2473,
        "dilutedAverageSharesOutstanding": 40.1,
        "dilutedEPS": 3.07,
        "ebit": 104,
        "grossIncome": 339,
        "interestExpense": 23,
        "interestIncomeExpense": -22,
        "netIncome": 123,
        "netIncomeAfterTaxes": 123,
        "otherOperatingExpensesTotal": -1,
        "period": "2022-12-31",
        "pretaxIncome": 159,
        "provisionforIncomeTaxes": 36,
        "revenue": 2812,
        "sgaExpense": 236,
        "totalOperatingExpense": 235,
        "totalOtherIncomeExpenseNet": 77
      },
      {
        "costOfGoodsSold": 2264,
        "dilutedAverageSharesOutstanding": 40.1,
        "dilutedEPS": 3.44,
        "ebit": 118,
        "grossIncome": 362,
        "interestExpense": 27,
        "interestIncomeExpense": -14,
        "netIncome": 138,
        "netIncomeAfterTaxes": 138,
        "otherOperatingExpensesTotal": 0,
        "period": "2022-09-30",
        "pretaxIncome": 162,
        "provisionforIncomeTaxes": 24,
        "revenue": 2626,
        "sgaExpense": 244,
        "totalOperatingExpense": 244,
        "totalOtherIncomeExpenseNet": 58
      },
      {
        "costOfGoodsSold": 2272,
        "dilutedAverageSharesOutstanding": 40.1,
        "dilutedEPS": 4.44,
        "ebit": 164,
        "grossIncome": 390,
        "interestExpense": 26,
        "interestIncomeExpense": 1,
        "netIncome": 178,
        "netIncomeAfterTaxes": 178,
        "otherOperatingExpensesTotal": -1,
        "period": "2022-06-30",
        "pretaxIncome": 222,
        "provisionforIncomeTaxes": 44,
        "revenue": 2662,
        "sgaExpense": 227,
        "totalOperatingExpense": 226,
        "totalOtherIncomeExpenseNet": 57
      },
      {
        "costOfGoodsSold": 2227,
        "dilutedAverageSharesOutstanding": 40,
        "dilutedEPS": 3.5,
        "ebit": 131,
        "grossIncome": 349,
        "interestExpense": 26,
        "interestIncomeExpense": -19,
        "netIncome": 140,
        "netIncomeAfterTaxes": 140,
        "otherOperatingExpensesTotal": 1,
        "period": "2022-03-31",
        "pretaxIncome": 176,
        "provisionforIncomeTaxes": 36,
        "revenue": 2576,
        "sgaExpense": 217,
        "totalOperatingExpense": 218,
        "totalOtherIncomeExpenseNet": 64
      },
      {
        "costOfGoodsSold": 2304,
        "dilutedAverageSharesOutstanding": 40.3,
        "dilutedEPS": 2.98,
        "ebit": 111,
        "grossIncome": 373,
        "interestExpense": 26,
        "interestIncomeExpense": -16,
        "netIncome": 120,
        "netIncomeAfterTaxes": 120,
        "nonRecurringItems": -1,
        "period": "2021-12-31",
        "pretaxIncome": 147,
        "provisionforIncomeTaxes": 27,
        "revenue": 2677,
        "sgaExpense": 262,
        "totalOperatingExpense": 262,
        "totalOtherIncomeExpenseNet": 53
      },
      {
        "costOfGoodsSold": 2007,
        "dilutedAverageSharesOutstanding": 40.3,
        "dilutedEPS": 3.65,
        "ebit": 105,
        "grossIncome": 331,
        "interestExpense": 24,
        "interestIncomeExpense": -13,
        "netIncome": 147,
        "netIncomeAfterTaxes": 147,
        "nonRecurringItems": 2,
        "period": "2021-09-30",
        "pretaxIncome": 141,
        "provisionforIncomeTaxes": -6,
        "revenue": 2338,
        "sgaExpense": 226,
        "totalOperatingExpense": 226,
        "totalOtherIncomeExpenseNet": 47
      },
      {
        "costOfGoodsSold": 1909,
        "dilutedAverageSharesOutstanding": 40.3,
        "dilutedEPS": 3.2,
        "ebit": 118,
        "grossIncome": 322,
        "interestExpense": 18,
        "interestIncomeExpense": -6,
        "netIncome": 129,
        "netIncomeAfterTaxes": 129,
        "nonRecurringItems": -2,
        "period": "2021-06-30",
        "pretaxIncome": 161,
        "provisionforIncomeTaxes": 32,
        "revenue": 2231,
        "sgaExpense": 204,
        "totalOperatingExpense": 204,
        "totalOtherIncomeExpenseNet": 51
      },
      {
        "costOfGoodsSold": 1936,
        "dilutedAverageSharesOutstanding": 40.2,
        "dilutedEPS": 3.68,
        "ebit": 136,
        "grossIncome": 342,
        "interestExpense": 21,
        "interestIncomeExpense": -13,
        "netIncome": 148,
        "netIncomeAfterTaxes": 148,
        "nonRecurringItems": 3,
        "period": "2021-03-31",
        "pretaxIncome": 173,
        "provisionforIncomeTaxes": 25,
        "revenue": 2278,
        "sgaExpense": 206,
        "totalOperatingExpense": 206,
        "totalOtherIncomeExpenseNet": 47
      },
      {
        "costOfGoodsSold": 2210,
        "dilutedAverageSharesOutstanding": 40.6,
        "dilutedEPS": 6.13,
        "ebit": 292,
        "grossIncome": 547,
        "interestExpense": 46,
        "interestIncomeExpense": -33,
        "netIncome": 249,
        "netIncomeAfterTaxes": 249,
        "otherOperatingExpensesTotal": -1,
        "period": "2020-12-31",
        "pretaxIncome": 303,
        "provisionforIncomeTaxes": 54,
        "revenue": 2757,
        "sgaExpense": 256,
        "totalOperatingExpense": 255,
        "totalOtherIncomeExpenseNet": 44
      },
      {
        "costOfGoodsSold": 1878,
        "dilutedAverageSharesOutstanding": 40.7,
        "dilutedEPS": 5.45,
        "ebit": 216,
        "grossIncome": 436,
        "interestExpense": 27,
        "interestIncomeExpense": -21,
        "netIncome": 222,
        "netIncomeAfterTaxes": 222,
        "period": "2020-09-30",
        "pretaxIncome": 226,
        "provisionforIncomeTaxes": 4,
        "revenue": 2314,
        "sgaExpense": 220,
        "totalOperatingExpense": 220,
        "totalOtherIncomeExpenseNet": 31
      },
      {
        "costOfGoodsSold": 1763,
        "dilutedAverageSharesOutstanding": 40.7,
        "dilutedEPS": 1.3,
        "ebit": 50,
        "grossIncome": 264,
        "interestExpense": 25,
        "interestIncomeExpense": -18,
        "netIncome": 53,
        "netIncomeAfterTaxes": 53,
        "period": "2020-06-30",
        "pretaxIncome": 65,
        "provisionforIncomeTaxes": 12,
        "revenue": 2027,
        "sgaExpense": 214,
        "totalOperatingExpense": 214,
        "totalOtherIncomeExpenseNet": 33
      },
      {
        "costOfGoodsSold": 1840,
        "dilutedAverageSharesOutstanding": 40.7,
        "dilutedEPS": 4.23,
        "ebit": 209,
        "grossIncome": 423,
        "interestExpense": 16,
        "interestIncomeExpense": -10,
        "netIncome": 172,
        "netIncomeAfterTaxes": 172,
        "period": "2020-03-31",
        "pretaxIncome": 216,
        "provisionforIncomeTaxes": 44,
        "revenue": 2263,
        "sgaExpense": 214,
        "totalOperatingExpense": 214,
        "totalOtherIncomeExpenseNet": 17
      },
      {
        "costOfGoodsSold": 1980,
        "dilutedAverageSharesOutstanding": 41.4,
        "dilutedEPS": 3.6,
        "ebit": 208,
        "grossIncome": 432,
        "interestExpense": 18,
        "interestIncomeExpense": -11,
        "netIncome": 149,
        "netIncomeAfterTaxes": 149,
        "nonRecurringItems": -29,
        "otherOperatingExpensesTotal": 0,
        "period": "2019-12-31",
        "pretaxIncome": 172,
        "provisionforIncomeTaxes": 23,
        "revenue": 2412,
        "sgaExpense": 224,
        "totalOperatingExpense": 224,
        "totalOtherIncomeExpenseNet": 4
      },
      {
        "costOfGoodsSold": 1802,
        "dilutedAverageSharesOutstanding": 41.2,
        "dilutedEPS": 3.74,
        "ebit": 208,
        "grossIncome": 417,
        "interestExpense": 18,
        "interestIncomeExpense": -12,
        "netIncome": 154,
        "netIncomeAfterTaxes": 154,
        "otherOperatingExpensesTotal": 0,
        "period": "2019-09-30",
        "pretaxIncome": 198,
        "provisionforIncomeTaxes": 44,
        "revenue": 2219,
        "sgaExpense": 209,
        "totalOperatingExpense": 209,
        "totalOtherIncomeExpenseNet": 2
      },
      {
        "costOfGoodsSold": 1834,
        "dilutedAverageSharesOutstanding": 41.7,
        "dilutedEPS": 3.07,
        "ebit": 170,
        "grossIncome": 354,
        "interestExpense": 18,
        "interestIncomeExpense": -13,
        "netIncome": 128,
        "netIncomeAfterTaxes": 128,
        "otherOperatingExpensesTotal": 0,
        "period": "2019-06-30",
        "pretaxIncome": 164,
        "provisionforIncomeTaxes": 36,
        "revenue": 2188,
        "sgaExpense": 184,
        "totalOperatingExpense": 184,
        "totalOtherIncomeExpenseNet": 7
      },
      {
        "costOfGoodsSold": 1752,
        "dilutedAverageSharesOutstanding": 41.4,
        "dilutedEPS": 2.85,
        "ebit": 157,
        "grossIncome": 328,
        "interestExpense": 16,
        "interestIncomeExpense": -12,
        "netIncome": 118,
        "netIncomeAfterTaxes": 118,
        "otherOperatingExpensesTotal": 0,
        "period": "2019-03-31",
        "pretaxIncome": 149,
        "provisionforIncomeTaxes": 31,
        "revenue": 2080,
        "sgaExpense": 171,
        "totalOperatingExpense": 171,
        "totalOtherIncomeExpenseNet": 4
      },
      {
        "costOfGoodsSold": 1729,
        "dilutedAverageSharesOutstanding": 42.9,
        "dilutedEPS": 4.94,
        "ebit": 208,
        "grossIncome": 470,
        "interestExpense": 14,
        "interestIncomeExpense": -9,
        "netIncome": 212,
        "netIncomeAfterTaxes": 212,
        "otherOperatingExpensesTotal": 0,
        "period": "2018-12-31",
        "pretaxIncome": 219,
        "provisionforIncomeTaxes": 7,
        "revenue": 2199,
        "sgaExpense": 262,
        "totalOperatingExpense": 262,
        "totalOtherIncomeExpenseNet": 20
      },
      {
        "costOfGoodsSold": 1593,
        "dilutedAverageSharesOutstanding": 43.3,
        "dilutedEPS": 5.29,
        "ebit": 282,
        "grossIncome": 490,
        "interestExpense": 14,
        "interestIncomeExpense": -6,
        "netIncome": 229,
        "netIncomeAfterTaxes": 229,
        "otherOperatingExpensesTotal": 0,
        "period": "2018-09-30",
        "pretaxIncome": 295,
        "provisionforIncomeTaxes": 66,
        "revenue": 2083,
        "sgaExpense": 208,
        "totalOperatingExpense": 208,
        "totalOtherIncomeExpenseNet": 19
      },
      {
        "costOfGoodsSold": 1568,
        "dilutedAverageSharesOutstanding": 44.3,
        "dilutedEPS": 5.4,
        "ebit": 255,
        "grossIncome": 452,
        "interestExpense": 15,
        "interestIncomeExpense": -13,
        "netIncome": 239,
        "netIncomeAfterTaxes": 239,
        "otherOperatingExpensesTotal": -12,
        "period": "2018-06-30",
        "pretaxIncome": 262,
        "provisionforIncomeTaxes": 23,
        "revenue": 2020,
        "sgaExpense": 209,
        "totalOperatingExpense": 197,
        "totalOtherIncomeExpenseNet": 20
      },
      {
        "costOfGoodsSold": 1495,
        "dilutedAverageSharesOutstanding": 44.8,
        "dilutedEPS": 3.48,
        "ebit": 189,
        "grossIncome": 379,
        "interestExpense": 15,
        "interestIncomeExpense": -13,
        "netIncome": 156,
        "netIncomeAfterTaxes": 156,
        "otherOperatingExpensesTotal": -2,
        "period": "2018-03-31",
        "pretaxIncome": 195,
        "provisionforIncomeTaxes": 39,
        "revenue": 1874,
        "sgaExpense": 192,
        "totalOperatingExpense": 190,
        "totalOtherIncomeExpenseNet": 19
      },
      {
        "costOfGoodsSold": 1393,
        "dilutedAverageSharesOutstanding": 45.5,
        "dilutedEPS": 1.41,
        "ebit": 241,
        "grossIncome": 603,
        "interestExpense": 41,
        "interestIncomeExpense": -39,
        "netIncome": 64,
        "netIncomeAfterTaxes": 64,
        "nonRecurringItems": 0,
        "period": "2017-12-31",
        "pretaxIncome": 187,
        "provisionforIncomeTaxes": 123,
        "revenue": 1996,
        "sgaExpense": 362,
        "totalOperatingExpense": 362,
        "totalOtherIncomeExpenseNet": -15
      },
      {
        "costOfGoodsSold": 1498,
        "dilutedAverageSharesOutstanding": 45.5,
        "dilutedEPS": 3.27,
        "ebit": 230,
        "grossIncome": 365,
        "interestExpense": 18,
        "interestIncomeExpense": -11,
        "netIncome": 149,
        "netIncomeAfterTaxes": 149,
        "period": "2017-09-30",
        "pretaxIncome": 220,
        "provisionforIncomeTaxes": 71,
        "revenue": 1863,
        "sgaExpense": 135,
        "totalOperatingExpense": 135,
        "totalOtherIncomeExpenseNet": 1
      },
      {
        "costOfGoodsSold": 1489,
        "dilutedAverageSharesOutstanding": 45.8,
        "dilutedEPS": 3.21,
        "ebit": 236,
        "grossIncome": 369,
        "interestExpense": 17,
        "interestIncomeExpense": -16,
        "netIncome": 147,
        "netIncomeAfterTaxes": 147,
        "period": "2017-06-30",
        "pretaxIncome": 218,
        "provisionforIncomeTaxes": 71,
        "revenue": 1858,
        "sgaExpense": 133,
        "totalOperatingExpense": 133,
        "totalOtherIncomeExpenseNet": -2
      },
      {
        "costOfGoodsSold": 1380,
        "dilutedAverageSharesOutstanding": 46.4,
        "dilutedEPS": 2.56,
        "ebit": 166,
        "grossIncome": 344,
        "interestExpense": 18,
        "interestIncomeExpense": -16,
        "netIncome": 119,
        "netIncomeAfterTaxes": 119,
        "period": "2017-03-31",
        "pretaxIncome": 147,
        "provisionforIncomeTaxes": 28,
        "revenue": 1724,
        "sgaExpense": 178,
        "totalOperatingExpense": 178,
        "totalOtherIncomeExpenseNet": -3
      },
      {
        "costOfGoodsSold": 1480,
        "dilutedAverageSharesOutstanding": 46.6,
        "dilutedEPS": 4.23,
        "ebit": 269,
        "grossIncome": 442,
        "interestExpense": 18,
        "interestIncomeExpense": -19,
        "netIncome": 197,
        "netIncomeAfterTaxes": 197,
        "nonRecurringItems": 0,
        "otherOperatingExpensesTotal": -15,
        "period": "2016-12-31",
        "pretaxIncome": 251,
        "provisionforIncomeTaxes": 54,
        "revenue": 1922,
        "sgaExpense": 188,
        "totalOperatingExpense": 173,
        "totalOtherIncomeExpenseNet": 1
      },
      {
        "costOfGoodsSold": 1367,
        "dilutedAverageSharesOutstanding": 47.2,
        "dilutedEPS": 2.27,
        "ebit": 169,
        "grossIncome": 316,
        "interestExpense": 19,
        "interestIncomeExpense": -13,
        "netIncome": 107,
        "netIncomeAfterTaxes": 107,
        "nonRecurringItems": 0,
        "period": "2016-09-30",
        "pretaxIncome": 157,
        "provisionforIncomeTaxes": 50,
        "revenue": 1683,
        "sgaExpense": 147,
        "totalOperatingExpense": 147,
        "totalOtherIncomeExpenseNet": 1
      },
      {
        "costOfGoodsSold": 1333,
        "dilutedAverageSharesOutstanding": 47.5,
        "dilutedEPS": 2.8,
        "ebit": 216,
        "grossIncome": 367,
        "interestExpense": 18,
        "interestIncomeExpense": -17,
        "netIncome": 133,
        "netIncomeAfterTaxes": 133,
        "nonRecurringItems": 0,
        "period": "2016-06-30",
        "pretaxIncome": 199,
        "provisionforIncomeTaxes": 66,
        "revenue": 1700,
        "sgaExpense": 151,
        "totalOperatingExpense": 151,
        "totalOtherIncomeExpenseNet": 0
      },
      {
        "costOfGoodsSold": 1428,
        "dilutedAverageSharesOutstanding": 47.4,
        "dilutedEPS": 2.87,
        "ebit": 198,
        "grossIncome": 335,
        "interestExpense": 19,
        "interestIncomeExpense": -19,
        "netIncome": 136,
        "netIncomeAfterTaxes": 136,
        "period": "2016-03-31",
        "pretaxIncome": 177,
        "provisionforIncomeTaxes": 41,
        "revenue": 1763,
        "sgaExpense": 137,
        "totalOperatingExpense": 137,
        "totalOtherIncomeExpenseNet": -2
      },
      {
        "costOfGoodsSold": 1550,
        "dilutedAverageSharesOutstanding": 47.4,
        "dilutedEPS": 1.05,
        "ebit": 159,
        "grossIncome": 355,
        "interestExpense": 64,
        "interestIncomeExpense": -63,
        "netIncome": 50,
        "netIncomeAfterTaxes": 50,
        "nonRecurringItems": -16,
        "period": "2015-12-31",
        "pretaxIncome": 80,
        "provisionforIncomeTaxes": 30,
        "revenue": 1905,
        "sgaExpense": 196,
        "totalOperatingExpense": 196
      },
      {
        "costOfGoodsSold": 1456,
        "dilutedAverageSharesOutstanding": 48.4,
        "dilutedEPS": 2.29,
        "ebit": 194,
        "grossIncome": 344,
        "interestExpense": 25,
        "interestIncomeExpense": -19,
        "netIncome": 111,
        "netIncomeAfterTaxes": 111,
        "nonRecurringItems": 0,
        "period": "2015-09-30",
        "pretaxIncome": 175,
        "provisionforIncomeTaxes": 64,
        "revenue": 1800,
        "sgaExpense": 150,
        "totalOperatingExpense": 150
      }
    ],
    "symbol": "HII"
  }
}