{
  "symbol": "CL",
  "statement": "ic",
  "frequency": "annual",
  "timestamp": "2025-09-19T13:58:17.667453",
  "data": {
    "financials": [
      {
        "costOfGoodsSold": 7940,
        "depreciationAmortization": 75,
        "dilutedAverageSharesOutstanding": 823.2,
        "dilutedEPS": 3.5095,
        "ebit": 4311,
        "grossIncome": 12161,
        "interestExpense": 292,
        "interestIncomeExpense": -203,
        "minorityInterest": -160,
        "netIncome": 2889,
        "netIncomeAfterTaxes": 3049,
        "nonRecurringItems": -65,
        "otherOperatingExpensesTotal": 52,
        "period": "2024-12-31",
        "pretaxIncome": 3956,
        "provisionforIncomeTaxes": 907,
        "revenue": 20101,
        "sgaExpense": 7723,
        "totalOperatingExpense": 7850,
        "totalOtherIncomeExpenseNet": -87,
        "year": 2024
      },
      {
        "costOfGoodsSold": 8131,
        "depreciationAmortization": 72,
        "dilutedAverageSharesOutstanding": 829.2,
        "dilutedEPS": 2.7738,
        "ebit": 4018,
        "grossIncome": 11326,
        "interestExpense": 287,
        "interestIncomeExpense": -215,
        "minorityInterest": -155,
        "netIncome": 2300,
        "netIncomeAfterTaxes": 2455,
        "nonRecurringItems": -323,
        "otherOperatingExpensesTotal": 87,
        "period": "2023-12-31",
        "pretaxIncome": 3392,
        "provisionforIncomeTaxes": 937,
        "revenue": 19457,
        "sgaExpense": 7149,
        "totalOperatingExpense": 7308,
        "totalOtherIncomeExpenseNet": -88,
        "year": 2023
      },
      {
        "costOfGoodsSold": 7719,
        "depreciationAmortization": 80,
        "dilutedAverageSharesOutstanding": 839,
        "dilutedEPS": 2.13,
        "ebit": 3669,
        "grossIncome": 10248,
        "interestExpense": 167,
        "interestIncomeExpense": -141,
        "minorityInterest": -182,
        "netIncome": 1785,
        "netIncomeAfterTaxes": 1967,
        "nonRecurringItems": -803,
        "otherOperatingExpensesTotal": -61,
        "period": "2022-12-31",
        "pretaxIncome": 2660,
        "provisionforIncomeTaxes": 693,
        "revenue": 17967,
        "sgaExpense": 6560,
        "totalOperatingExpense": 6579,
        "totalOtherIncomeExpenseNet": -65,
        "year": 2022
      },
      {
        "costOfGoodsSold": 7046,
        "depreciationAmortization": 89,
        "dilutedAverageSharesOutstanding": 848,
        "dilutedEPS": 2.55,
        "ebit": 3875,
        "grossIncome": 10375,
        "interestExpense": 192,
        "interestIncomeExpense": -163,
        "minorityInterest": -172,
        "netIncome": 2166,
        "netIncomeAfterTaxes": 2338,
        "nonRecurringItems": -555,
        "otherOperatingExpensesTotal": 4,
        "period": "2021-12-31",
        "pretaxIncome": 3087,
        "provisionforIncomeTaxes": 749,
        "revenue": 17421,
        "sgaExpense": 6407,
        "totalOperatingExpense": 6500,
        "totalOtherIncomeExpenseNet": -70,
        "year": 2021
      },
      {
        "costOfGoodsSold": 6454,
        "depreciationAmortization": 88,
        "dilutedAverageSharesOutstanding": 859,
        "dilutedEPS": 3.14,
        "ebit": 3862,
        "grossIncome": 10017,
        "interestExpense": 183,
        "interestIncomeExpense": -152,
        "minorityInterest": -165,
        "netIncome": 2695,
        "netIncomeAfterTaxes": 2860,
        "nonRecurringItems": 11,
        "otherOperatingExpensesTotal": 48,
        "period": "2020-12-31",
        "pretaxIncome": 3647,
        "provisionforIncomeTaxes": 787,
        "revenue": 16471,
        "sgaExpense": 6019,
        "totalOperatingExpense": 6155,
        "totalOtherIncomeExpenseNet": -74,
        "year": 2020
      },
      {
        "costOfGoodsSold": 6360,
        "depreciationAmortization": 62,
        "dilutedAverageSharesOutstanding": 861,
        "dilutedEPS": 2.75,
        "ebit": 3712,
        "grossIncome": 9333,
        "interestExpense": 192,
        "interestIncomeExpense": -136,
        "minorityInterest": -160,
        "netIncome": 2367,
        "netIncomeAfterTaxes": 2527,
        "nonRecurringItems": -174,
        "otherOperatingExpensesTotal": 44,
        "period": "2019-12-31",
        "pretaxIncome": 3301,
        "provisionforIncomeTaxes": 774,
        "revenue": 15693,
        "sgaExpense": 5515,
        "totalOperatingExpense": 5621,
        "totalOtherIncomeExpenseNet": -101,
        "year": 2019
      },
      {
        "costOfGoodsSold": 6282,
        "depreciationAmortization": 59,
        "dilutedAverageSharesOutstanding": 873,
        "dilutedEPS": 2.74,
        "ebit": 3836,
        "grossIncome": 9262,
        "interestExpense": 193,
        "interestIncomeExpense": -133,
        "minorityInterest": -158,
        "netIncome": 2400,
        "netIncomeAfterTaxes": 2638,
        "nonRecurringItems": -161,
        "otherOperatingExpensesTotal": 11,
        "period": "2018-12-31",
        "pretaxIncome": 3464,
        "provisionforIncomeTaxes": 826,
        "revenue": 15544,
        "sgaExpense": 5356,
        "totalOperatingExpense": 5426,
        "totalOtherIncomeExpenseNet": -78,
        "year": 2018
      },
      {
        "costOfGoodsSold": 6099,
        "depreciationAmortization": 35,
        "dilutedAverageSharesOutstanding": 888,
        "dilutedEPS": 2.27,
        "ebit": 4009,
        "grossIncome": 9355,
        "interestExpense": 153,
        "interestIncomeExpense": -91,
        "minorityInterest": -150,
        "netIncome": 2024,
        "netIncomeAfterTaxes": 2449,
        "nonRecurringItems": -333,
        "otherOperatingExpensesTotal": -3,
        "period": "2017-12-31",
        "pretaxIncome": 3487,
        "provisionforIncomeTaxes": 1038,
        "revenue": 15454,
        "sgaExpense": 5314,
        "totalOperatingExpense": 5346,
        "totalOtherIncomeExpenseNet": -98,
        "year": 2017
      },
      {
        "costOfGoodsSold": 6026,
        "depreciationAmortization": 33,
        "dilutedAverageSharesOutstanding": 898,
        "dilutedEPS": 2.72,
        "ebit": 4081,
        "grossIncome": 9169,
        "interestExpense": 149,
        "interestIncomeExpense": -89,
        "minorityInterest": -145,
        "netIncome": 2441,
        "netIncomeAfterTaxes": 2586,
        "nonRecurringItems": -148,
        "otherOperatingExpensesTotal": -11,
        "period": "2016-12-31",
        "pretaxIncome": 3738,
        "provisionforIncomeTaxes": 1152,
        "revenue": 15195,
        "sgaExpense": 5066,
        "totalOperatingExpense": 5088,
        "totalOtherIncomeExpenseNet": -106,
        "year": 2016
      },
      {
        "costOfGoodsSold": 6615,
        "depreciationAmortization": 33,
        "dilutedAverageSharesOutstanding": 910,
        "dilutedEPS": 1.52,
        "ebit": 3980,
        "grossIncome": 9419,
        "interestExpense": 133,
        "interestIncomeExpense": -18,
        "minorityInterest": -164,
        "netIncome": 1384,
        "netIncomeAfterTaxes": 1548,
        "nonRecurringItems": -1199,
        "otherOperatingExpensesTotal": 6,
        "period": "2015-12-31",
        "pretaxIncome": 2763,
        "provisionforIncomeTaxes": 1215,
        "revenue": 16034,
        "sgaExpense": 5400,
        "totalOperatingExpense": 5439,
        "year": 2015
      }
    ],
    "symbol": "CL"
  }
}