{
  "symbol": "MGM",
  "statement": "ic",
  "frequency": "annual",
  "timestamp": "2025-09-19T14:03:58.013698",
  "data": {
    "financials": [
      {
        "costOfGoodsSold": 9393.541,
        "depreciationAmortization": 831.097,
        "dilutedAverageSharesOutstanding": 310.232,
        "dilutedEPS": 2.3971,
        "ebit": 1662.425,
        "grossIncome": 7847.004,
        "interestExpense": 443.23,
        "interestIncomeExpense": -487.617,
        "minorityInterest": -318.05,
        "netIncome": 743.652,
        "netIncomeAfterTaxes": 1064.608,
        "nonRecurringItems": -81.316,
        "period": "2024-12-31",
        "pretaxIncome": 1117.065,
        "provisionforIncomeTaxes": 52.457,
        "revenue": 17240.545,
        "sgaExpense": 5353.482,
        "totalOperatingExpense": 6184.579,
        "totalOtherIncomeExpenseNet": 23.573,
        "year": 2024
      },
      {
        "costOfGoodsSold": 8553.562,
        "depreciationAmortization": 814.128,
        "dilutedAverageSharesOutstanding": 358.627,
        "dilutedEPS": 3.1908,
        "ebit": 1583.088,
        "grossIncome": 7610.687,
        "interestExpense": 460.293,
        "interestIncomeExpense": -491.429,
        "minorityInterest": -172.744,
        "netIncome": 1144.308,
        "netIncomeAfterTaxes": 1314.924,
        "nonRecurringItems": 370.513,
        "period": "2023-12-31",
        "pretaxIncome": 1472.763,
        "provisionforIncomeTaxes": 157.839,
        "revenue": 16164.249,
        "sgaExpense": 5213.471,
        "totalOperatingExpense": 6027.599,
        "totalOtherIncomeExpenseNet": 10.591,
        "year": 2023
      },
      {
        "costOfGoodsSold": 6653,
        "depreciationAmortization": 3482,
        "dilutedAverageSharesOutstanding": 413,
        "dilutedEPS": 3.49,
        "ebit": -1716,
        "grossIncome": 6475,
        "interestExpense": 594.954,
        "interestIncomeExpense": -681,
        "minorityInterest": 1266,
        "netIncome": 1441,
        "netIncomeAfterTaxes": 207,
        "nonRecurringItems": 3315,
        "period": "2022-12-31",
        "pretaxIncome": 904,
        "provisionforIncomeTaxes": 697,
        "revenue": 13127,
        "sgaExpense": 4708,
        "totalOperatingExpense": 8190,
        "totalOtherIncomeExpenseNet": -14,
        "year": 2022
      },
      {
        "costOfGoodsSold": 5031,
        "depreciationAmortization": 1151,
        "dilutedAverageSharesOutstanding": 487,
        "dilutedEPS": 2.41,
        "ebit": 564,
        "grossIncome": 4650,
        "interestExpense": 799.593,
        "interestIncomeExpense": -766,
        "minorityInterest": 46,
        "netIncome": 1176,
        "netIncomeAfterTaxes": 1208,
        "nonRecurringItems": 1630,
        "period": "2021-12-31",
        "pretaxIncome": 1462,
        "provisionforIncomeTaxes": 253,
        "revenue": 9680,
        "sgaExpense": 2935,
        "totalOperatingExpense": 4085,
        "totalOtherIncomeExpenseNet": 34,
        "year": 2021
      },
      {
        "costOfGoodsSold": 3453,
        "depreciationAmortization": 1211,
        "dilutedAverageSharesOutstanding": 494,
        "dilutedEPS": -2.02,
        "ebit": -2083,
        "grossIncome": 1709,
        "interestExpense": 676.38,
        "interestIncomeExpense": -737,
        "minorityInterest": 287,
        "netIncome": -997,
        "netIncomeAfterTaxes": -1320,
        "nonRecurringItems": 1398,
        "period": "2020-12-31",
        "pretaxIncome": -1511,
        "provisionforIncomeTaxes": -192,
        "revenue": 5162,
        "sgaExpense": 2583,
        "totalOperatingExpense": 3793,
        "totalOtherIncomeExpenseNet": -89,
        "year": 2020
      },
      {
        "costOfGoodsSold": 7603,
        "depreciationAmortization": 1305,
        "dilutedAverageSharesOutstanding": 528,
        "dilutedEPS": 3.88,
        "ebit": 1418,
        "grossIncome": 5296,
        "interestExpense": 847.932,
        "interestIncomeExpense": -790,
        "minorityInterest": -165,
        "netIncome": 2046,
        "netIncomeAfterTaxes": 2214,
        "nonRecurringItems": 2402,
        "period": "2019-12-31",
        "pretaxIncome": 2847,
        "provisionforIncomeTaxes": 632,
        "revenue": 12900,
        "sgaExpense": 2573,
        "totalOperatingExpense": 3878,
        "totalOtherIncomeExpenseNet": -183,
        "year": 2019
      },
      {
        "costOfGoodsSold": 6919,
        "depreciationAmortization": 1178,
        "dilutedAverageSharesOutstanding": 550,
        "dilutedEPS": 0.81,
        "ebit": 1330,
        "grossIncome": 4844,
        "interestExpense": 769.513,
        "interestIncomeExpense": -669,
        "minorityInterest": -117,
        "netIncome": 445,
        "netIncomeAfterTaxes": 584,
        "nonRecurringItems": -9,
        "period": "2018-12-31",
        "pretaxIncome": 634,
        "provisionforIncomeTaxes": 50,
        "revenue": 11763,
        "sgaExpense": 2335,
        "totalOperatingExpense": 3514,
        "totalOtherIncomeExpenseNet": -18,
        "year": 2018
      },
      {
        "costOfGoodsSold": 6193,
        "depreciationAmortization": 993,
        "dilutedAverageSharesOutstanding": 579,
        "dilutedEPS": 3.34,
        "ebit": 1577,
        "grossIncome": 4604,
        "interestExpense": 668.745,
        "interestIncomeExpense": -557,
        "minorityInterest": -136,
        "netIncome": 1934,
        "netIncomeAfterTaxes": 688,
        "nonRecurringItems": -10,
        "period": "2017-12-31",
        "pretaxIncome": 961,
        "provisionforIncomeTaxes": 273,
        "revenue": 10797,
        "sgaExpense": 2035,
        "totalOperatingExpense": 3028,
        "totalOtherIncomeExpenseNet": -48,
        "year": 2017
      },
      {
        "costOfGoodsSold": 5521,
        "depreciationAmortization": 850,
        "dilutedAverageSharesOutstanding": 573,
        "dilutedEPS": 1.92,
        "ebit": 1276,
        "grossIncome": 3957,
        "interestExpense": 694.773,
        "interestIncomeExpense": -220,
        "minorityInterest": -135,
        "netIncome": 1100,
        "netIncomeAfterTaxes": 1236,
        "nonRecurringItems": 274,
        "period": "2016-12-31",
        "pretaxIncome": 1258,
        "provisionforIncomeTaxes": 22,
        "revenue": 9478,
        "sgaExpense": 1831,
        "totalOperatingExpense": 2681,
        "totalOtherIncomeExpenseNet": -73,
        "year": 2016
      },
      {
        "costOfGoodsSold": 5625,
        "depreciationAmortization": 820,
        "dilutedAverageSharesOutstanding": 543,
        "dilutedEPS": -0.82,
        "ebit": 1090,
        "grossIncome": 3565,
        "interestExpense": 797.579,
        "interestIncomeExpense": -616,
        "minorityInterest": 592,
        "netIncome": -448,
        "netIncomeAfterTaxes": -1040,
        "nonRecurringItems": -1504,
        "period": "2015-12-31",
        "pretaxIncome": -1046,
        "provisionforIncomeTaxes": -7,
        "revenue": 9190,
        "sgaExpense": 1655,
        "totalOperatingExpense": 2475,
        "totalOtherIncomeExpenseNet": -16,
        "year": 2015
      }
    ],
    "symbol": "MGM"
  }
}