{
  "symbol": "EA",
  "statement": "ic",
  "frequency": "quarterly",
  "timestamp": "2025-09-19T13:59:40.931438",
  "data": {
    "financials": [
      {
        "costOfGoodsSold": 279,
        "depreciationAmortization": 17,
        "dilutedAverageSharesOutstanding": 254,
        "dilutedEPS": 0.7913,
        "ebit": 271,
        "grossIncome": 1392,
        "interestExpense": 14,
        "interestIncomeExpense": 2,
        "netIncome": 201,
        "netIncomeAfterTaxes": 201,
        "nonRecurringItems": 0,
        "period": "2025-06-30",
        "pretaxIncome": 273,
        "provisionforIncomeTaxes": 72,
        "researchDevelopment": 706,
        "revenue": 1671,
        "sgaExpense": 398,
        "totalOperatingExpense": 1121
      },
      {
        "costOfGoodsSold": 368,
        "depreciationAmortization": 17,
        "dilutedAverageSharesOutstanding": 258,
        "dilutedEPS": 0.9845,
        "ebit": 398,
        "grossIncome": 1527,
        "interestExpense": 14,
        "interestIncomeExpense": 12,
        "netIncome": 254,
        "netIncomeAfterTaxes": 254,
        "nonRecurringItems": -3,
        "period": "2025-03-31",
        "pretaxIncome": 407,
        "provisionforIncomeTaxes": 153,
        "researchDevelopment": 686,
        "revenue": 1895,
        "sgaExpense": 426,
        "totalOperatingExpense": 1129
      },
      {
        "costOfGoodsSold": 456,
        "depreciationAmortization": 16,
        "dilutedAverageSharesOutstanding": 265,
        "dilutedEPS": 1.1057,
        "ebit": 378,
        "grossIncome": 1427,
        "interestExpense": 15,
        "interestIncomeExpense": 28,
        "netIncome": 293,
        "netIncomeAfterTaxes": 293,
        "nonRecurringItems": -1,
        "period": "2024-12-31",
        "pretaxIncome": 405,
        "provisionforIncomeTaxes": 112,
        "researchDevelopment": 606,
        "revenue": 1883,
        "sgaExpense": 427,
        "totalOperatingExpense": 1049
      },
      {
        "costOfGoodsSold": 456,
        "depreciationAmortization": 17,
        "dilutedAverageSharesOutstanding": 266,
        "dilutedEPS": 1.1053,
        "ebit": 435,
        "grossIncome": 1569,
        "interestExpense": 14,
        "interestIncomeExpense": 15,
        "netIncome": 294,
        "netIncomeAfterTaxes": 294,
        "nonRecurringItems": -51,
        "period": "2024-09-30",
        "pretaxIncome": 399,
        "provisionforIncomeTaxes": 105,
        "researchDevelopment": 648,
        "revenue": 2025,
        "sgaExpense": 469,
        "totalOperatingExpense": 1134
      },
      {
        "costOfGoodsSold": 263,
        "depreciationAmortization": 17,
        "dilutedAverageSharesOutstanding": 268,
        "dilutedEPS": 1.0448,
        "ebit": 366,
        "grossIncome": 1397,
        "interestExpense": 15,
        "interestIncomeExpense": 30,
        "netIncome": 280,
        "netIncomeAfterTaxes": 280,
        "nonRecurringItems": -2,
        "period": "2024-06-30",
        "pretaxIncome": 394,
        "provisionforIncomeTaxes": 114,
        "researchDevelopment": 629,
        "revenue": 1660,
        "sgaExpense": 385,
        "totalOperatingExpense": 1031
      },
      {
        "costOfGoodsSold": 340,
        "depreciationAmortization": 19,
        "dilutedAverageSharesOutstanding": 272,
        "dilutedEPS": 0.6691,
        "ebit": 363,
        "grossIncome": 1439,
        "interestExpense": 14,
        "interestIncomeExpense": 26,
        "netIncome": 182,
        "netIncomeAfterTaxes": 182,
        "nonRecurringItems": -129,
        "period": "2024-03-31",
        "pretaxIncome": 260,
        "provisionforIncomeTaxes": 78,
        "researchDevelopment": 638,
        "revenue": 1779,
        "sgaExpense": 419,
        "totalOperatingExpense": 1076
      },
      {
        "costOfGoodsSold": 529,
        "depreciationAmortization": 21,
        "dilutedAverageSharesOutstanding": 271,
        "dilutedEPS": 1.0701,
        "ebit": 365,
        "grossIncome": 1416,
        "interestExpense": 15,
        "interestIncomeExpense": 17,
        "netIncome": 290,
        "netIncomeAfterTaxes": 290,
        "nonRecurringItems": 0,
        "period": "2023-12-31",
        "pretaxIncome": 382,
        "provisionforIncomeTaxes": 92,
        "researchDevelopment": 584,
        "revenue": 1945,
        "sgaExpense": 446,
        "totalOperatingExpense": 1051
      },
      {
        "costOfGoodsSold": 456,
        "depreciationAmortization": 24,
        "dilutedAverageSharesOutstanding": 272,
        "dilutedEPS": 1.47,
        "ebit": 379,
        "grossIncome": 1458,
        "interestExpense": 14,
        "interestIncomeExpense": 14,
        "netIncome": 399,
        "netIncomeAfterTaxes": 399,
        "nonRecurringItems": -2,
        "period": "2023-09-30",
        "pretaxIncome": 391,
        "provisionforIncomeTaxes": -8,
        "researchDevelopment": 602,
        "revenue": 1914,
        "sgaExpense": 453,
        "totalOperatingExpense": 1079
      },
      {
        "costOfGoodsSold": 368,
        "depreciationAmortization": 25,
        "dilutedAverageSharesOutstanding": 274,
        "dilutedEPS": 1.47,
        "ebit": 543,
        "grossIncome": 1556,
        "interestExpense": 15,
        "interestIncomeExpense": 14,
        "netIncome": 402,
        "netIncomeAfterTaxes": 402,
        "nonRecurringItems": -1,
        "period": "2023-06-30",
        "pretaxIncome": 556,
        "provisionforIncomeTaxes": 154,
        "researchDevelopment": 596,
        "revenue": 1924,
        "sgaExpense": 392,
        "totalOperatingExpense": 1013
      },
      {
        "costOfGoodsSold": 448,
        "depreciationAmortization": 26,
        "dilutedAverageSharesOutstanding": 274,
        "dilutedEPS": -0.04,
        "ebit": 286,
        "grossIncome": 1426,
        "interestExpense": 15,
        "interestIncomeExpense": 6,
        "netIncome": -12,
        "netIncomeAfterTaxes": -12,
        "nonRecurringItems": -111,
        "period": "2023-03-31",
        "pretaxIncome": 181,
        "provisionforIncomeTaxes": 193,
        "researchDevelopment": 635,
        "revenue": 1874,
        "sgaExpense": 479,
        "totalOperatingExpense": 1140
      },
      {
        "costOfGoodsSold": 568,
        "depreciationAmortization": 28,
        "dilutedAverageSharesOutstanding": 278,
        "dilutedEPS": 0.73,
        "ebit": 311,
        "grossIncome": 1313,
        "interestExpense": 14,
        "interestIncomeExpense": -7,
        "netIncome": 204,
        "netIncomeAfterTaxes": 204,
        "nonRecurringItems": -22,
        "period": "2022-12-31",
        "pretaxIncome": 282,
        "provisionforIncomeTaxes": 78,
        "researchDevelopment": 556,
        "revenue": 1881,
        "sgaExpense": 418,
        "totalOperatingExpense": 1002
      },
      {
        "costOfGoodsSold": 450,
        "depreciationAmortization": 37,
        "dilutedAverageSharesOutstanding": 279,
        "dilutedEPS": 1.07,
        "ebit": 445,
        "grossIncome": 1454,
        "interestExpense": 15,
        "interestIncomeExpense": 0,
        "netIncome": 299,
        "netIncomeAfterTaxes": 299,
        "nonRecurringItems": -18,
        "period": "2022-09-30",
        "pretaxIncome": 427,
        "provisionforIncomeTaxes": 128,
        "researchDevelopment": 565,
        "revenue": 1904,
        "sgaExpense": 407,
        "totalOperatingExpense": 1009
      },
      {
        "costOfGoodsSold": 314,
        "depreciationAmortization": 39,
        "dilutedAverageSharesOutstanding": 281,
        "dilutedEPS": 1.11,
        "ebit": 441,
        "grossIncome": 1453,
        "interestExpense": 14,
        "interestIncomeExpense": -5,
        "netIncome": 311,
        "netIncomeAfterTaxes": 311,
        "nonRecurringItems": 0,
        "period": "2022-06-30",
        "pretaxIncome": 436,
        "provisionforIncomeTaxes": 125,
        "researchDevelopment": 572,
        "revenue": 1767,
        "sgaExpense": 401,
        "totalOperatingExpense": 1012
      },
      {
        "costOfGoodsSold": 408,
        "depreciationAmortization": 44,
        "dilutedAverageSharesOutstanding": 284,
        "dilutedEPS": 0.79,
        "ebit": 384,
        "grossIncome": 1417,
        "interestExpense": 15,
        "interestIncomeExpense": -9,
        "netIncome": 225,
        "netIncomeAfterTaxes": 225,
        "nonRecurringItems": -19,
        "period": "2022-03-31",
        "pretaxIncome": 356,
        "provisionforIncomeTaxes": 131,
        "researchDevelopment": 579,
        "revenue": 1825,
        "sgaExpense": 410,
        "totalOperatingExpense": 1033
      },
      {
        "costOfGoodsSold": 631,
        "depreciationAmortization": 47,
        "dilutedAverageSharesOutstanding": 285,
        "dilutedEPS": 0.23,
        "ebit": 116,
        "grossIncome": 1158,
        "interestExpense": 14,
        "interestIncomeExpense": -11,
        "netIncome": 66,
        "netIncomeAfterTaxes": 66,
        "nonRecurringItems": -14,
        "period": "2021-12-31",
        "pretaxIncome": 91,
        "provisionforIncomeTaxes": 25,
        "researchDevelopment": 539,
        "revenue": 1789,
        "sgaExpense": 456,
        "totalOperatingExpense": 1042
      },
      {
        "costOfGoodsSold": 494,
        "depreciationAmortization": 30,
        "dilutedAverageSharesOutstanding": 287,
        "dilutedEPS": 1.02,
        "ebit": 340,
        "grossIncome": 1332,
        "interestExpense": 15,
        "interestIncomeExpense": -14,
        "netIncome": 294,
        "netIncomeAfterTaxes": 294,
        "period": "2021-09-30",
        "pretaxIncome": 326,
        "provisionforIncomeTaxes": 32,
        "researchDevelopment": 553,
        "revenue": 1826,
        "sgaExpense": 409,
        "totalOperatingExpense": 992
      },
      {
        "costOfGoodsSold": 315,
        "depreciationAmortization": 28,
        "dilutedAverageSharesOutstanding": 289,
        "dilutedEPS": 0.71,
        "ebit": 334,
        "grossIncome": 1236,
        "interestExpense": 14,
        "interestIncomeExpense": -14,
        "netIncome": 204,
        "netIncomeAfterTaxes": 204,
        "nonRecurringItems": -12,
        "period": "2021-06-30",
        "pretaxIncome": 308,
        "provisionforIncomeTaxes": 104,
        "researchDevelopment": 515,
        "revenue": 1551,
        "sgaExpense": 359,
        "totalOperatingExpense": 902
      },
      {
        "costOfGoodsSold": 319,
        "depreciationAmortization": 14,
        "dilutedAverageSharesOutstanding": 292,
        "dilutedEPS": 0.26,
        "ebit": 175,
        "grossIncome": 1027,
        "interestExpense": 12,
        "interestIncomeExpense": -10,
        "netIncome": 76,
        "netIncomeAfterTaxes": 76,
        "nonRecurringItems": 0,
        "period": "2021-03-31",
        "pretaxIncome": 165,
        "provisionforIncomeTaxes": 89,
        "researchDevelopment": 468,
        "revenue": 1346,
        "sgaExpense": 370,
        "totalOperatingExpense": 852
      },
      {
        "costOfGoodsSold": 601,
        "depreciationAmortization": 5,
        "dilutedAverageSharesOutstanding": 292,
        "dilutedEPS": 0.72,
        "ebit": 251,
        "grossIncome": 1072,
        "interestExpense": 11,
        "interestIncomeExpense": -6,
        "netIncome": 211,
        "netIncomeAfterTaxes": 211,
        "nonRecurringItems": 0,
        "period": "2020-12-31",
        "pretaxIncome": 245,
        "provisionforIncomeTaxes": 34,
        "researchDevelopment": 451,
        "revenue": 1673,
        "sgaExpense": 365,
        "totalOperatingExpense": 821
      },
      {
        "costOfGoodsSold": 286,
        "depreciationAmortization": 6,
        "dilutedAverageSharesOutstanding": 293,
        "dilutedEPS": 0.63,
        "ebit": 149,
        "grossIncome": 865,
        "interestExpense": 11,
        "interestIncomeExpense": -10,
        "netIncome": 185,
        "netIncomeAfterTaxes": 185,
        "nonRecurringItems": 0,
        "period": "2020-09-30",
        "pretaxIncome": 139,
        "provisionforIncomeTaxes": -46,
        "researchDevelopment": 421,
        "revenue": 1151,
        "sgaExpense": 289,
        "totalOperatingExpense": 716
      },
      {
        "costOfGoodsSold": 288,
        "depreciationAmortization": 5,
        "dilutedAverageSharesOutstanding": 292,
        "dilutedEPS": 1.25,
        "ebit": 471,
        "grossIncome": 1171,
        "interestExpense": 11,
        "interestIncomeExpense": -3,
        "netIncome": 365,
        "netIncomeAfterTaxes": 365,
        "nonRecurringItems": 0,
        "period": "2020-06-30",
        "pretaxIncome": 468,
        "provisionforIncomeTaxes": 103,
        "researchDevelopment": 438,
        "revenue": 1459,
        "sgaExpense": 257,
        "totalOperatingExpense": 700
      },
      {
        "costOfGoodsSold": 269,
        "depreciationAmortization": 6,
        "dilutedAverageSharesOutstanding": 292,
        "dilutedEPS": 1.43,
        "ebit": 402,
        "grossIncome": 1118,
        "interestExpense": 12,
        "interestIncomeExpense": 12,
        "netIncome": 418,
        "netIncomeAfterTaxes": 418,
        "nonRecurringItems": 0,
        "period": "2020-03-31",
        "pretaxIncome": 414,
        "provisionforIncomeTaxes": -4,
        "researchDevelopment": 401,
        "revenue": 1387,
        "sgaExpense": 309,
        "totalOperatingExpense": 716
      },
      {
        "costOfGoodsSold": 508,
        "depreciationAmortization": 5,
        "dilutedAverageSharesOutstanding": 294,
        "dilutedEPS": 1.18,
        "ebit": 364,
        "grossIncome": 1085,
        "interestExpense": 10,
        "interestIncomeExpense": 12,
        "netIncome": 346,
        "netIncomeAfterTaxes": 346,
        "nonRecurringItems": -2,
        "period": "2019-12-31",
        "pretaxIncome": 374,
        "provisionforIncomeTaxes": 28,
        "researchDevelopment": 388,
        "revenue": 1593,
        "sgaExpense": 328,
        "totalOperatingExpense": 721
      },
      {
        "costOfGoodsSold": 405,
        "depreciationAmortization": 6,
        "dilutedAverageSharesOutstanding": 296,
        "dilutedEPS": 2.89,
        "ebit": 271,
        "grossIncome": 943,
        "interestExpense": 11,
        "interestIncomeExpense": 15,
        "netIncome": 854,
        "netIncomeAfterTaxes": 854,
        "nonRecurringItems": -2,
        "period": "2019-09-30",
        "pretaxIncome": 284,
        "provisionforIncomeTaxes": -570,
        "researchDevelopment": 386,
        "revenue": 1348,
        "sgaExpense": 280,
        "totalOperatingExpense": 672
      },
      {
        "costOfGoodsSold": 187,
        "depreciationAmortization": 5,
        "dilutedAverageSharesOutstanding": 299,
        "dilutedEPS": 4.75,
        "ebit": 422,
        "grossIncome": 1022,
        "interestExpense": 11,
        "interestIncomeExpense": 15,
        "netIncome": 1421,
        "netIncomeAfterTaxes": 1421,
        "nonRecurringItems": -1,
        "period": "2019-06-30",
        "pretaxIncome": 436,
        "provisionforIncomeTaxes": -985,
        "researchDevelopment": 375,
        "revenue": 1209,
        "sgaExpense": 220,
        "totalOperatingExpense": 600
      },
      {
        "costOfGoodsSold": 276,
        "depreciationAmortization": 5,
        "dilutedAverageSharesOutstanding": 303,
        "dilutedEPS": 0.69,
        "ebit": 207,
        "grossIncome": 962,
        "interestExpense": 12,
        "interestIncomeExpense": 23,
        "netIncome": 209,
        "netIncomeAfterTaxes": 209,
        "nonRecurringItems": -11,
        "period": "2019-03-31",
        "pretaxIncome": 219,
        "provisionforIncomeTaxes": 10,
        "researchDevelopment": 398,
        "revenue": 1238,
        "sgaExpense": 352,
        "totalOperatingExpense": 755
      },
      {
        "costOfGoodsSold": 413,
        "depreciationAmortization": 6,
        "dilutedAverageSharesOutstanding": 304,
        "dilutedEPS": 0.86,
        "ebit": 243,
        "grossIncome": 876,
        "interestExpense": 11,
        "interestIncomeExpense": 23,
        "netIncome": 262,
        "netIncomeAfterTaxes": 262,
        "nonRecurringItems": -1,
        "period": "2018-12-31",
        "pretaxIncome": 265,
        "provisionforIncomeTaxes": 3,
        "researchDevelopment": 334,
        "revenue": 1289,
        "sgaExpense": 293,
        "totalOperatingExpense": 633
      },
      {
        "costOfGoodsSold": 418,
        "depreciationAmortization": 6,
        "dilutedAverageSharesOutstanding": 307,
        "dilutedEPS": 0.83,
        "ebit": 260,
        "grossIncome": 868,
        "interestExpense": 11,
        "interestIncomeExpense": 18,
        "netIncome": 255,
        "netIncomeAfterTaxes": 255,
        "nonRecurringItems": -2,
        "period": "2018-09-30",
        "pretaxIncome": 276,
        "provisionforIncomeTaxes": 21,
        "researchDevelopment": 339,
        "revenue": 1286,
        "sgaExpense": 263,
        "totalOperatingExpense": 608
      },
      {
        "costOfGoodsSold": 215,
        "depreciationAmortization": 6,
        "dilutedAverageSharesOutstanding": 310,
        "dilutedEPS": 0.95,
        "ebit": 300,
        "grossIncome": 922,
        "interestExpense": 11,
        "interestIncomeExpense": 19,
        "netIncome": 293,
        "netIncomeAfterTaxes": 293,
        "period": "2018-06-30",
        "pretaxIncome": 319,
        "provisionforIncomeTaxes": 26,
        "researchDevelopment": 362,
        "revenue": 1137,
        "sgaExpense": 254,
        "totalOperatingExpense": 622
      },
      {
        "costOfGoodsSold": 233,
        "depreciationAmortization": 5,
        "dilutedAverageSharesOutstanding": 312,
        "dilutedEPS": 1.94,
        "ebit": 753,
        "grossIncome": 1349,
        "interestExpense": 12,
        "interestIncomeExpense": 1,
        "netIncome": 607,
        "netIncomeAfterTaxes": 666,
        "period": "2018-03-31",
        "pretaxIncome": 754,
        "provisionforIncomeTaxes": 88,
        "researchDevelopment": 335,
        "revenue": 1582,
        "sgaExpense": 256,
        "totalOperatingExpense": 596
      },
      {
        "costOfGoodsSold": 501,
        "depreciationAmortization": 1,
        "dilutedAverageSharesOutstanding": 308,
        "dilutedEPS": -0.6,
        "ebit": -21,
        "grossIncome": 659,
        "interestExpense": 10,
        "interestIncomeExpense": 5,
        "netIncome": -186,
        "netIncomeAfterTaxes": -10,
        "period": "2017-12-31",
        "pretaxIncome": -16,
        "provisionforIncomeTaxes": -6,
        "researchDevelopment": 329,
        "revenue": 1160,
        "sgaExpense": 350,
        "totalOperatingExpense": 680
      },
      {
        "costOfGoodsSold": 389,
        "depreciationAmortization": 2,
        "dilutedAverageSharesOutstanding": 309,
        "dilutedEPS": -0.07,
        "ebit": -41,
        "grossIncome": 570,
        "interestExpense": 11,
        "interestIncomeExpense": 3,
        "netIncome": -22,
        "netIncomeAfterTaxes": -22,
        "period": "2017-09-30",
        "pretaxIncome": -38,
        "provisionforIncomeTaxes": -16,
        "researchDevelopment": 331,
        "revenue": 959,
        "sgaExpense": 278,
        "totalOperatingExpense": 611
      },
      {
        "costOfGoodsSold": 154,
        "depreciationAmortization": 1,
        "dilutedAverageSharesOutstanding": 313,
        "dilutedEPS": 2.06,
        "ebit": 743,
        "grossIncome": 1295,
        "interestExpense": 11,
        "interestIncomeExpense": 6,
        "netIncome": 644,
        "netIncomeAfterTaxes": 644,
        "period": "2017-06-30",
        "pretaxIncome": 749,
        "provisionforIncomeTaxes": 105,
        "researchDevelopment": 325,
        "revenue": 1449,
        "sgaExpense": 226,
        "totalOperatingExpense": 552
      },
      {
        "costOfGoodsSold": 202,
        "depreciationAmortization": 1,
        "dilutedAverageSharesOutstanding": 314,
        "dilutedEPS": 1.8,
        "ebit": 717,
        "grossIncome": 1325,
        "interestExpense": 11,
        "interestIncomeExpense": -1,
        "netIncome": 566,
        "netIncomeAfterTaxes": 566,
        "nonRecurringItems": 0,
        "period": "2017-03-31",
        "pretaxIncome": 716,
        "provisionforIncomeTaxes": 150,
        "researchDevelopment": 335,
        "revenue": 1527,
        "sgaExpense": 272,
        "totalOperatingExpense": 608
      },
      {
        "costOfGoodsSold": 501,
        "depreciationAmortization": 2,
        "dilutedAverageSharesOutstanding": 303,
        "dilutedEPS": 0,
        "ebit": 11,
        "grossIncome": 648,
        "interestExpense": 12,
        "interestIncomeExpense": -2,
        "netIncome": -1,
        "netIncomeAfterTaxes": -1,
        "nonRecurringItems": -15,
        "period": "2016-12-31",
        "pretaxIncome": -6,
        "provisionforIncomeTaxes": -5,
        "researchDevelopment": 285,
        "revenue": 1149,
        "sgaExpense": 350,
        "totalOperatingExpense": 637
      },
      {
        "costOfGoodsSold": 401,
        "depreciationAmortization": 1,
        "dilutedAverageSharesOutstanding": 301,
        "dilutedEPS": -0.13,
        "ebit": -49,
        "grossIncome": 497,
        "interestExpense": 11,
        "interestIncomeExpense": -3,
        "netIncome": -38,
        "netIncomeAfterTaxes": -38,
        "period": "2016-09-30",
        "pretaxIncome": -52,
        "provisionforIncomeTaxes": -14,
        "researchDevelopment": 291,
        "revenue": 898,
        "sgaExpense": 254,
        "totalOperatingExpense": 546
      },
      {
        "costOfGoodsSold": 179,
        "depreciationAmortization": 2,
        "dilutedAverageSharesOutstanding": 315,
        "dilutedEPS": 1.4,
        "ebit": 560,
        "grossIncome": 1092,
        "interestExpense": 13,
        "interestIncomeExpense": -8,
        "netIncome": 440,
        "netIncomeAfterTaxes": 440,
        "period": "2016-06-30",
        "pretaxIncome": 552,
        "provisionforIncomeTaxes": 112,
        "researchDevelopment": 294,
        "revenue": 1271,
        "sgaExpense": 236,
        "totalOperatingExpense": 532
      },
      {
        "costOfGoodsSold": 226,
        "depreciationAmortization": 1,
        "dilutedAverageSharesOutstanding": 321,
        "dilutedEPS": 2.8,
        "ebit": 536,
        "grossIncome": 1082,
        "interestExpense": 28,
        "interestIncomeExpense": -9,
        "netIncome": 899,
        "netIncomeAfterTaxes": 899,
        "nonRecurringItems": 0,
        "period": "2016-03-31",
        "pretaxIncome": 526,
        "provisionforIncomeTaxes": -373,
        "researchDevelopment": 282,
        "revenue": 1308,
        "sgaExpense": 263,
        "totalOperatingExpense": 546,
        "totalOtherIncomeExpenseNet": -1
      },
      {
        "costOfGoodsSold": 546,
        "depreciationAmortization": 2,
        "dilutedAverageSharesOutstanding": 311,
        "dilutedEPS": -0.14,
        "ebit": -31,
        "grossIncome": 524,
        "interestExpense": 5,
        "interestIncomeExpense": -5,
        "netIncome": -45,
        "netIncomeAfterTaxes": -45,
        "nonRecurringItems": 0,
        "period": "2015-12-31",
        "pretaxIncome": -30,
        "provisionforIncomeTaxes": 15,
        "researchDevelopment": 266,
        "revenue": 1070,
        "sgaExpense": 287,
        "totalOperatingExpense": 555,
        "totalOtherIncomeExpenseNet": 6
      },
      {
        "costOfGoodsSold": 409,
        "depreciationAmortization": 3,
        "dilutedAverageSharesOutstanding": 312,
        "dilutedEPS": -0.45,
        "ebit": -119,
        "grossIncome": 406,
        "interestExpense": 6,
        "interestIncomeExpense": -6,
        "netIncome": -140,
        "netIncomeAfterTaxes": -140,
        "nonRecurringItems": 0,
        "period": "2015-09-30",
        "pretaxIncome": -128,
        "provisionforIncomeTaxes": 12,
        "researchDevelopment": 265,
        "revenue": 815,
        "sgaExpense": 257,
        "totalOperatingExpense": 525,
        "totalOtherIncomeExpenseNet": -3
      }
    ],
    "symbol": "EA"
  }
}