{
  "symbol": "AVGO",
  "statement": "ic",
  "frequency": "quarterly",
  "timestamp": "2025-09-19T13:57:03.327050",
  "data": {
    "financials": [
      {
        "costOfGoodsSold": 5223,
        "depreciationAmortization": 507,
        "dilutedAverageSharesOutstanding": 4860,
        "dilutedEPS": 0.85,
        "ebit": 6107,
        "grossIncome": 10729,
        "interestExpense": 807,
        "interestIncomeExpense": -870,
        "netIncome": 4140,
        "netIncomeAfterTaxes": 4140,
        "nonRecurringItems": -167,
        "period": "2025-08-03",
        "pretaxIncome": 5285,
        "provisionforIncomeTaxes": 1145,
        "researchDevelopment": 3050,
        "revenue": 15952,
        "sgaExpense": 1065,
        "totalOperatingExpense": 4622,
        "totalOtherIncomeExpenseNet": 215
      },
      {
        "costOfGoodsSold": 4779,
        "depreciationAmortization": 506,
        "dilutedAverageSharesOutstanding": 4826,
        "dilutedEPS": 1.03,
        "ebit": 5943,
        "grossIncome": 10225,
        "interestExpense": 769,
        "interestIncomeExpense": -769,
        "netIncome": 4965,
        "netIncomeAfterTaxes": 4965,
        "nonRecurringItems": -114,
        "period": "2025-05-04",
        "pretaxIncome": 5085,
        "provisionforIncomeTaxes": 120,
        "researchDevelopment": 2693,
        "revenue": 15004,
        "sgaExpense": 1083,
        "totalOperatingExpense": 4282,
        "totalOtherIncomeExpenseNet": 25
      },
      {
        "costOfGoodsSold": 4757,
        "depreciationAmortization": 511,
        "dilutedAverageSharesOutstanding": 4836,
        "dilutedEPS": 1.14,
        "ebit": 6446,
        "grossIncome": 10159,
        "interestExpense": 873,
        "interestIncomeExpense": -873,
        "netIncome": 5503,
        "netIncomeAfterTaxes": 5503,
        "nonRecurringItems": -186,
        "period": "2025-02-02",
        "pretaxIncome": 5490,
        "provisionforIncomeTaxes": -13,
        "researchDevelopment": 2253,
        "revenue": 14916,
        "sgaExpense": 949,
        "totalOperatingExpense": 3713,
        "totalOtherIncomeExpenseNet": 103
      },
      {
        "costOfGoodsSold": 5001,
        "depreciationAmortization": 813,
        "dilutedAverageSharesOutstanding": 4826,
        "dilutedEPS": 0.89,
        "ebit": 4996,
        "grossIncome": 9053,
        "interestExpense": 916,
        "interestIncomeExpense": -916,
        "netIncome": 4324,
        "netIncomeAfterTaxes": 4205,
        "nonRecurringItems": -369,
        "period": "2024-11-03",
        "pretaxIncome": 3763,
        "provisionforIncomeTaxes": -442,
        "researchDevelopment": 2234,
        "revenue": 14054,
        "sgaExpense": 1010,
        "totalOperatingExpense": 4057,
        "totalOtherIncomeExpenseNet": 52
      },
      {
        "costOfGoodsSold": 4658,
        "depreciationAmortization": 812,
        "dilutedAverageSharesOutstanding": 4663,
        "dilutedEPS": -0.4,
        "ebit": 4149,
        "grossIncome": 8414,
        "interestExpense": 1064,
        "interestIncomeExpense": -1064,
        "netIncome": -1875,
        "netIncomeAfterTaxes": -1432,
        "nonRecurringItems": -361,
        "period": "2024-08-04",
        "pretaxIncome": 2806,
        "provisionforIncomeTaxes": 4238,
        "researchDevelopment": 2353,
        "revenue": 13072,
        "sgaExpense": 1100,
        "totalOperatingExpense": 4265,
        "totalOtherIncomeExpenseNet": 82
      },
      {
        "costOfGoodsSold": 4658,
        "depreciationAmortization": 827,
        "dilutedAverageSharesOutstanding": 4800,
        "dilutedEPS": 0.44,
        "ebit": 3310,
        "grossIncome": 7829,
        "interestExpense": 1047,
        "interestIncomeExpense": -1047,
        "netIncome": 2121,
        "netIncomeAfterTaxes": 2121,
        "nonRecurringItems": -345,
        "period": "2024-05-05",
        "pretaxIncome": 2005,
        "provisionforIncomeTaxes": -116,
        "researchDevelopment": 2415,
        "revenue": 12487,
        "sgaExpense": 1277,
        "totalOperatingExpense": 4519,
        "totalOtherIncomeExpenseNet": 87
      },
      {
        "costOfGoodsSold": 4494,
        "depreciationAmortization": 792,
        "dilutedAverageSharesOutstanding": 4670,
        "dilutedEPS": 0.27,
        "ebit": 2795,
        "grossIncome": 7467,
        "interestExpense": 926,
        "interestIncomeExpense": -926,
        "netIncome": 1325,
        "netIncomeAfterTaxes": 1274,
        "nonRecurringItems": -712,
        "period": "2024-02-04",
        "pretaxIncome": 1342,
        "provisionforIncomeTaxes": 68,
        "researchDevelopment": 2308,
        "revenue": 11961,
        "sgaExpense": 1572,
        "totalOperatingExpense": 4672,
        "totalOtherIncomeExpenseNet": 185
      },
      {
        "costOfGoodsSold": 2887,
        "depreciationAmortization": 348,
        "dilutedAverageSharesOutstanding": 4270,
        "dilutedEPS": 0.83,
        "ebit": 4254,
        "grossIncome": 6408,
        "interestExpense": 405,
        "interestIncomeExpense": -405,
        "netIncome": 3524,
        "netIncomeAfterTaxes": 3524,
        "nonRecurringItems": -14,
        "period": "2023-10-29",
        "pretaxIncome": 3967,
        "provisionforIncomeTaxes": 443,
        "researchDevelopment": 1388,
        "revenue": 9295,
        "sgaExpense": 418,
        "totalOperatingExpense": 2154,
        "totalOtherIncomeExpenseNet": 132
      },
      {
        "costOfGoodsSold": 2711,
        "depreciationAmortization": 350,
        "dilutedAverageSharesOutstanding": 4270,
        "dilutedEPS": 0.77,
        "ebit": 4069,
        "grossIncome": 6165,
        "interestExpense": 406,
        "interestIncomeExpense": -406,
        "netIncome": 3303,
        "netIncomeAfterTaxes": 3303,
        "nonRecurringItems": -213,
        "period": "2023-07-30",
        "pretaxIncome": 3574,
        "provisionforIncomeTaxes": 271,
        "researchDevelopment": 1358,
        "revenue": 8876,
        "sgaExpense": 388,
        "totalOperatingExpense": 2096,
        "totalOtherIncomeExpenseNet": 124
      },
      {
        "costOfGoodsSold": 2618,
        "depreciationAmortization": 348,
        "dilutedAverageSharesOutstanding": 4270,
        "dilutedEPS": 0.82,
        "ebit": 4017,
        "grossIncome": 6115,
        "interestExpense": 405,
        "interestIncomeExpense": -405,
        "netIncome": 3481,
        "netIncomeAfterTaxes": 3481,
        "nonRecurringItems": -9,
        "period": "2023-04-30",
        "pretaxIncome": 3716,
        "provisionforIncomeTaxes": 235,
        "researchDevelopment": 1312,
        "revenue": 8733,
        "sgaExpense": 438,
        "totalOperatingExpense": 2098,
        "totalOtherIncomeExpenseNet": 113
      },
      {
        "costOfGoodsSold": 2909,
        "depreciationAmortization": 348,
        "dilutedAverageSharesOutstanding": 4290,
        "dilutedEPS": 0.88,
        "ebit": 4115,
        "grossIncome": 6006,
        "interestExpense": 406,
        "interestIncomeExpense": -406,
        "netIncome": 3774,
        "netIncomeAfterTaxes": 3774,
        "nonRecurringItems": -12,
        "period": "2023-01-29",
        "pretaxIncome": 3840,
        "provisionforIncomeTaxes": 66,
        "researchDevelopment": 1195,
        "revenue": 8915,
        "sgaExpense": 348,
        "totalOperatingExpense": 1891,
        "totalOtherIncomeExpenseNet": 143
      },
      {
        "costOfGoodsSold": 3003,
        "depreciationAmortization": 358,
        "dilutedAverageSharesOutstanding": 4120,
        "dilutedEPS": 0.8,
        "ebit": 4002,
        "grossIncome": 5927,
        "interestExpense": 406,
        "interestIncomeExpense": -406,
        "netIncome": 3311,
        "netIncomeAfterTaxes": 3359,
        "nonRecurringItems": -16,
        "period": "2022-10-30",
        "pretaxIncome": 3620,
        "provisionforIncomeTaxes": 261,
        "researchDevelopment": 1197,
        "revenue": 8930,
        "sgaExpense": 370,
        "totalOperatingExpense": 1925,
        "totalOtherIncomeExpenseNet": 40
      },
      {
        "costOfGoodsSold": 2782,
        "depreciationAmortization": 359,
        "dilutedAverageSharesOutstanding": 4300,
        "dilutedEPS": 0.7,
        "ebit": 3745,
        "grossIncome": 5682,
        "interestExpense": 406,
        "interestIncomeExpense": -406,
        "netIncome": 2999,
        "netIncomeAfterTaxes": 3074,
        "nonRecurringItems": -8,
        "period": "2022-07-31",
        "pretaxIncome": 3337,
        "provisionforIncomeTaxes": 263,
        "researchDevelopment": 1255,
        "revenue": 8464,
        "sgaExpense": 323,
        "totalOperatingExpense": 1937,
        "totalOtherIncomeExpenseNet": 6
      },
      {
        "costOfGoodsSold": 2663,
        "depreciationAmortization": 398,
        "dilutedAverageSharesOutstanding": 4240,
        "dilutedEPS": 0.59,
        "ebit": 3413,
        "grossIncome": 5440,
        "interestExpense": 518,
        "interestIncomeExpense": -518,
        "netIncome": 2515,
        "netIncomeAfterTaxes": 2590,
        "nonRecurringItems": -19,
        "period": "2022-05-01",
        "pretaxIncome": 2790,
        "provisionforIncomeTaxes": 200,
        "researchDevelopment": 1261,
        "revenue": 8103,
        "sgaExpense": 368,
        "totalOperatingExpense": 2027,
        "totalOtherIncomeExpenseNet": -86
      },
      {
        "costOfGoodsSold": 2655,
        "depreciationAmortization": 397,
        "dilutedAverageSharesOutstanding": 4290,
        "dilutedEPS": 0.56,
        "ebit": 3127,
        "grossIncome": 5051,
        "interestExpense": 407,
        "interestIncomeExpense": -407,
        "netIncome": 2398,
        "netIncomeAfterTaxes": 2472,
        "nonRecurringItems": -19,
        "period": "2022-01-30",
        "pretaxIncome": 2687,
        "provisionforIncomeTaxes": 215,
        "researchDevelopment": 1206,
        "revenue": 7706,
        "sgaExpense": 321,
        "totalOperatingExpense": 1924,
        "totalOtherIncomeExpenseNet": -14
      },
      {
        "costOfGoodsSold": 2769,
        "depreciationAmortization": 494,
        "dilutedAverageSharesOutstanding": 4290,
        "dilutedEPS": 0.45,
        "ebit": 2607,
        "grossIncome": 4638,
        "interestExpense": 434,
        "interestIncomeExpense": -434,
        "netIncome": 1914,
        "netIncomeAfterTaxes": 1989,
        "nonRecurringItems": -26,
        "period": "2021-10-31",
        "pretaxIncome": 2169,
        "provisionforIncomeTaxes": 180,
        "researchDevelopment": 1200,
        "revenue": 7407,
        "sgaExpense": 337,
        "totalOperatingExpense": 2031,
        "totalOtherIncomeExpenseNet": 22
      },
      {
        "costOfGoodsSold": 2580,
        "depreciationAmortization": 494,
        "dilutedAverageSharesOutstanding": 4290,
        "dilutedEPS": 0.42,
        "ebit": 2153,
        "grossIncome": 4198,
        "interestExpense": 415,
        "interestIncomeExpense": -415,
        "netIncome": 1802,
        "netIncomeAfterTaxes": 1876,
        "nonRecurringItems": -27,
        "period": "2021-08-01",
        "pretaxIncome": 1726,
        "provisionforIncomeTaxes": -150,
        "researchDevelopment": 1205,
        "revenue": 6778,
        "sgaExpense": 346,
        "totalOperatingExpense": 2045,
        "totalOtherIncomeExpenseNet": 15
      },
      {
        "costOfGoodsSold": 2552,
        "depreciationAmortization": 494,
        "dilutedAverageSharesOutstanding": 4290,
        "dilutedEPS": 0.33,
        "ebit": 2001,
        "grossIncome": 4058,
        "interestExpense": 466,
        "interestIncomeExpense": -466,
        "netIncome": 1417,
        "netIncomeAfterTaxes": 1493,
        "nonRecurringItems": -26,
        "period": "2021-05-02",
        "pretaxIncome": 1486,
        "provisionforIncomeTaxes": -7,
        "researchDevelopment": 1238,
        "revenue": 6610,
        "sgaExpense": 325,
        "totalOperatingExpense": 2057,
        "totalOtherIncomeExpenseNet": -23
      },
      {
        "costOfGoodsSold": 2688,
        "depreciationAmortization": 494,
        "dilutedAverageSharesOutstanding": 4280,
        "dilutedEPS": 0.3,
        "ebit": 1923,
        "grossIncome": 3967,
        "interestExpense": 570,
        "interestIncomeExpense": -570,
        "netIncome": 1304,
        "netIncomeAfterTaxes": 1378,
        "nonRecurringItems": -86,
        "period": "2021-01-31",
        "pretaxIncome": 1384,
        "provisionforIncomeTaxes": 6,
        "researchDevelopment": 1211,
        "revenue": 6655,
        "sgaExpense": 339,
        "totalOperatingExpense": 2044,
        "totalOtherIncomeExpenseNet": 117
      },
      {
        "costOfGoodsSold": 2715,
        "depreciationAmortization": 599,
        "dilutedAverageSharesOutstanding": 4240,
        "dilutedEPS": 0.29,
        "ebit": 1566,
        "grossIncome": 3752,
        "interestExpense": 420,
        "interestIncomeExpense": -420,
        "minorityInterest": 0,
        "netIncome": 1250,
        "netIncomeAfterTaxes": 1324,
        "nonRecurringItems": -40,
        "period": "2020-11-01",
        "pretaxIncome": 1137,
        "provisionforIncomeTaxes": -187,
        "researchDevelopment": 1182,
        "revenue": 6467,
        "sgaExpense": 405,
        "totalOperatingExpense": 2186,
        "totalOtherIncomeExpenseNet": 31
      },
      {
        "costOfGoodsSold": 2490,
        "depreciationAmortization": 600,
        "dilutedAverageSharesOutstanding": 4220,
        "dilutedEPS": 0.15,
        "ebit": 1075,
        "grossIncome": 3331,
        "interestExpense": 464,
        "interestIncomeExpense": -464,
        "netIncome": 614,
        "netIncomeAfterTaxes": 689,
        "nonRecurringItems": -67,
        "period": "2020-08-02",
        "pretaxIncome": 593,
        "provisionforIncomeTaxes": -96,
        "researchDevelopment": 1228,
        "revenue": 5821,
        "sgaExpense": 428,
        "totalOperatingExpense": 2256,
        "totalOtherIncomeExpenseNet": 49
      },
      {
        "costOfGoodsSold": 2546,
        "depreciationAmortization": 599,
        "dilutedAverageSharesOutstanding": 4170,
        "dilutedEPS": 0.12,
        "ebit": 827,
        "grossIncome": 3196,
        "interestExpense": 487,
        "interestIncomeExpense": -487,
        "netIncome": 488,
        "netIncomeAfterTaxes": 568,
        "nonRecurringItems": -61,
        "period": "2020-05-03",
        "pretaxIncome": 409,
        "provisionforIncomeTaxes": -159,
        "researchDevelopment": 1269,
        "revenue": 5742,
        "sgaExpense": 501,
        "totalOperatingExpense": 2369,
        "totalOtherIncomeExpenseNet": 130
      },
      {
        "costOfGoodsSold": 2586,
        "depreciationAmortization": 603,
        "dilutedAverageSharesOutstanding": 4200,
        "dilutedEPS": 0.07,
        "ebit": 779,
        "grossIncome": 3272,
        "interestExpense": 406,
        "interestIncomeExpense": -406,
        "netIncome": 311,
        "netIncomeAfterTaxes": 380,
        "nonRecurringItems": -65,
        "period": "2020-02-02",
        "pretaxIncome": 304,
        "provisionforIncomeTaxes": -76,
        "researchDevelopment": 1289,
        "revenue": 5858,
        "sgaExpense": 601,
        "totalOperatingExpense": 2493,
        "totalOtherIncomeExpenseNet": -4
      },
      {
        "costOfGoodsSold": 2615,
        "depreciationAmortization": 474,
        "dilutedAverageSharesOutstanding": 4160,
        "dilutedEPS": 0.2,
        "ebit": 1101,
        "grossIncome": 3161,
        "interestExpense": 361,
        "interestIncomeExpense": -361,
        "minorityInterest": 0,
        "netIncome": 818,
        "netIncomeAfterTaxes": 847,
        "nonRecurringItems": -47,
        "period": "2019-11-03",
        "pretaxIncome": 747,
        "provisionforIncomeTaxes": -100,
        "researchDevelopment": 1177,
        "revenue": 5776,
        "sgaExpense": 409,
        "totalOperatingExpense": 2060,
        "totalOtherIncomeExpenseNet": 54
      },
      {
        "costOfGoodsSold": 2479,
        "depreciationAmortization": 475,
        "dilutedAverageSharesOutstanding": 4180,
        "dilutedEPS": 0.17,
        "ebit": 916,
        "grossIncome": 3036,
        "interestExpense": 362,
        "interestIncomeExpense": -362,
        "minorityInterest": 0,
        "netIncome": 715,
        "netIncomeAfterTaxes": 715,
        "nonRecurringItems": -51,
        "period": "2019-08-04",
        "pretaxIncome": 544,
        "provisionforIncomeTaxes": -171,
        "researchDevelopment": 1235,
        "revenue": 5515,
        "sgaExpense": 410,
        "totalOperatingExpense": 2120,
        "totalOtherIncomeExpenseNet": 41
      },
      {
        "costOfGoodsSold": 2418,
        "depreciationAmortization": 473,
        "dilutedAverageSharesOutstanding": 4220,
        "dilutedEPS": 0.16,
        "ebit": 1056,
        "grossIncome": 3099,
        "interestExpense": 376,
        "interestIncomeExpense": -376,
        "minorityInterest": 0,
        "netIncome": 691,
        "netIncomeAfterTaxes": 693,
        "nonRecurringItems": -86,
        "period": "2019-05-05",
        "pretaxIncome": 657,
        "provisionforIncomeTaxes": -36,
        "researchDevelopment": 1151,
        "revenue": 5517,
        "sgaExpense": 419,
        "totalOperatingExpense": 2043,
        "totalOtherIncomeExpenseNet": 63
      },
      {
        "costOfGoodsSold": 2525,
        "depreciationAmortization": 476,
        "dilutedAverageSharesOutstanding": 4190,
        "dilutedEPS": 0.11,
        "ebit": 1184,
        "grossIncome": 3264,
        "interestExpense": 345,
        "interestIncomeExpense": -345,
        "minorityInterest": 0,
        "netIncome": 471,
        "netIncomeAfterTaxes": 481,
        "nonRecurringItems": -629,
        "period": "2019-02-03",
        "pretaxIncome": 278,
        "provisionforIncomeTaxes": -203,
        "researchDevelopment": 1133,
        "revenue": 5789,
        "sgaExpense": 471,
        "totalOperatingExpense": 2080,
        "totalOtherIncomeExpenseNet": 68
      },
      {
        "costOfGoodsSold": 2508,
        "depreciationAmortization": 67,
        "dilutedAverageSharesOutstanding": 4250,
        "dilutedEPS": 0.27,
        "ebit": 1684,
        "grossIncome": 2936,
        "interestExpense": 148,
        "interestIncomeExpense": -148,
        "minorityInterest": 0,
        "netIncome": 1115,
        "netIncomeAfterTaxes": 1141,
        "nonRecurringItems": -138,
        "period": "2018-11-04",
        "pretaxIncome": 1422,
        "provisionforIncomeTaxes": 281,
        "researchDevelopment": 948,
        "revenue": 5444,
        "sgaExpense": 237,
        "totalOperatingExpense": 1252,
        "totalOtherIncomeExpenseNet": 24
      },
      {
        "costOfGoodsSold": 2442,
        "depreciationAmortization": 68,
        "dilutedAverageSharesOutstanding": 4410,
        "dilutedEPS": 0.27,
        "ebit": 1360,
        "grossIncome": 2621,
        "interestExpense": 149,
        "interestIncomeExpense": -149,
        "minorityInterest": 0,
        "netIncome": 1196,
        "netIncomeAfterTaxes": 1197,
        "nonRecurringItems": -21,
        "period": "2018-08-05",
        "pretaxIncome": 1229,
        "provisionforIncomeTaxes": 32,
        "researchDevelopment": 959,
        "revenue": 5063,
        "sgaExpense": 234,
        "totalOperatingExpense": 1261,
        "totalOtherIncomeExpenseNet": 39
      },
      {
        "costOfGoodsSold": 2461,
        "depreciationAmortization": 67,
        "dilutedAverageSharesOutstanding": 4480,
        "dilutedEPS": 0.82,
        "ebit": 1256,
        "grossIncome": 2553,
        "interestExpense": 148,
        "interestIncomeExpense": -148,
        "minorityInterest": -15,
        "netIncome": 3718,
        "netIncomeAfterTaxes": 2242,
        "nonRecurringItems": -55,
        "period": "2018-05-06",
        "pretaxIncome": 1099,
        "provisionforIncomeTaxes": -1143,
        "researchDevelopment": 936,
        "revenue": 5014,
        "sgaExpense": 294,
        "totalOperatingExpense": 1297,
        "totalOtherIncomeExpenseNet": 46
      },
      {
        "costOfGoodsSold": 2684,
        "depreciationAmortization": 339,
        "dilutedAverageSharesOutstanding": 4260,
        "dilutedEPS": 1.46,
        "ebit": 1088,
        "grossIncome": 2643,
        "interestExpense": 183,
        "interestIncomeExpense": -183,
        "minorityInterest": -336,
        "netIncome": 6230,
        "netIncomeAfterTaxes": 771,
        "nonRecurringItems": -145,
        "period": "2018-02-04",
        "pretaxIncome": 795,
        "provisionforIncomeTaxes": 24,
        "researchDevelopment": 925,
        "revenue": 5327,
        "sgaExpense": 291,
        "totalOperatingExpense": 1555,
        "totalOtherIncomeExpenseNet": 35
      },
      {
        "costOfGoodsSold": 2458,
        "depreciationAmortization": 441,
        "dilutedAverageSharesOutstanding": 4110,
        "dilutedEPS": 0.13,
        "ebit": 923,
        "grossIncome": 2386,
        "interestExpense": 119,
        "interestIncomeExpense": -119,
        "minorityInterest": -29,
        "netIncome": 532,
        "netIncomeAfterTaxes": 556,
        "nonRecurringItems": -187,
        "period": "2017-10-29",
        "pretaxIncome": 645,
        "provisionforIncomeTaxes": 89,
        "researchDevelopment": 838,
        "revenue": 4844,
        "sgaExpense": 184,
        "totalOperatingExpense": 1463,
        "totalOtherIncomeExpenseNet": 28
      },
      {
        "costOfGoodsSold": 2314,
        "depreciationAmortization": 441,
        "dilutedAverageSharesOutstanding": 4450,
        "dilutedEPS": 0.11,
        "ebit": 681,
        "grossIncome": 2149,
        "interestExpense": 112,
        "interestIncomeExpense": -112,
        "minorityInterest": -26,
        "netIncome": 481,
        "netIncomeAfterTaxes": 509,
        "nonRecurringItems": -33,
        "period": "2017-07-30",
        "pretaxIncome": 548,
        "provisionforIncomeTaxes": 39,
        "researchDevelopment": 827,
        "revenue": 4463,
        "sgaExpense": 200,
        "totalOperatingExpense": 1468,
        "totalOtherIncomeExpenseNet": 12
      },
      {
        "costOfGoodsSold": 2204,
        "depreciationAmortization": 442,
        "dilutedAverageSharesOutstanding": 4420,
        "dilutedEPS": 0.1,
        "ebit": 511,
        "grossIncome": 1986,
        "interestExpense": 112,
        "interestIncomeExpense": -112,
        "minorityInterest": -24,
        "netIncome": 440,
        "netIncomeAfterTaxes": 468,
        "nonRecurringItems": -37,
        "period": "2017-04-30",
        "pretaxIncome": 365,
        "provisionforIncomeTaxes": -103,
        "researchDevelopment": 829,
        "revenue": 4190,
        "sgaExpense": 204,
        "totalOperatingExpense": 1475,
        "totalOtherIncomeExpenseNet": 3
      },
      {
        "costOfGoodsSold": 2132,
        "depreciationAmortization": 440,
        "dilutedAverageSharesOutstanding": 4390,
        "dilutedEPS": 0.06,
        "ebit": 558,
        "grossIncome": 2007,
        "interestExpense": 111,
        "interestIncomeExpense": -111,
        "minorityInterest": -13,
        "netIncome": 239,
        "netIncomeAfterTaxes": 257,
        "nonRecurringItems": -211,
        "period": "2017-01-29",
        "pretaxIncome": 267,
        "provisionforIncomeTaxes": 10,
        "researchDevelopment": 808,
        "revenue": 4139,
        "sgaExpense": 201,
        "totalOperatingExpense": 1449,
        "totalOtherIncomeExpenseNet": 31
      },
      {
        "costOfGoodsSold": 1949,
        "depreciationAmortization": 356,
        "dilutedAverageSharesOutstanding": 3990,
        "dilutedEPS": -0.14,
        "ebit": 801,
        "grossIncome": 2187,
        "interestExpense": 106,
        "interestIncomeExpense": -106,
        "minorityInterest": 36,
        "netIncome": -632,
        "netIncomeAfterTaxes": -606,
        "nonRecurringItems": -469,
        "period": "2016-10-30",
        "pretaxIncome": 235,
        "provisionforIncomeTaxes": 841,
        "researchDevelopment": 806,
        "revenue": 4136,
        "sgaExpense": 224,
        "totalOperatingExpense": 1386,
        "totalOtherIncomeExpenseNet": 9
      },
      {
        "costOfGoodsSold": 2002,
        "depreciationAmortization": 728,
        "dilutedAverageSharesOutstanding": 3960,
        "dilutedEPS": -0.07,
        "ebit": 18,
        "grossIncome": 1790,
        "interestExpense": 139,
        "interestIncomeExpense": -139,
        "minorityInterest": 17,
        "netIncome": -298,
        "netIncomeAfterTaxes": -303,
        "nonRecurringItems": -303,
        "period": "2016-07-31",
        "pretaxIncome": -420,
        "provisionforIncomeTaxes": -117,
        "researchDevelopment": 814,
        "revenue": 3792,
        "sgaExpense": 230,
        "totalOperatingExpense": 1772,
        "totalOtherIncomeExpenseNet": 4
      },
      {
        "costOfGoodsSold": 2463,
        "depreciationAmortization": 735,
        "dilutedAverageSharesOutstanding": 3920,
        "dilutedEPS": -0.29,
        "ebit": -682,
        "grossIncome": 1078,
        "interestExpense": 256,
        "interestIncomeExpense": -256,
        "minorityInterest": 69,
        "netIncome": -1186,
        "netIncomeAfterTaxes": -1217,
        "nonRecurringItems": -372,
        "period": "2016-05-01",
        "pretaxIncome": -1316,
        "provisionforIncomeTaxes": -99,
        "researchDevelopment": 787,
        "revenue": 3541,
        "sgaExpense": 238,
        "totalOperatingExpense": 1760,
        "totalOtherIncomeExpenseNet": -6
      },
      {
        "costOfGoodsSold": 829,
        "depreciationAmortization": 54,
        "dilutedAverageSharesOutstanding": 2890,
        "dilutedEPS": 0.13,
        "ebit": 507,
        "grossIncome": 942,
        "interestExpense": 84,
        "interestIncomeExpense": -84,
        "netIncome": 377,
        "netIncomeAfterTaxes": 377,
        "nonRecurringItems": -32,
        "period": "2016-01-31",
        "pretaxIncome": 394,
        "provisionforIncomeTaxes": 17,
        "researchDevelopment": 267,
        "revenue": 1771,
        "sgaExpense": 114,
        "totalOperatingExpense": 435,
        "totalOtherIncomeExpenseNet": 3
      },
      {
        "costOfGoodsSold": 841,
        "depreciationAmortization": 63,
        "dilutedAverageSharesOutstanding": 2750,
        "dilutedEPS": 0.17,
        "ebit": 531,
        "grossIncome": 999,
        "interestExpense": 41,
        "interestIncomeExpense": -41,
        "netIncome": 429,
        "netIncomeAfterTaxes": 470,
        "nonRecurringItems": -17,
        "period": "2015-11-01",
        "pretaxIncome": 485,
        "provisionforIncomeTaxes": 15,
        "researchDevelopment": 287,
        "revenue": 1840,
        "sgaExpense": 118,
        "totalOperatingExpense": 468,
        "totalOtherIncomeExpenseNet": 12
      }
    ],
    "symbol": "AVGO"
  }
}