{
  "symbol": "UNP",
  "statement": "ic",
  "frequency": "annual",
  "timestamp": "2025-09-19T14:07:57.041141",
  "data": {
    "financials": [
      {
        "costOfGoodsSold": 4994,
        "depreciationAmortization": 2398,
        "dilutedAverageSharesOutstanding": 608.6,
        "dilutedEPS": 11.0861,
        "ebit": 9713,
        "grossIncome": 19256,
        "interestExpense": 1269,
        "interestIncomeExpense": -1217,
        "netIncome": 6747,
        "netIncomeAfterTaxes": 6747,
        "otherOperatingExpensesTotal": 1326,
        "period": "2024-12-31",
        "pretaxIncome": 8794,
        "provisionforIncomeTaxes": 2047,
        "revenue": 24250,
        "sgaExpense": 5819,
        "totalOperatingExpense": 9543,
        "totalOtherIncomeExpenseNet": 298,
        "year": 2024
      },
      {
        "costOfGoodsSold": 5507,
        "depreciationAmortization": 2318,
        "dilutedAverageSharesOutstanding": 610.2,
        "dilutedEPS": 10.454,
        "ebit": 9082,
        "grossIncome": 18612,
        "interestExpense": 1340,
        "interestIncomeExpense": -1288,
        "netIncome": 6379,
        "netIncomeAfterTaxes": 6379,
        "nonRecurringItems": 107,
        "otherOperatingExpensesTotal": 1447,
        "period": "2023-12-31",
        "pretaxIncome": 8233,
        "provisionforIncomeTaxes": 1854,
        "revenue": 24119,
        "sgaExpense": 5765,
        "totalOperatingExpense": 9530,
        "totalOtherIncomeExpenseNet": 332,
        "year": 2023
      },
      {
        "costOfGoodsSold": 5881,
        "depreciationAmortization": 2246,
        "dilutedAverageSharesOutstanding": 624,
        "dilutedEPS": 11.2147,
        "ebit": 9917,
        "gainLossOnDispositionOfAssets": 79,
        "grossIncome": 18994,
        "interestExpense": 1271,
        "interestIncomeExpense": -1271,
        "netIncome": 6998,
        "netIncomeAfterTaxes": 6998,
        "nonRecurringItems": 35,
        "otherOperatingExpensesTotal": 1288,
        "period": "2022-12-31",
        "pretaxIncome": 9072,
        "provisionforIncomeTaxes": 2074,
        "revenue": 24875,
        "sgaExpense": 5543,
        "totalOperatingExpense": 9077,
        "totalOtherIncomeExpenseNet": 312,
        "year": 2022
      },
      {
        "costOfGoodsSold": 4065,
        "depreciationAmortization": 2208,
        "dilutedAverageSharesOutstanding": 655.4,
        "dilutedEPS": 9.9527,
        "ebit": 9338,
        "gainLossOnDispositionOfAssets": 98,
        "grossIncome": 17739,
        "interestExpense": 1157,
        "interestIncomeExpense": -1116,
        "netIncome": 6523,
        "netIncomeAfterTaxes": 6523,
        "otherOperatingExpensesTotal": 1176,
        "period": "2021-12-31",
        "pretaxIncome": 8478,
        "provisionforIncomeTaxes": 1955,
        "revenue": 21804,
        "sgaExpense": 5017,
        "totalOperatingExpense": 8401,
        "totalOtherIncomeExpenseNet": 158,
        "year": 2021
      },
      {
        "costOfGoodsSold": 3236,
        "depreciationAmortization": 2210,
        "dilutedAverageSharesOutstanding": 679,
        "dilutedEPS": 7.88,
        "ebit": 7834,
        "gainLossOnDispositionOfAssets": 115,
        "grossIncome": 16297,
        "interestExpense": 1141,
        "interestIncomeExpense": -1129,
        "netIncome": 5349,
        "netIncomeAfterTaxes": 5349,
        "nonRecurringItems": 0,
        "otherOperatingExpensesTotal": 1345,
        "period": "2020-12-31",
        "pretaxIncome": 6980,
        "provisionforIncomeTaxes": 1631,
        "revenue": 19533,
        "sgaExpense": 4908,
        "totalOperatingExpense": 8463,
        "totalOtherIncomeExpenseNet": 160,
        "year": 2020
      },
      {
        "costOfGoodsSold": 4361,
        "depreciationAmortization": 2216,
        "dilutedAverageSharesOutstanding": 706,
        "dilutedEPS": 8.38,
        "ebit": 8554,
        "gainLossOnDispositionOfAssets": 20,
        "grossIncome": 17347,
        "interestExpense": 1050,
        "interestIncomeExpense": -1018,
        "netIncome": 5919,
        "netIncomeAfterTaxes": 5919,
        "nonRecurringItems": -2,
        "otherOperatingExpensesTotal": 1060,
        "period": "2019-12-31",
        "pretaxIncome": 7747,
        "provisionforIncomeTaxes": 1828,
        "revenue": 21708,
        "sgaExpense": 5517,
        "totalOperatingExpense": 8793,
        "totalOtherIncomeExpenseNet": 193,
        "year": 2019
      },
      {
        "costOfGoodsSold": 4974,
        "depreciationAmortization": 2191,
        "dilutedAverageSharesOutstanding": 754,
        "dilutedEPS": 7.91,
        "ebit": 8517,
        "gainLossOnDispositionOfAssets": 30,
        "grossIncome": 17858,
        "interestExpense": 870,
        "interestIncomeExpense": -840,
        "netIncome": 5966,
        "netIncomeAfterTaxes": 5966,
        "nonRecurringItems": -85,
        "otherOperatingExpensesTotal": 1022,
        "period": "2018-12-31",
        "pretaxIncome": 7741,
        "provisionforIncomeTaxes": 1775,
        "revenue": 22832,
        "sgaExpense": 6128,
        "totalOperatingExpense": 9341,
        "totalOtherIncomeExpenseNet": 119,
        "year": 2018
      },
      {
        "costOfGoodsSold": 4254,
        "depreciationAmortization": 2105,
        "dilutedAverageSharesOutstanding": 802,
        "dilutedEPS": 13.35,
        "ebit": 7894,
        "gainLossOnDispositionOfAssets": 111,
        "grossIncome": 16986,
        "interestExpense": 719,
        "interestIncomeExpense": -491,
        "netIncome": 10712,
        "netIncomeAfterTaxes": 4850,
        "nonRecurringItems": 65,
        "otherOperatingExpensesTotal": 948,
        "period": "2017-12-31",
        "pretaxIncome": 7632,
        "provisionforIncomeTaxes": 2782,
        "revenue": 21240,
        "sgaExpense": 6039,
        "totalOperatingExpense": 9092,
        "totalOtherIncomeExpenseNet": 53,
        "year": 2017
      },
      {
        "costOfGoodsSold": 3747,
        "depreciationAmortization": 2038,
        "dilutedAverageSharesOutstanding": 835,
        "dilutedEPS": 5.07,
        "ebit": 7243,
        "gainLossOnDispositionOfAssets": 94,
        "grossIncome": 16194,
        "interestExpense": 698,
        "interestIncomeExpense": -687,
        "netIncome": 4233,
        "netIncomeAfterTaxes": 4233,
        "nonRecurringItems": 0,
        "otherOperatingExpensesTotal": 997,
        "period": "2016-12-31",
        "pretaxIncome": 6766,
        "provisionforIncomeTaxes": 2533,
        "revenue": 19941,
        "sgaExpense": 5916,
        "totalOperatingExpense": 8951,
        "totalOtherIncomeExpenseNet": 116,
        "year": 2016
      },
      {
        "costOfGoodsSold": 4434,
        "depreciationAmortization": 2012,
        "dilutedAverageSharesOutstanding": 869,
        "dilutedEPS": 5.49,
        "ebit": 8052,
        "gainLossOnDispositionOfAssets": 144,
        "grossIncome": 17379,
        "interestExpense": 622,
        "interestIncomeExpense": -617,
        "netIncome": 4772,
        "netIncomeAfterTaxes": 4772,
        "otherOperatingExpensesTotal": 924,
        "period": "2015-12-31",
        "pretaxIncome": 7656,
        "provisionforIncomeTaxes": 2884,
        "revenue": 21813,
        "sgaExpense": 6391,
        "totalOperatingExpense": 9327,
        "totalOtherIncomeExpenseNet": 77,
        "year": 2015
      }
    ],
    "symbol": "UNP"
  }
}