{
  "symbol": "CHD",
  "statement": "ic",
  "frequency": "annual",
  "timestamp": "2025-09-19T13:57:53.164859",
  "data": {
    "financials": [
      {
        "costOfGoodsSold": 3317,
        "dilutedAverageSharesOutstanding": 246.9,
        "dilutedEPS": 2.3706,
        "ebit": 1164.2,
        "grossIncome": 2790.1,
        "interestExpense": 95,
        "interestIncomeExpense": -59.6,
        "netIncome": 585.3,
        "netIncomeAfterTaxes": 585.3,
        "nonRecurringItems": -357.1,
        "period": "2024-12-31",
        "pretaxIncome": 756.3,
        "provisionforIncomeTaxes": 171,
        "researchDevelopment": 139.7,
        "revenue": 6107.1,
        "sgaExpense": 1486.2,
        "totalOperatingExpense": 1625.9,
        "totalOtherIncomeExpenseNet": 8.8,
        "year": 2024
      },
      {
        "costOfGoodsSold": 3279.4,
        "dilutedAverageSharesOutstanding": 247.6,
        "dilutedEPS": 3.0517,
        "ebit": 1057.4,
        "grossIncome": 2588.5,
        "interestExpense": 110.9,
        "interestIncomeExpense": -102.2,
        "netIncome": 755.6,
        "netIncomeAfterTaxes": 755.6,
        "period": "2023-12-31",
        "pretaxIncome": 967.4,
        "provisionforIncomeTaxes": 211.8,
        "researchDevelopment": 122.4,
        "revenue": 5867.9,
        "sgaExpense": 1408.7,
        "totalOperatingExpense": 1531.1,
        "totalOtherIncomeExpenseNet": 12.2,
        "year": 2023
      },
      {
        "costOfGoodsSold": 3125.6,
        "dilutedAverageSharesOutstanding": 246.3,
        "dilutedEPS": 1.68,
        "ebit": 1008.8,
        "grossIncome": 2250,
        "interestExpense": 89.6,
        "interestIncomeExpense": -73.5,
        "netIncome": 413.9,
        "netIncomeAfterTaxes": 413.9,
        "nonRecurringItems": -411,
        "period": "2022-12-31",
        "pretaxIncome": 523.3,
        "provisionforIncomeTaxes": 109.4,
        "researchDevelopment": 110,
        "revenue": 5375.6,
        "sgaExpense": 1131.2,
        "totalOperatingExpense": 1241.2,
        "totalOtherIncomeExpenseNet": -1,
        "year": 2022
      },
      {
        "costOfGoodsSold": 2926.6,
        "dilutedAverageSharesOutstanding": 249.6,
        "dilutedEPS": 3.32,
        "ebit": 1188.4,
        "grossIncome": 2263.5,
        "interestExpense": 54.5,
        "interestIncomeExpense": -45.1,
        "netIncome": 827.5,
        "netIncomeAfterTaxes": 827.5,
        "nonRecurringItems": -109.3,
        "period": "2021-12-31",
        "pretaxIncome": 1031.7,
        "provisionforIncomeTaxes": 204.2,
        "researchDevelopment": 105.2,
        "revenue": 5190.1,
        "sgaExpense": 969.9,
        "totalOperatingExpense": 1075.1,
        "totalOtherIncomeExpenseNet": -2.3,
        "year": 2021
      },
      {
        "costOfGoodsSold": 2681.6,
        "dilutedAverageSharesOutstanding": 252.2,
        "dilutedEPS": 3.12,
        "ebit": 1026.7,
        "grossIncome": 2214.2,
        "interestExpense": 61,
        "interestIncomeExpense": -53.8,
        "netIncome": 785.9,
        "netIncomeAfterTaxes": 785.9,
        "nonRecurringItems": 3,
        "period": "2020-12-31",
        "pretaxIncome": 973.8,
        "provisionforIncomeTaxes": 187.9,
        "researchDevelopment": 102.6,
        "revenue": 4895.8,
        "sgaExpense": 1084.9,
        "totalOperatingExpense": 1187.5,
        "totalOtherIncomeExpenseNet": -2.1,
        "year": 2020
      },
      {
        "costOfGoodsSold": 2373.7,
        "dilutedAverageSharesOutstanding": 252.1,
        "dilutedEPS": 2.44,
        "ebit": 847.8,
        "grossIncome": 1984,
        "interestExpense": 73.6,
        "interestIncomeExpense": -65.4,
        "netIncome": 615.9,
        "netIncomeAfterTaxes": 615.9,
        "nonRecurringItems": -7.6,
        "period": "2019-12-31",
        "pretaxIncome": 773.7,
        "provisionforIncomeTaxes": 157.8,
        "researchDevelopment": 93.6,
        "revenue": 4357.7,
        "sgaExpense": 1042.6,
        "totalOperatingExpense": 1136.2,
        "totalOtherIncomeExpenseNet": -1.1,
        "year": 2019
      },
      {
        "costOfGoodsSold": 2305.1,
        "dilutedAverageSharesOutstanding": 250.7,
        "dilutedEPS": 2.27,
        "ebit": 791.7,
        "grossIncome": 1840.8,
        "interestExpense": 79.4,
        "interestIncomeExpense": -68.3,
        "netIncome": 568.6,
        "netIncomeAfterTaxes": 568.6,
        "period": "2018-12-31",
        "pretaxIncome": 719.5,
        "provisionforIncomeTaxes": 150.9,
        "researchDevelopment": 89.7,
        "revenue": 4145.9,
        "sgaExpense": 959.4,
        "totalOperatingExpense": 1049.1,
        "totalOtherIncomeExpenseNet": -3.9,
        "year": 2018
      },
      {
        "costOfGoodsSold": 2046.6,
        "dilutedAverageSharesOutstanding": 256.1,
        "dilutedEPS": 2.9,
        "ebit": 732.7,
        "grossIncome": 1729.6,
        "interestExpense": 52.6,
        "interestIncomeExpense": -39.7,
        "netIncome": 743.4,
        "netIncomeAfterTaxes": 470.5,
        "period": "2017-12-31",
        "pretaxIncome": 692.7,
        "provisionforIncomeTaxes": 222.2,
        "revenue": 3776.2,
        "sgaExpense": 996.9,
        "totalOperatingExpense": 996.9,
        "totalOtherIncomeExpenseNet": -0.3,
        "year": 2017
      },
      {
        "costOfGoodsSold": 1902.5,
        "dilutedAverageSharesOutstanding": 262.1,
        "dilutedEPS": 1.75,
        "ebit": 724.2,
        "grossIncome": 1590.6,
        "interestExpense": 27.7,
        "interestIncomeExpense": -16.8,
        "netIncome": 459,
        "netIncomeAfterTaxes": 459,
        "period": "2016-12-31",
        "pretaxIncome": 705.9,
        "provisionforIncomeTaxes": 246.9,
        "revenue": 3493.1,
        "sgaExpense": 866.4,
        "totalOperatingExpense": 866.4,
        "totalOtherIncomeExpenseNet": -1.5,
        "year": 2016
      },
      {
        "costOfGoodsSold": 1883,
        "dilutedAverageSharesOutstanding": 267.2,
        "dilutedEPS": 1.54,
        "ebit": 676.3,
        "grossIncome": 1511.8,
        "interestExpense": 30.5,
        "interestIncomeExpense": -33.5,
        "netIncome": 410.4,
        "netIncomeAfterTaxes": 410.4,
        "period": "2015-12-31",
        "pretaxIncome": 635.4,
        "provisionforIncomeTaxes": 225,
        "revenue": 3394.8,
        "sgaExpense": 835.5,
        "totalOperatingExpense": 835.5,
        "totalOtherIncomeExpenseNet": -7.4,
        "year": 2015
      }
    ],
    "symbol": "CHD"
  }
}