{
  "symbol": "VTR",
  "statement": "ic",
  "frequency": "annual",
  "timestamp": "2025-09-19T14:08:09.373020",
  "data": {
    "financials": [
      {
        "costOfGoodsSold": 2827.069,
        "depreciationAmortization": 1167.143,
        "dilutedAverageSharesOutstanding": 416.366,
        "dilutedEPS": 0.1949,
        "ebit": 767.064,
        "gainLossOnDispositionOfAssets": 57.009,
        "grossIncome": 2097.197,
        "interestExpense": 602.835,
        "interestIncomeExpense": -613.214,
        "minorityInterest": -7.198,
        "netIncome": 81.153,
        "netIncomeAfterTaxes": 88.351,
        "nonRecurringItems": -115.286,
        "period": "2024-12-31",
        "pretaxIncome": 50.576,
        "provisionforIncomeTaxes": -37.775,
        "revenue": 4924.266,
        "sgaExpense": 162.99,
        "totalOperatingExpense": 1330.133,
        "totalOtherIncomeExpenseNet": -44.997,
        "year": 2024
      },
      {
        "costOfGoodsSold": 2561.246,
        "depreciationAmortization": 1165.861,
        "dilutedAverageSharesOutstanding": 401.809,
        "dilutedEPS": -0.102,
        "ebit": 621.844,
        "gainLossOnDispositionOfAssets": 91.246,
        "grossIncome": 1936.581,
        "interestExpense": 574.112,
        "interestIncomeExpense": -560.486,
        "minorityInterest": -10.676,
        "netIncome": -40.973,
        "netIncomeAfterTaxes": -30.297,
        "nonRecurringItems": -235.711,
        "otherOperatingExpensesTotal": 0.001,
        "period": "2023-12-31",
        "pretaxIncome": -39.836,
        "provisionforIncomeTaxes": -9.539,
        "revenue": 4497.827,
        "sgaExpense": 148.876,
        "totalOperatingExpense": 1314.737,
        "totalOtherIncomeExpenseNet": 43.271,
        "year": 2023
      },
      {
        "costOfGoodsSold": 2282.918,
        "depreciationAmortization": 1089.998,
        "dilutedAverageSharesOutstanding": 399.549,
        "dilutedEPS": -0.1188,
        "ebit": 611.403,
        "gainLossOnDispositionOfAssets": 7.78,
        "grossIncome": 1846.275,
        "interestExpense": 467.557,
        "interestIncomeExpense": -439.057,
        "minorityInterest": -6.516,
        "netIncome": -47.447,
        "netIncomeAfterTaxes": -40.931,
        "nonRecurringItems": -159.958,
        "period": "2022-12-31",
        "pretaxIncome": -57.857,
        "provisionforIncomeTaxes": -16.926,
        "revenue": 4129.193,
        "sgaExpense": 144.874,
        "totalOperatingExpense": 1234.872,
        "totalOtherIncomeExpenseNet": -78.025,
        "year": 2022
      },
      {
        "costOfGoodsSold": 2088.497,
        "depreciationAmortization": 978.003,
        "dilutedAverageSharesOutstanding": 386.304,
        "dilutedEPS": 0.1269,
        "ebit": 631.749,
        "gainLossOnDispositionOfAssets": 218.788,
        "grossIncome": 1739.51,
        "interestExpense": 440.089,
        "interestIncomeExpense": -435.106,
        "minorityInterest": -7.551,
        "netIncome": 49.008,
        "netIncomeAfterTaxes": 56.559,
        "nonRecurringItems": -326.017,
        "period": "2021-12-31",
        "pretaxIncome": 61.386,
        "provisionforIncomeTaxes": 4.827,
        "revenue": 3828.007,
        "sgaExpense": 129.758,
        "totalOperatingExpense": 1107.761,
        "totalOtherIncomeExpenseNet": -28.028,
        "year": 2021
      },
      {
        "costOfGoodsSold": 1939.8,
        "depreciationAmortization": 956,
        "dilutedAverageSharesOutstanding": 376.5,
        "dilutedEPS": 1.17,
        "ebit": 769.5,
        "gainLossOnDispositionOfAssets": 262.2,
        "grossIncome": 1855.6,
        "interestExpense": 469.541,
        "interestIncomeExpense": -467.7,
        "minorityInterest": -2,
        "netIncome": 439.1,
        "netIncomeAfterTaxes": 441.2,
        "nonRecurringItems": -194.4,
        "period": "2020-12-31",
        "pretaxIncome": 344.7,
        "provisionforIncomeTaxes": -96.5,
        "revenue": 3795.4,
        "sgaExpense": 130.2,
        "totalOperatingExpense": 1086.1,
        "totalOtherIncomeExpenseNet": -24.9,
        "year": 2020
      },
      {
        "costOfGoodsSold": 1810.5,
        "depreciationAmortization": 912,
        "dilutedAverageSharesOutstanding": 369.9,
        "dilutedEPS": 1.17,
        "ebit": 984.2,
        "gainLossOnDispositionOfAssets": 26,
        "grossIncome": 2062.2,
        "interestExpense": 451.662,
        "interestIncomeExpense": -454.1,
        "minorityInterest": -6.3,
        "netIncome": 433,
        "netIncomeAfterTaxes": 439.3,
        "nonRecurringItems": -190.7,
        "period": "2019-12-31",
        "pretaxIncome": 383,
        "provisionforIncomeTaxes": -56.3,
        "revenue": 3872.8,
        "sgaExpense": 166,
        "totalOperatingExpense": 1078.1,
        "totalOtherIncomeExpenseNet": 17.6,
        "year": 2019
      },
      {
        "costOfGoodsSold": 1691.3,
        "depreciationAmortization": 837.6,
        "dilutedAverageSharesOutstanding": 359.3,
        "dilutedEPS": 1.13,
        "ebit": 1064.9,
        "gainLossOnDispositionOfAssets": 46.2,
        "grossIncome": 2054.5,
        "interestExpense": 442.497,
        "interestIncomeExpense": -497.5,
        "minorityInterest": -6.5,
        "netIncome": 409.5,
        "netIncomeAfterTaxes": 392.8,
        "nonRecurringItems": -170.8,
        "period": "2018-12-31",
        "pretaxIncome": 376,
        "provisionforIncomeTaxes": -16.8,
        "revenue": 3745.8,
        "sgaExpense": 152,
        "totalOperatingExpense": 989.6,
        "totalOtherIncomeExpenseNet": -66.8,
        "year": 2018
      },
      {
        "costOfGoodsSold": 1486.5,
        "depreciationAmortization": 850.4,
        "dilutedAverageSharesOutstanding": 358.6,
        "dilutedEPS": 3.78,
        "ebit": 1101.8,
        "grossIncome": 2087.7,
        "interestExpense": 448.196,
        "interestIncomeExpense": -448.8,
        "minorityInterest": -4.6,
        "netIncome": 1356.5,
        "netIncomeAfterTaxes": 602.7,
        "nonRecurringItems": -48.8,
        "period": "2017-12-31",
        "pretaxIncome": 584.2,
        "provisionforIncomeTaxes": -18.6,
        "revenue": 3574.1,
        "sgaExpense": 135.5,
        "totalOperatingExpense": 985.9,
        "totalOtherIncomeExpenseNet": -20.1,
        "year": 2017
      },
      {
        "costOfGoodsSold": 1442.1,
        "depreciationAmortization": 898.9,
        "dilutedAverageSharesOutstanding": 348.4,
        "dilutedEPS": 1.86,
        "ebit": 975.6,
        "grossIncome": 2001.4,
        "interestExpense": 419.74,
        "interestIncomeExpense": -415.4,
        "minorityInterest": -2.3,
        "netIncome": 649.2,
        "netIncomeAfterTaxes": 554.2,
        "nonRecurringItems": -27.4,
        "period": "2016-12-31",
        "pretaxIncome": 522.9,
        "provisionforIncomeTaxes": -31.3,
        "revenue": 3443.5,
        "sgaExpense": 126.9,
        "totalOperatingExpense": 1025.8,
        "totalOtherIncomeExpenseNet": -10,
        "year": 2016
      },
      {
        "costOfGoodsSold": 1410.2,
        "depreciationAmortization": 894.1,
        "dilutedAverageSharesOutstanding": 334,
        "dilutedEPS": 1.25,
        "ebit": 854.1,
        "grossIncome": 1876.2,
        "interestExpense": 367.114,
        "interestIncomeExpense": -368.5,
        "minorityInterest": -1.4,
        "netIncome": 417.8,
        "netIncomeAfterTaxes": 389.5,
        "nonRecurringItems": -117.4,
        "period": "2015-12-31",
        "pretaxIncome": 350.3,
        "provisionforIncomeTaxes": -39.3,
        "revenue": 3286.4,
        "sgaExpense": 128,
        "totalOperatingExpense": 1022.1,
        "totalOtherIncomeExpenseNet": -18,
        "year": 2015
      }
    ],
    "symbol": "VTR"
  }
}