{
  "symbol": "EW",
  "statement": "ic",
  "frequency": "quarterly",
  "timestamp": "2025-09-19T13:59:39.309680",
  "data": {
    "financials": [
      {
        "costOfGoodsSold": 344.4,
        "dilutedAverageSharesOutstanding": 587.9,
        "dilutedEPS": 0.5743,
        "ebit": 430.9,
        "grossIncome": 1187.8,
        "interestIncomeExpense": 37.4,
        "minorityInterest": 1.7,
        "netIncome": 333.2,
        "netIncomeAfterTaxes": 335.9,
        "nonRecurringItems": -66.8,
        "otherOperatingExpensesTotal": -21.3,
        "period": "2025-06-30",
        "pretaxIncome": 400.2,
        "provisionforIncomeTaxes": 64.3,
        "researchDevelopment": 276.2,
        "revenue": 1532.2,
        "sgaExpense": 502,
        "totalOperatingExpense": 756.9,
        "totalOtherIncomeExpenseNet": -1.3
      },
      {
        "costOfGoodsSold": 301.6,
        "dilutedAverageSharesOutstanding": 587.8,
        "dilutedEPS": 0.6213,
        "ebit": 409.9,
        "grossIncome": 1111.1,
        "interestIncomeExpense": 36.5,
        "minorityInterest": 1.6,
        "netIncome": 358,
        "netIncomeAfterTaxes": 363.6,
        "nonRecurringItems": -15.1,
        "otherOperatingExpensesTotal": -19.1,
        "period": "2025-03-31",
        "pretaxIncome": 433.9,
        "provisionforIncomeTaxes": 70.3,
        "researchDevelopment": 254.6,
        "revenue": 1412.7,
        "sgaExpense": 465.7,
        "totalOperatingExpense": 701.2,
        "totalOtherIncomeExpenseNet": 2.6
      },
      {
        "costOfGoodsSold": 292.2,
        "dilutedAverageSharesOutstanding": 590.6,
        "dilutedEPS": 0.65,
        "ebit": 353.3,
        "grossIncome": 1093.6,
        "interestIncomeExpense": 50.7,
        "minorityInterest": 1.3,
        "netIncome": 385.6,
        "netIncomeAfterTaxes": 345,
        "nonRecurringItems": -40.7,
        "otherOperatingExpensesTotal": -22.7,
        "period": "2024-12-31",
        "pretaxIncome": 390.1,
        "provisionforIncomeTaxes": 45.1,
        "researchDevelopment": 271.1,
        "revenue": 1385.8,
        "sgaExpense": 491.9,
        "totalOperatingExpense": 740.3,
        "totalOtherIncomeExpenseNet": 26.8
      },
      {
        "costOfGoodsSold": 262.9,
        "dilutedAverageSharesOutstanding": 598.1,
        "dilutedEPS": 5.13,
        "ebit": 394.3,
        "grossIncome": 1091.5,
        "interestIncomeExpense": 24.3,
        "minorityInterest": 1.4,
        "netIncome": 3070.8,
        "netIncomeAfterTaxes": 362.1,
        "nonRecurringItems": -43.7,
        "otherOperatingExpensesTotal": 22.4,
        "period": "2024-09-30",
        "pretaxIncome": 402.8,
        "provisionforIncomeTaxes": 40.7,
        "researchDevelopment": 253.4,
        "revenue": 1354.4,
        "sgaExpense": 421.4,
        "totalOperatingExpense": 697.2,
        "totalOtherIncomeExpenseNet": 27.9
      },
      {
        "costOfGoodsSold": 285.3,
        "dilutedAverageSharesOutstanding": 604.3,
        "dilutedEPS": 0.6085,
        "ebit": 377.2,
        "grossIncome": 1100.6,
        "interestIncomeExpense": 15.5,
        "minorityInterest": 1.3,
        "netIncome": 366.3,
        "netIncomeAfterTaxes": 366.4,
        "nonRecurringItems": -8.1,
        "otherOperatingExpensesTotal": 0,
        "period": "2024-06-30",
        "pretaxIncome": 386.6,
        "provisionforIncomeTaxes": 20.2,
        "researchDevelopment": 272.6,
        "revenue": 1385.9,
        "sgaExpense": 450.8,
        "totalOperatingExpense": 723.4,
        "totalOtherIncomeExpenseNet": 2
      },
      {
        "costOfGoodsSold": 296.3,
        "dilutedAverageSharesOutstanding": 604.25,
        "dilutedEPS": 0.58,
        "ebit": 360,
        "grossIncome": 1050.6,
        "interestIncomeExpense": 16.5,
        "minorityInterest": 0.9,
        "netIncome": 351.9,
        "netIncomeAfterTaxes": 326.7,
        "nonRecurringItems": -8.9,
        "otherOperatingExpensesTotal": 0,
        "period": "2024-03-31",
        "pretaxIncome": 373.3,
        "provisionforIncomeTaxes": 46.6,
        "researchDevelopment": 257.8,
        "revenue": 1346.9,
        "sgaExpense": 432.8,
        "totalOperatingExpense": 690.6,
        "totalOtherIncomeExpenseNet": 5.7
      },
      {
        "costOfGoodsSold": 356.9,
        "dilutedAverageSharesOutstanding": 607,
        "dilutedEPS": 0.6094,
        "ebit": 427.2,
        "grossIncome": 1177.2,
        "interestIncomeExpense": 26.6,
        "minorityInterest": 0.2,
        "netIncome": 369.9,
        "netIncomeAfterTaxes": 369.7,
        "nonRecurringItems": -27.1,
        "otherOperatingExpensesTotal": 0,
        "period": "2023-12-31",
        "pretaxIncome": 421.7,
        "provisionforIncomeTaxes": 52,
        "researchDevelopment": 270,
        "revenue": 1534.1,
        "sgaExpense": 480,
        "totalOperatingExpense": 750,
        "totalOtherIncomeExpenseNet": -5
      },
      {
        "costOfGoodsSold": 350.4,
        "dilutedAverageSharesOutstanding": 609.5,
        "dilutedEPS": 0.6315,
        "ebit": 420.6,
        "grossIncome": 1130.5,
        "interestIncomeExpense": 15.1,
        "minorityInterest": 1.2,
        "netIncome": 384.9,
        "netIncomeAfterTaxes": 383.7,
        "nonRecurringItems": -2.2,
        "otherOperatingExpensesTotal": 0,
        "period": "2023-09-30",
        "pretaxIncome": 439.3,
        "provisionforIncomeTaxes": 55.6,
        "researchDevelopment": 270.3,
        "revenue": 1480.9,
        "sgaExpense": 439.6,
        "totalOperatingExpense": 709.9,
        "totalOtherIncomeExpenseNet": 5.8
      },
      {
        "costOfGoodsSold": 343,
        "dilutedAverageSharesOutstanding": 610.3,
        "dilutedEPS": 0.5032,
        "ebit": 475.1,
        "grossIncome": 1187.2,
        "interestIncomeExpense": 11.3,
        "minorityInterest": 1.6,
        "netIncome": 307.1,
        "netIncomeAfterTaxes": 305.5,
        "nonRecurringItems": -147.9,
        "otherOperatingExpensesTotal": -26.9,
        "period": "2023-06-30",
        "pretaxIncome": 338.5,
        "provisionforIncomeTaxes": 33,
        "researchDevelopment": 270.3,
        "revenue": 1530.2,
        "sgaExpense": 468.7,
        "totalOperatingExpense": 712.1,
        "totalOtherIncomeExpenseNet": 0
      },
      {
        "costOfGoodsSold": 329.5,
        "dilutedAverageSharesOutstanding": 610.9,
        "dilutedEPS": 0.5574,
        "ebit": 431.9,
        "grossIncome": 1130.1,
        "interestIncomeExpense": 10,
        "netIncome": 340.5,
        "netIncomeAfterTaxes": 340.5,
        "nonRecurringItems": -43.5,
        "otherOperatingExpensesTotal": 0.7,
        "period": "2023-03-31",
        "pretaxIncome": 398.6,
        "provisionforIncomeTaxes": 58.1,
        "researchDevelopment": 261.2,
        "revenue": 1459.6,
        "sgaExpense": 436.3,
        "totalOperatingExpense": 698.2,
        "totalOtherIncomeExpenseNet": 0.2
      },
      {
        "costOfGoodsSold": 257.9,
        "dilutedAverageSharesOutstanding": 616.1,
        "dilutedEPS": 0.6466,
        "ebit": 446.7,
        "grossIncome": 1090.4,
        "interestIncomeExpense": 11.6,
        "netIncome": 398.4,
        "netIncomeAfterTaxes": 398.4,
        "nonRecurringItems": 1.1,
        "otherOperatingExpensesTotal": 0.5,
        "period": "2022-12-31",
        "pretaxIncome": 459.3,
        "provisionforIncomeTaxes": 60.9,
        "researchDevelopment": 232.2,
        "revenue": 1348.3,
        "sgaExpense": 411,
        "totalOperatingExpense": 643.7,
        "totalOtherIncomeExpenseNet": -0.1
      },
      {
        "costOfGoodsSold": 252.2,
        "dilutedAverageSharesOutstanding": 624.5,
        "dilutedEPS": 0.55,
        "ebit": 468.4,
        "grossIncome": 1066.8,
        "interestIncomeExpense": 5.3,
        "netIncome": 343.5,
        "netIncomeAfterTaxes": 343.5,
        "nonRecurringItems": -66,
        "otherOperatingExpensesTotal": -12.5,
        "period": "2022-09-30",
        "pretaxIncome": 407.3,
        "provisionforIncomeTaxes": 63.8,
        "researchDevelopment": 233.6,
        "revenue": 1319,
        "sgaExpense": 377.3,
        "totalOperatingExpense": 598.4,
        "totalOtherIncomeExpenseNet": -0.4
      },
      {
        "costOfGoodsSold": 269.4,
        "dilutedAverageSharesOutstanding": 626.7,
        "dilutedEPS": 0.6485,
        "ebit": 465.6,
        "grossIncome": 1104.5,
        "interestIncomeExpense": 3.7,
        "netIncome": 406.4,
        "netIncomeAfterTaxes": 406.4,
        "nonRecurringItems": -6.1,
        "otherOperatingExpensesTotal": -20.9,
        "period": "2022-06-30",
        "pretaxIncome": 464.7,
        "provisionforIncomeTaxes": 58.3,
        "researchDevelopment": 250.8,
        "revenue": 1373.9,
        "sgaExpense": 409,
        "totalOperatingExpense": 638.9,
        "totalOtherIncomeExpenseNet": 1.5
      },
      {
        "costOfGoodsSold": 299.3,
        "dilutedAverageSharesOutstanding": 629.4,
        "dilutedEPS": 0.5936,
        "ebit": 445.9,
        "grossIncome": 1041.9,
        "interestIncomeExpense": -4,
        "netIncome": 373.6,
        "netIncomeAfterTaxes": 373.6,
        "nonRecurringItems": -7.1,
        "otherOperatingExpensesTotal": -2.9,
        "period": "2022-03-31",
        "pretaxIncome": 436.1,
        "provisionforIncomeTaxes": 62.5,
        "researchDevelopment": 228.6,
        "revenue": 1341.2,
        "sgaExpense": 370.3,
        "totalOperatingExpense": 596,
        "totalOtherIncomeExpenseNet": 1.3
      },
      {
        "costOfGoodsSold": 309.5,
        "dilutedAverageSharesOutstanding": 631.8,
        "dilutedEPS": 0.5307,
        "ebit": 381.5,
        "grossIncome": 1020.2,
        "interestIncomeExpense": 1.6,
        "netIncome": 335.3,
        "netIncomeAfterTaxes": 335.3,
        "nonRecurringItems": -7.1,
        "otherOperatingExpensesTotal": -18.1,
        "period": "2021-12-31",
        "pretaxIncome": 376.3,
        "provisionforIncomeTaxes": 41,
        "researchDevelopment": 232.8,
        "revenue": 1329.7,
        "sgaExpense": 424,
        "totalOperatingExpense": 638.7,
        "totalOtherIncomeExpenseNet": 0.3
      },
      {
        "costOfGoodsSold": 311.7,
        "dilutedAverageSharesOutstanding": 631.7,
        "dilutedEPS": 0.5384,
        "ebit": 395,
        "grossIncome": 998.5,
        "interestIncomeExpense": 0.4,
        "netIncome": 340.1,
        "netIncomeAfterTaxes": 340.1,
        "nonRecurringItems": -4.7,
        "otherOperatingExpensesTotal": 1.1,
        "period": "2021-09-30",
        "pretaxIncome": 390.9,
        "provisionforIncomeTaxes": 50.8,
        "researchDevelopment": 238,
        "revenue": 1310.2,
        "sgaExpense": 364.4,
        "totalOperatingExpense": 603.5,
        "totalOtherIncomeExpenseNet": 0.2
      },
      {
        "costOfGoodsSold": 334.3,
        "dilutedAverageSharesOutstanding": 629.9,
        "dilutedEPS": 0.7771,
        "ebit": 544.5,
        "grossIncome": 1041.7,
        "interestIncomeExpense": 3.1,
        "netIncome": 489.5,
        "netIncomeAfterTaxes": 489.5,
        "nonRecurringItems": -2.4,
        "otherOperatingExpensesTotal": -102.6,
        "period": "2021-06-30",
        "pretaxIncome": 545.5,
        "provisionforIncomeTaxes": 56,
        "researchDevelopment": 225.3,
        "revenue": 1376,
        "sgaExpense": 374.5,
        "totalOperatingExpense": 497.2,
        "totalOtherIncomeExpenseNet": 0.3
      },
      {
        "costOfGoodsSold": 293.4,
        "dilutedAverageSharesOutstanding": 631.3,
        "dilutedEPS": 0.54,
        "ebit": 389.9,
        "grossIncome": 923.2,
        "interestIncomeExpense": 4.7,
        "netIncome": 338.2,
        "netIncomeAfterTaxes": 338.2,
        "nonRecurringItems": -6.4,
        "otherOperatingExpensesTotal": -4.5,
        "period": "2021-03-31",
        "pretaxIncome": 389.3,
        "provisionforIncomeTaxes": 51.1,
        "researchDevelopment": 207,
        "revenue": 1216.6,
        "sgaExpense": 330.8,
        "totalOperatingExpense": 533.3,
        "totalOtherIncomeExpenseNet": 1.1
      },
      {
        "costOfGoodsSold": 296.3,
        "dilutedAverageSharesOutstanding": 641.2,
        "dilutedEPS": 0.48,
        "ebit": 356,
        "grossIncome": 895.4,
        "interestIncomeExpense": 5,
        "netIncome": 309.5,
        "netIncomeAfterTaxes": 309.5,
        "nonRecurringItems": -4.6,
        "otherOperatingExpensesTotal": 5.2,
        "period": "2020-12-31",
        "pretaxIncome": 356.1,
        "provisionforIncomeTaxes": 46.6,
        "researchDevelopment": 195.7,
        "revenue": 1191.7,
        "sgaExpense": 338.5,
        "totalOperatingExpense": 539.4,
        "totalOtherIncomeExpenseNet": -0.3
      },
      {
        "costOfGoodsSold": 281,
        "dilutedAverageSharesOutstanding": 631,
        "dilutedEPS": 0.52,
        "ebit": 366.2,
        "grossIncome": 859.9,
        "interestIncomeExpense": 6.1,
        "netIncome": 325.2,
        "netIncomeAfterTaxes": 325.2,
        "nonRecurringItems": -8.4,
        "otherOperatingExpensesTotal": -9,
        "period": "2020-09-30",
        "pretaxIncome": 364.3,
        "provisionforIncomeTaxes": 39.1,
        "researchDevelopment": 195.5,
        "revenue": 1140.9,
        "sgaExpense": 307.2,
        "totalOperatingExpense": 493.7,
        "totalOtherIncomeExpenseNet": 0.4
      },
      {
        "costOfGoodsSold": 238.2,
        "dilutedAverageSharesOutstanding": 620.3,
        "dilutedEPS": -0.2,
        "ebit": 210.2,
        "grossIncome": 686.8,
        "interestIncomeExpense": 3,
        "netIncome": -121.9,
        "netIncomeAfterTaxes": -121.9,
        "nonRecurringItems": -379.9,
        "otherOperatingExpensesTotal": 19.6,
        "period": "2020-06-30",
        "pretaxIncome": -168.2,
        "provisionforIncomeTaxes": -46.3,
        "researchDevelopment": 182.1,
        "revenue": 925,
        "sgaExpense": 274.9,
        "totalOperatingExpense": 476.6,
        "totalOtherIncomeExpenseNet": -1.5
      },
      {
        "costOfGoodsSold": 265.1,
        "dilutedAverageSharesOutstanding": 635.1,
        "dilutedEPS": 0.49,
        "ebit": 370.6,
        "grossIncome": 863.6,
        "interestIncomeExpense": 16.7,
        "netIncome": 310.6,
        "netIncomeAfterTaxes": 310.6,
        "nonRecurringItems": -12.5,
        "otherOperatingExpensesTotal": -2.2,
        "period": "2020-03-31",
        "pretaxIncome": 364.5,
        "provisionforIncomeTaxes": 53.9,
        "researchDevelopment": 187.4,
        "revenue": 1128.7,
        "sgaExpense": 307.8,
        "totalOperatingExpense": 493,
        "totalOtherIncomeExpenseNet": -10.3
      },
      {
        "costOfGoodsSold": 286.2,
        "dilutedAverageSharesOutstanding": 637.5,
        "dilutedEPS": 0.44,
        "ebit": 365.3,
        "gainLossOnDispositionOfAssets": -2,
        "grossIncome": 887.9,
        "interestIncomeExpense": 7,
        "netIncome": 280.2,
        "netIncomeAfterTaxes": 283,
        "nonRecurringItems": -54.5,
        "otherOperatingExpensesTotal": -18.5,
        "period": "2019-12-31",
        "pretaxIncome": 315.5,
        "provisionforIncomeTaxes": 32.5,
        "researchDevelopment": 193.9,
        "revenue": 1174.1,
        "sgaExpense": 347.2,
        "totalOperatingExpense": 522.6,
        "totalOtherIncomeExpenseNet": -0.3
      },
      {
        "costOfGoodsSold": 292.4,
        "dilutedAverageSharesOutstanding": 636.3,
        "dilutedEPS": 0.43,
        "ebit": 302.2,
        "gainLossOnDispositionOfAssets": 2,
        "grossIncome": 801.6,
        "interestIncomeExpense": 10.7,
        "netIncome": 274.7,
        "netIncomeAfterTaxes": 274.7,
        "nonRecurringItems": -7.9,
        "otherOperatingExpensesTotal": -2.3,
        "period": "2019-09-30",
        "pretaxIncome": 301.7,
        "provisionforIncomeTaxes": 27,
        "researchDevelopment": 195.5,
        "revenue": 1094,
        "sgaExpense": 306.2,
        "totalOperatingExpense": 499.4,
        "totalOtherIncomeExpenseNet": -5.3
      },
      {
        "costOfGoodsSold": 304,
        "dilutedAverageSharesOutstanding": 636.3,
        "dilutedEPS": 0.38,
        "ebit": 276.5,
        "grossIncome": 782.9,
        "interestIncomeExpense": 0.4,
        "netIncome": 242.3,
        "netIncomeAfterTaxes": 242.3,
        "nonRecurringItems": -9,
        "otherOperatingExpensesTotal": 8,
        "period": "2019-06-30",
        "pretaxIncome": 271.3,
        "provisionforIncomeTaxes": 29,
        "researchDevelopment": 191.9,
        "revenue": 1086.9,
        "sgaExpense": 306.5,
        "totalOperatingExpense": 506.4,
        "totalOtherIncomeExpenseNet": 3.4
      },
      {
        "costOfGoodsSold": 231.8,
        "dilutedAverageSharesOutstanding": 636.6,
        "dilutedEPS": 0.39,
        "ebit": 302.8,
        "grossIncome": 761.2,
        "interestIncomeExpense": 1.5,
        "netIncome": 249.7,
        "netIncomeAfterTaxes": 249.7,
        "nonRecurringItems": -28.6,
        "otherOperatingExpensesTotal": 6.7,
        "period": "2019-03-31",
        "pretaxIncome": 278,
        "provisionforIncomeTaxes": 28.3,
        "researchDevelopment": 171.4,
        "revenue": 993,
        "sgaExpense": 280.3,
        "totalOperatingExpense": 458.4,
        "totalOtherIncomeExpenseNet": 2.3
      },
      {
        "costOfGoodsSold": 234.7,
        "dilutedAverageSharesOutstanding": 636.3,
        "dilutedEPS": 0.01,
        "ebit": 305.8,
        "grossIncome": 743,
        "interestIncomeExpense": 6.4,
        "netIncome": 7,
        "netIncomeAfterTaxes": 53,
        "nonRecurringItems": -311.1,
        "otherOperatingExpensesTotal": -14,
        "period": "2018-12-31",
        "pretaxIncome": -1.8,
        "provisionforIncomeTaxes": -54.8,
        "researchDevelopment": 163.1,
        "revenue": 977.7,
        "sgaExpense": 288.1,
        "totalOperatingExpense": 437.2,
        "totalOtherIncomeExpenseNet": -2.9
      },
      {
        "costOfGoodsSold": 224.9,
        "dilutedAverageSharesOutstanding": 639.6,
        "dilutedEPS": 0.35,
        "ebit": 256.8,
        "grossIncome": 681.7,
        "interestIncomeExpense": 6,
        "netIncome": 225.9,
        "netIncomeAfterTaxes": 221.3,
        "nonRecurringItems": -7.9,
        "otherOperatingExpensesTotal": -6.4,
        "period": "2018-09-30",
        "pretaxIncome": 248.7,
        "provisionforIncomeTaxes": 27.4,
        "researchDevelopment": 161.8,
        "revenue": 906.6,
        "sgaExpense": 269.5,
        "totalOperatingExpense": 424.9,
        "totalOtherIncomeExpenseNet": -6.2
      },
      {
        "costOfGoodsSold": 246.2,
        "dilutedAverageSharesOutstanding": 642,
        "dilutedEPS": 0.43,
        "ebit": 257.6,
        "grossIncome": 697.5,
        "interestIncomeExpense": 9.2,
        "netIncome": 282.7,
        "netIncomeAfterTaxes": 274.4,
        "nonRecurringItems": -5.5,
        "otherOperatingExpensesTotal": 10.9,
        "period": "2018-06-30",
        "pretaxIncome": 251,
        "provisionforIncomeTaxes": -23.4,
        "researchDevelopment": 154.1,
        "revenue": 943.7,
        "sgaExpense": 274.9,
        "totalOperatingExpense": 439.9,
        "totalOtherIncomeExpenseNet": -10.3
      },
      {
        "costOfGoodsSold": 233.6,
        "dilutedAverageSharesOutstanding": 645.3,
        "dilutedEPS": 0.31,
        "ebit": 258.2,
        "grossIncome": 661.2,
        "interestIncomeExpense": -4.8,
        "netIncome": 206.6,
        "netIncomeAfterTaxes": 198.3,
        "nonRecurringItems": 1.4,
        "otherOperatingExpensesTotal": 3.8,
        "period": "2018-03-31",
        "pretaxIncome": 263.5,
        "provisionforIncomeTaxes": 65.2,
        "researchDevelopment": 143.2,
        "revenue": 894.8,
        "sgaExpense": 256,
        "totalOperatingExpense": 403,
        "totalOtherIncomeExpenseNet": 8.7
      },
      {
        "costOfGoodsSold": 235.3,
        "dilutedAverageSharesOutstanding": 631.8,
        "dilutedEPS": 0,
        "ebit": 238.4,
        "grossIncome": 653.2,
        "interestIncomeExpense": -0.9,
        "netIncome": -2.8,
        "netIncomeAfterTaxes": 291.3,
        "nonRecurringItems": 86.4,
        "otherOperatingExpensesTotal": 0.6,
        "period": "2017-12-31",
        "pretaxIncome": 323.9,
        "provisionforIncomeTaxes": 32.6,
        "researchDevelopment": 146.6,
        "revenue": 888.5,
        "sgaExpense": 267.6,
        "totalOperatingExpense": 414.8
      },
      {
        "costOfGoodsSold": 213.3,
        "dilutedAverageSharesOutstanding": 648.6,
        "dilutedEPS": 0.26,
        "ebit": 230.9,
        "grossIncome": 608.2,
        "interestIncomeExpense": 4.8,
        "netIncome": 170.1,
        "netIncomeAfterTaxes": 170.1,
        "nonRecurringItems": -23.9,
        "otherOperatingExpensesTotal": -10.6,
        "period": "2017-09-30",
        "pretaxIncome": 211.8,
        "provisionforIncomeTaxes": 41.7,
        "researchDevelopment": 142.9,
        "revenue": 821.5,
        "sgaExpense": 245,
        "totalOperatingExpense": 377.3
      },
      {
        "costOfGoodsSold": 211.1,
        "dilutedAverageSharesOutstanding": 647.1,
        "dilutedEPS": 0.29,
        "ebit": 250.3,
        "grossIncome": 630.7,
        "interestIncomeExpense": -5.8,
        "netIncome": 186.1,
        "netIncomeAfterTaxes": 186.1,
        "nonRecurringItems": -38.9,
        "otherOperatingExpensesTotal": 2.1,
        "period": "2017-06-30",
        "pretaxIncome": 205.6,
        "provisionforIncomeTaxes": 19.5,
        "researchDevelopment": 134.4,
        "revenue": 841.8,
        "sgaExpense": 243.9,
        "totalOperatingExpense": 380.4
      },
      {
        "costOfGoodsSold": 215.6,
        "dilutedAverageSharesOutstanding": 649.2,
        "dilutedEPS": 0.35,
        "ebit": 313.8,
        "grossIncome": 667.9,
        "interestIncomeExpense": -10,
        "netIncome": 230.2,
        "netIncomeAfterTaxes": 230.2,
        "nonRecurringItems": -10.2,
        "otherOperatingExpensesTotal": -4.3,
        "period": "2017-03-31",
        "pretaxIncome": 293.6,
        "provisionforIncomeTaxes": 63.4,
        "researchDevelopment": 128.7,
        "revenue": 883.5,
        "sgaExpense": 229.7,
        "totalOperatingExpense": 354.1
      },
      {
        "costOfGoodsSold": 213.2,
        "dilutedAverageSharesOutstanding": 654.3,
        "dilutedEPS": 0.24,
        "ebit": 206.4,
        "grossIncome": 554.5,
        "interestIncomeExpense": -1.2,
        "netIncome": 158.5,
        "netIncomeAfterTaxes": 158.5,
        "nonRecurringItems": -4.8,
        "otherOperatingExpensesTotal": -0.4,
        "period": "2016-12-31",
        "pretaxIncome": 200.4,
        "provisionforIncomeTaxes": 41.9,
        "researchDevelopment": 114.9,
        "revenue": 767.7,
        "sgaExpense": 233.6,
        "totalOperatingExpense": 348.1
      },
      {
        "costOfGoodsSold": 201.4,
        "dilutedAverageSharesOutstanding": 654.3,
        "dilutedEPS": 0.22,
        "ebit": 192.7,
        "grossIncome": 538,
        "interestIncomeExpense": -1,
        "netIncome": 141.4,
        "netIncomeAfterTaxes": 141.4,
        "nonRecurringItems": -6.5,
        "otherOperatingExpensesTotal": 2.6,
        "period": "2016-09-30",
        "pretaxIncome": 185.2,
        "provisionforIncomeTaxes": 43.8,
        "researchDevelopment": 113.1,
        "revenue": 739.4,
        "sgaExpense": 229.6,
        "totalOperatingExpense": 345.3
      },
      {
        "costOfGoodsSold": 202.5,
        "dilutedAverageSharesOutstanding": 651.9,
        "dilutedEPS": 0.19,
        "ebit": 205.7,
        "grossIncome": 556.8,
        "interestIncomeExpense": 6.9,
        "netIncome": 126.6,
        "netIncomeAfterTaxes": 126.6,
        "nonRecurringItems": -43.6,
        "otherOperatingExpensesTotal": 9.4,
        "period": "2016-06-30",
        "pretaxIncome": 169,
        "provisionforIncomeTaxes": 42.4,
        "researchDevelopment": 112.9,
        "revenue": 759.3,
        "sgaExpense": 228.8,
        "totalOperatingExpense": 351.1
      },
      {
        "costOfGoodsSold": 180.3,
        "dilutedAverageSharesOutstanding": 653.4,
        "dilutedEPS": 0.22,
        "ebit": 196.8,
        "grossIncome": 517,
        "interestIncomeExpense": -1.3,
        "netIncome": 143,
        "netIncomeAfterTaxes": 143,
        "nonRecurringItems": -12.2,
        "otherOperatingExpensesTotal": 5.1,
        "period": "2016-03-31",
        "pretaxIncome": 183.3,
        "provisionforIncomeTaxes": 40.3,
        "researchDevelopment": 102.4,
        "revenue": 697.3,
        "sgaExpense": 212.7,
        "totalOperatingExpense": 320.2
      },
      {
        "costOfGoodsSold": 175.9,
        "dilutedAverageSharesOutstanding": 661.8,
        "dilutedEPS": 0.21,
        "ebit": 174.1,
        "grossIncome": 495.2,
        "interestExpense": 4.5,
        "interestIncomeExpense": -3.8,
        "netIncome": 140.7,
        "netIncomeAfterTaxes": 140.7,
        "nonRecurringItems": -3.3,
        "otherOperatingExpensesTotal": 0.6,
        "period": "2015-12-31",
        "pretaxIncome": 167,
        "provisionforIncomeTaxes": 26.3,
        "researchDevelopment": 98.2,
        "revenue": 671.1,
        "sgaExpense": 222.3,
        "totalOperatingExpense": 321.1
      },
      {
        "costOfGoodsSold": 146.7,
        "dilutedAverageSharesOutstanding": 660,
        "dilutedEPS": 0.18,
        "ebit": 155.8,
        "grossIncome": 468.8,
        "interestExpense": 4.3,
        "interestIncomeExpense": -2.7,
        "netIncome": 118.1,
        "netIncomeAfterTaxes": 118.1,
        "nonRecurringItems": -2.4,
        "otherOperatingExpensesTotal": 0,
        "period": "2015-09-30",
        "pretaxIncome": 150.7,
        "provisionforIncomeTaxes": 32.6,
        "researchDevelopment": 101,
        "revenue": 615.5,
        "sgaExpense": 212,
        "totalOperatingExpense": 313
      }
    ],
    "symbol": "EW"
  }
}