{
  "symbol": "LH",
  "statement": "ic",
  "frequency": "quarterly",
  "timestamp": "2025-09-19T14:03:00.117710",
  "data": {
    "financials": [
      {
        "costOfGoodsSold": 2481.1,
        "depreciationAmortization": 68.3,
        "dilutedAverageSharesOutstanding": 83.9,
        "dilutedEPS": 2.8355,
        "ebit": 398.6,
        "grossIncome": 1046.2,
        "interestExpense": 57.1,
        "interestIncomeExpense": -57.1,
        "minorityInterest": -0.4,
        "netIncome": 237.9,
        "netIncomeAfterTaxes": 238.3,
        "nonRecurringItems": -4.1,
        "period": "2025-06-30",
        "pretaxIncome": 304.7,
        "provisionforIncomeTaxes": 66.4,
        "revenue": 3527.3,
        "sgaExpense": 579.3,
        "totalOperatingExpense": 647.6,
        "totalOtherIncomeExpenseNet": -32.7
      },
      {
        "costOfGoodsSold": 2397.1,
        "depreciationAmortization": 69.6,
        "dilutedAverageSharesOutstanding": 84.3,
        "dilutedEPS": 2.5243,
        "ebit": 332.4,
        "grossIncome": 948,
        "interestExpense": 56,
        "interestIncomeExpense": -49.8,
        "minorityInterest": -0.2,
        "netIncome": 212.8,
        "netIncomeAfterTaxes": 213,
        "nonRecurringItems": -6.4,
        "period": "2025-03-31",
        "pretaxIncome": 275.2,
        "provisionforIncomeTaxes": 62.2,
        "revenue": 3345.1,
        "sgaExpense": 546,
        "totalOperatingExpense": 615.6,
        "totalOtherIncomeExpenseNet": -1
      },
      {
        "costOfGoodsSold": 2433.1,
        "depreciationAmortization": 70.4,
        "dilutedAverageSharesOutstanding": 84.1,
        "dilutedEPS": 1.7051,
        "ebit": 230.7,
        "gainLossOnDispositionOfAssets": 1.5,
        "grossIncome": 896.3,
        "interestExpense": 63.4,
        "interestIncomeExpense": -49.2,
        "minorityInterest": -0.2,
        "netIncome": 143.4,
        "netIncomeAfterTaxes": 143.6,
        "nonRecurringItems": -14.2,
        "period": "2024-12-31",
        "pretaxIncome": 183.8,
        "provisionforIncomeTaxes": 40.2,
        "revenue": 3329.4,
        "sgaExpense": 595.2,
        "totalOperatingExpense": 665.6,
        "totalOtherIncomeExpenseNet": 15
      },
      {
        "costOfGoodsSold": 2377.6,
        "depreciationAmortization": 63.7,
        "dilutedAverageSharesOutstanding": 84.4,
        "dilutedEPS": 2.0059,
        "ebit": 272.1,
        "gainLossOnDispositionOfAssets": 0,
        "grossIncome": 904.4,
        "interestExpense": 50.4,
        "interestIncomeExpense": -59.4,
        "minorityInterest": -0.3,
        "netIncome": 169.3,
        "netIncomeAfterTaxes": 169.6,
        "nonRecurringItems": -18,
        "period": "2024-09-30",
        "pretaxIncome": 210.6,
        "provisionforIncomeTaxes": 41,
        "revenue": 3282,
        "sgaExpense": 568.6,
        "totalOperatingExpense": 632.3,
        "totalOtherIncomeExpenseNet": 15.9
      },
      {
        "costOfGoodsSold": 2294.5,
        "depreciationAmortization": 62.2,
        "dilutedAverageSharesOutstanding": 84.3,
        "dilutedEPS": 2.4354,
        "ebit": 306.4,
        "gainLossOnDispositionOfAssets": 0,
        "grossIncome": 926.4,
        "interestExpense": 47.6,
        "interestIncomeExpense": -50,
        "minorityInterest": -0.3,
        "netIncome": 205.3,
        "netIncomeAfterTaxes": 205.6,
        "nonRecurringItems": -11.6,
        "period": "2024-06-30",
        "pretaxIncome": 267.7,
        "provisionforIncomeTaxes": 62.1,
        "revenue": 3220.9,
        "sgaExpense": 557.8,
        "totalOperatingExpense": 620,
        "totalOtherIncomeExpenseNet": 22.9
      },
      {
        "costOfGoodsSold": 2279.3,
        "depreciationAmortization": 60.1,
        "dilutedAverageSharesOutstanding": 84.7,
        "dilutedEPS": 2.69,
        "ebit": 328.8,
        "grossIncome": 897.3,
        "interestExpense": 46.9,
        "interestIncomeExpense": -51.4,
        "minorityInterest": -0.3,
        "netIncome": 228,
        "netIncomeAfterTaxes": 228.3,
        "nonRecurringItems": -7.5,
        "period": "2024-03-31",
        "pretaxIncome": 297.4,
        "provisionforIncomeTaxes": 69.1,
        "revenue": 3176.6,
        "sgaExpense": 508.4,
        "totalOperatingExpense": 568.5,
        "totalOtherIncomeExpenseNet": 27.5
      },
      {
        "costOfGoodsSold": 2211.9,
        "depreciationAmortization": 59.2,
        "dilutedAverageSharesOutstanding": 84.7,
        "dilutedEPS": -1.97,
        "ebit": 229.3,
        "grossIncome": 821.4,
        "interestExpense": 48.8,
        "interestIncomeExpense": -42.5,
        "minorityInterest": -0.3,
        "netIncome": -167.1,
        "netIncomeAfterTaxes": -166.8,
        "nonRecurringItems": -352.1,
        "period": "2023-12-31",
        "pretaxIncome": -147.1,
        "provisionforIncomeTaxes": 19.7,
        "revenue": 3033.3,
        "sgaExpense": 532.9,
        "totalOperatingExpense": 592.1,
        "totalOtherIncomeExpenseNet": 18.2
      },
      {
        "costOfGoodsSold": 2205.6,
        "depreciationAmortization": 55.7,
        "dilutedAverageSharesOutstanding": 87,
        "dilutedEPS": 2.11,
        "ebit": 270,
        "grossIncome": 851.2,
        "interestExpense": 50.3,
        "interestIncomeExpense": -33.5,
        "minorityInterest": -0.3,
        "netIncome": 183.3,
        "netIncomeAfterTaxes": 183.6,
        "nonRecurringItems": -17.7,
        "period": "2023-09-30",
        "pretaxIncome": 238.7,
        "provisionforIncomeTaxes": 55.1,
        "revenue": 3056.8,
        "sgaExpense": 525.5,
        "totalOperatingExpense": 581.2,
        "totalOtherIncomeExpenseNet": 19.9
      },
      {
        "costOfGoodsSold": 2191.5,
        "depreciationAmortization": 51.5,
        "dilutedAverageSharesOutstanding": 89,
        "dilutedEPS": 2.12,
        "ebit": 284.9,
        "grossIncome": 842.2,
        "interestExpense": 49.8,
        "interestIncomeExpense": -59.7,
        "minorityInterest": -0.2,
        "netIncome": 188.9,
        "netIncomeAfterTaxes": 155.2,
        "nonRecurringItems": -18.6,
        "period": "2023-06-30",
        "pretaxIncome": 205,
        "provisionforIncomeTaxes": 49.8,
        "revenue": 3033.7,
        "sgaExpense": 505.8,
        "totalOperatingExpense": 557.3,
        "totalOtherIncomeExpenseNet": -1.6
      },
      {
        "costOfGoodsSold": 2187.7,
        "depreciationAmortization": 53.4,
        "dilutedAverageSharesOutstanding": 89,
        "dilutedEPS": 2.39,
        "ebit": 339.5,
        "grossIncome": 850.1,
        "interestExpense": 50.7,
        "interestIncomeExpense": -55.7,
        "minorityInterest": -0.4,
        "netIncome": 212.9,
        "netIncomeAfterTaxes": 208.4,
        "nonRecurringItems": -9.7,
        "period": "2023-03-31",
        "pretaxIncome": 272.3,
        "provisionforIncomeTaxes": 63.9,
        "revenue": 3037.8,
        "sgaExpense": 457.2,
        "totalOperatingExpense": 510.6,
        "totalOtherIncomeExpenseNet": -1.8
      },
      {
        "costOfGoodsSold": 2131.6,
        "depreciationAmortization": 44.6,
        "dilutedAverageSharesOutstanding": 89.2,
        "dilutedEPS": 0.85,
        "ebit": 298,
        "grossIncome": 798.1,
        "interestExpense": 49.1,
        "interestIncomeExpense": -9.9,
        "minorityInterest": -0.3,
        "netIncome": 76.1,
        "netIncomeAfterTaxes": 37.1,
        "nonRecurringItems": -269.5,
        "period": "2022-12-31",
        "pretaxIncome": 10.2,
        "provisionforIncomeTaxes": -26.9,
        "revenue": 2929.7,
        "sgaExpense": 455.5,
        "totalOperatingExpense": 500.1,
        "totalOtherIncomeExpenseNet": -8.4
      },
      {
        "costOfGoodsSold": 1980.6,
        "depreciationAmortization": 49,
        "dilutedAverageSharesOutstanding": 90.7,
        "dilutedEPS": 3.88,
        "ebit": 384,
        "grossIncome": 886.2,
        "interestExpense": 46.3,
        "interestIncomeExpense": -48.9,
        "minorityInterest": -0.4,
        "netIncome": 352.8,
        "netIncomeAfterTaxes": 277.3,
        "nonRecurringItems": -10,
        "period": "2022-09-30",
        "pretaxIncome": 315.5,
        "provisionforIncomeTaxes": 38.2,
        "revenue": 2866.8,
        "sgaExpense": 453.2,
        "totalOperatingExpense": 502.2,
        "totalOtherIncomeExpenseNet": -9.6
      },
      {
        "costOfGoodsSold": 1980.5,
        "depreciationAmortization": 49.8,
        "dilutedAverageSharesOutstanding": 92.7,
        "dilutedEPS": 3.86,
        "ebit": 460.3,
        "grossIncome": 942.5,
        "interestExpense": 42.3,
        "interestIncomeExpense": -68.9,
        "minorityInterest": -0.3,
        "netIncome": 358.6,
        "netIncomeAfterTaxes": 268,
        "nonRecurringItems": -31.5,
        "period": "2022-06-30",
        "pretaxIncome": 360.1,
        "provisionforIncomeTaxes": 92.1,
        "revenue": 2923,
        "sgaExpense": 432.4,
        "totalOperatingExpense": 482.2,
        "totalOtherIncomeExpenseNet": 0.2
      },
      {
        "costOfGoodsSold": 2062.4,
        "depreciationAmortization": 50.2,
        "dilutedAverageSharesOutstanding": 92.7,
        "dilutedEPS": 5.3,
        "ebit": 609.9,
        "grossIncome": 1082.1,
        "interestExpense": 42.1,
        "interestIncomeExpense": -43.3,
        "minorityInterest": -0.5,
        "netIncome": 491.6,
        "netIncomeAfterTaxes": 421.1,
        "nonRecurringItems": -4.7,
        "period": "2022-03-31",
        "pretaxIncome": 551.6,
        "provisionforIncomeTaxes": 130.5,
        "revenue": 3144.5,
        "sgaExpense": 422,
        "totalOperatingExpense": 472.2,
        "totalOtherIncomeExpenseNet": -10.3
      },
      {
        "costOfGoodsSold": 328.2,
        "depreciationAmortization": -47.2,
        "dilutedAverageSharesOutstanding": 98.343,
        "dilutedEPS": 5.62,
        "ebit": 473.1,
        "grossIncome": 743.1,
        "interestExpense": 42.8,
        "interestIncomeExpense": -31.6,
        "minorityInterest": -0.6,
        "netIncome": 553,
        "netIncomeAfterTaxes": 371.7,
        "nonRecurringItems": 52.7,
        "period": "2021-12-31",
        "pretaxIncome": 447,
        "provisionforIncomeTaxes": 75.3,
        "revenue": 1071.3,
        "sgaExpense": 317.2,
        "totalOperatingExpense": 270,
        "totalOtherIncomeExpenseNet": -47.2
      },
      {
        "costOfGoodsSold": 2677.1,
        "depreciationAmortization": 92.2,
        "dilutedAverageSharesOutstanding": 97.1,
        "dilutedEPS": 6.05,
        "ebit": 785.2,
        "grossIncome": 1385.5,
        "interestExpense": 42.2,
        "interestIncomeExpense": 6.7,
        "minorityInterest": -0.5,
        "netIncome": 587.3,
        "netIncomeAfterTaxes": 587.8,
        "nonRecurringItems": -19.4,
        "period": "2021-09-30",
        "pretaxIncome": 768.2,
        "provisionforIncomeTaxes": 180.4,
        "revenue": 4062.6,
        "sgaExpense": 508.1,
        "totalOperatingExpense": 600.3,
        "totalOtherIncomeExpenseNet": -4.3
      },
      {
        "costOfGoodsSold": 2575.9,
        "depreciationAmortization": 92.4,
        "dilutedAverageSharesOutstanding": 98.2,
        "dilutedEPS": 4.76,
        "ebit": 725.7,
        "grossIncome": 1264.8,
        "interestExpense": 78.3,
        "interestIncomeExpense": -47.2,
        "minorityInterest": -0.6,
        "netIncome": 467.4,
        "netIncomeAfterTaxes": 468,
        "nonRecurringItems": -26.6,
        "period": "2021-06-30",
        "pretaxIncome": 650.6,
        "provisionforIncomeTaxes": 182.6,
        "revenue": 3840.7,
        "sgaExpense": 446.7,
        "totalOperatingExpense": 539.1,
        "totalOtherIncomeExpenseNet": -1.3
      },
      {
        "costOfGoodsSold": 2562.5,
        "depreciationAmortization": 92.1,
        "dilutedAverageSharesOutstanding": 98.5,
        "dilutedEPS": 7.81,
        "ebit": 1088.6,
        "grossIncome": 1599,
        "interestExpense": 48.5,
        "interestIncomeExpense": -42.6,
        "minorityInterest": -0.5,
        "netIncome": 769.6,
        "netIncomeAfterTaxes": 770.1,
        "nonRecurringItems": -30.7,
        "period": "2021-03-31",
        "pretaxIncome": 1021.8,
        "provisionforIncomeTaxes": 251.7,
        "revenue": 4161.5,
        "sgaExpense": 418.3,
        "totalOperatingExpense": 510.4,
        "totalOtherIncomeExpenseNet": 6.5
      },
      {
        "costOfGoodsSold": 2584.9,
        "depreciationAmortization": 90.8,
        "dilutedAverageSharesOutstanding": 98.3,
        "dilutedEPS": 9.55,
        "ebit": 1315.9,
        "grossIncome": 1904.9,
        "interestExpense": 48.3,
        "interestIncomeExpense": -49.2,
        "minorityInterest": -0.3,
        "netIncome": 938.3,
        "netIncomeAfterTaxes": 938.6,
        "nonRecurringItems": -22.7,
        "period": "2020-12-31",
        "pretaxIncome": 1242.7,
        "provisionforIncomeTaxes": 304.1,
        "revenue": 4489.8,
        "sgaExpense": 498.2,
        "totalOperatingExpense": 589,
        "totalOtherIncomeExpenseNet": -1.3
      },
      {
        "costOfGoodsSold": 2336.7,
        "depreciationAmortization": 62.2,
        "dilutedAverageSharesOutstanding": 98.1,
        "dilutedEPS": 7.17,
        "ebit": 1084,
        "grossIncome": 1559.4,
        "interestExpense": 51.4,
        "interestIncomeExpense": -52.2,
        "minorityInterest": -0.3,
        "netIncome": 703.4,
        "netIncomeAfterTaxes": 703.7,
        "nonRecurringItems": -35.3,
        "period": "2020-09-30",
        "pretaxIncome": 947.1,
        "provisionforIncomeTaxes": 243.4,
        "revenue": 3896.1,
        "sgaExpense": 413.2,
        "totalOperatingExpense": 475.4,
        "totalOtherIncomeExpenseNet": -49.4
      },
      {
        "costOfGoodsSold": 2008.3,
        "depreciationAmortization": 60.1,
        "dilutedAverageSharesOutstanding": 97.7,
        "dilutedEPS": 2.37,
        "ebit": 316.7,
        "grossIncome": 760.5,
        "interestExpense": 52.7,
        "interestIncomeExpense": -50.1,
        "minorityInterest": 0,
        "netIncome": 231.6,
        "netIncomeAfterTaxes": 231.6,
        "nonRecurringItems": 36.9,
        "period": "2020-06-30",
        "pretaxIncome": 297,
        "provisionforIncomeTaxes": 65.4,
        "revenue": 2768.8,
        "sgaExpense": 383.7,
        "totalOperatingExpense": 443.8,
        "totalOtherIncomeExpenseNet": -6.5
      },
      {
        "costOfGoodsSold": 2095.8,
        "dilutedAverageSharesOutstanding": 97.2,
        "dilutedEPS": -3.26,
        "ebit": 282.3,
        "grossIncome": 728,
        "interestExpense": 55,
        "interestIncomeExpense": -61.8,
        "minorityInterest": -0.3,
        "netIncome": -317.2,
        "netIncomeAfterTaxes": -316.9,
        "nonRecurringItems": -474.9,
        "period": "2020-03-31",
        "pretaxIncome": -267.7,
        "provisionforIncomeTaxes": 49.2,
        "revenue": 2823.8,
        "sgaExpense": 445.7,
        "totalOperatingExpense": 445.7,
        "totalOtherIncomeExpenseNet": -13.3
      },
      {
        "costOfGoodsSold": 2132.7,
        "depreciationAmortization": 64.2,
        "dilutedAverageSharesOutstanding": 98,
        "dilutedEPS": 2.32,
        "ebit": 376,
        "grossIncome": 820.7,
        "interestExpense": 64.4,
        "interestIncomeExpense": -49.7,
        "minorityInterest": -0.2,
        "netIncome": 227.1,
        "netIncomeAfterTaxes": 227.3,
        "nonRecurringItems": -28.6,
        "period": "2019-12-31",
        "pretaxIncome": 292.9,
        "provisionforIncomeTaxes": 65.6,
        "revenue": 2953.4,
        "sgaExpense": 380.5,
        "totalOperatingExpense": 444.7,
        "totalOtherIncomeExpenseNet": -4.8
      },
      {
        "costOfGoodsSold": 2111.2,
        "depreciationAmortization": 61.7,
        "dilutedAverageSharesOutstanding": 98.3,
        "dilutedEPS": 2.25,
        "ebit": 368.8,
        "grossIncome": 817.3,
        "interestExpense": 60.5,
        "interestIncomeExpense": -49.5,
        "minorityInterest": -0.3,
        "netIncome": 220.7,
        "netIncomeAfterTaxes": 221,
        "nonRecurringItems": -36.3,
        "period": "2019-09-30",
        "pretaxIncome": 287.4,
        "provisionforIncomeTaxes": 66.4,
        "revenue": 2928.5,
        "sgaExpense": 386.8,
        "totalOperatingExpense": 448.5,
        "totalOtherIncomeExpenseNet": 4.4
      },
      {
        "costOfGoodsSold": 2056.9,
        "depreciationAmortization": 60.2,
        "dilutedAverageSharesOutstanding": 98.683,
        "dilutedEPS": 1.92,
        "ebit": 386.7,
        "grossIncome": 824.8,
        "interestExpense": 59.1,
        "interestIncomeExpense": -55.3,
        "minorityInterest": -0.3,
        "netIncome": 190.4,
        "netIncomeAfterTaxes": 190.7,
        "nonRecurringItems": -59.8,
        "period": "2019-06-30",
        "pretaxIncome": 269.9,
        "provisionforIncomeTaxes": 79.2,
        "revenue": 2881.7,
        "sgaExpense": 377.9,
        "totalOperatingExpense": 438.1,
        "totalOtherIncomeExpenseNet": -1.7
      },
      {
        "costOfGoodsSold": 2001.5,
        "depreciationAmortization": 57.1,
        "dilutedAverageSharesOutstanding": 99.5,
        "dilutedEPS": 1.87,
        "ebit": 354.3,
        "grossIncome": 789.7,
        "interestExpense": 56.7,
        "interestIncomeExpense": -57.8,
        "minorityInterest": -0.3,
        "netIncome": 185.6,
        "netIncomeAfterTaxes": 185.9,
        "nonRecurringItems": -36.1,
        "period": "2019-03-31",
        "pretaxIncome": 254.7,
        "provisionforIncomeTaxes": 68.8,
        "revenue": 2791.2,
        "sgaExpense": 378.3,
        "totalOperatingExpense": 435.4,
        "totalOtherIncomeExpenseNet": -5.7
      },
      {
        "costOfGoodsSold": 2015.1,
        "depreciationAmortization": 56.2,
        "dilutedAverageSharesOutstanding": 101.1,
        "dilutedEPS": 1.56,
        "ebit": 319.3,
        "grossIncome": 772.4,
        "interestExpense": 58.2,
        "interestIncomeExpense": -51.8,
        "minorityInterest": -0.3,
        "netIncome": 157.9,
        "netIncomeAfterTaxes": 188.2,
        "nonRecurringItems": -11.6,
        "period": "2018-12-31",
        "pretaxIncome": 214.5,
        "provisionforIncomeTaxes": 26.3,
        "revenue": 2787.5,
        "sgaExpense": 396.9,
        "totalOperatingExpense": 453.1,
        "totalOtherIncomeExpenseNet": -41.4
      },
      {
        "costOfGoodsSold": 2041.4,
        "depreciationAmortization": 54.7,
        "dilutedAverageSharesOutstanding": 102.7,
        "dilutedEPS": 3.1,
        "ebit": 353.4,
        "grossIncome": 789.9,
        "interestExpense": 59.4,
        "interestIncomeExpense": -53.6,
        "minorityInterest": -0.2,
        "netIncome": 318.8,
        "netIncomeAfterTaxes": 319,
        "nonRecurringItems": -10,
        "period": "2018-09-30",
        "pretaxIncome": 499.6,
        "provisionforIncomeTaxes": 180.6,
        "revenue": 2831.3,
        "sgaExpense": 381.8,
        "totalOperatingExpense": 436.5,
        "totalOtherIncomeExpenseNet": 209.8
      },
      {
        "costOfGoodsSold": 2031.2,
        "depreciationAmortization": 58.5,
        "dilutedAverageSharesOutstanding": 103.3,
        "dilutedEPS": 2.26,
        "ebit": 381.4,
        "grossIncome": 835.1,
        "interestExpense": 63.1,
        "interestIncomeExpense": -59.3,
        "minorityInterest": -0.3,
        "netIncome": 233.8,
        "netIncomeAfterTaxes": 234.1,
        "nonRecurringItems": -12.2,
        "period": "2018-06-30",
        "pretaxIncome": 312.7,
        "provisionforIncomeTaxes": 78.6,
        "revenue": 2866.3,
        "sgaExpense": 395.2,
        "totalOperatingExpense": 453.7,
        "totalOtherIncomeExpenseNet": 2.8
      },
      {
        "costOfGoodsSold": 2069.3,
        "depreciationAmortization": 62.3,
        "dilutedAverageSharesOutstanding": 103.4,
        "dilutedEPS": 1.67,
        "ebit": 319.7,
        "grossIncome": 779,
        "interestExpense": 63.5,
        "interestIncomeExpense": -60.4,
        "minorityInterest": 0.7,
        "netIncome": 173.2,
        "netIncomeAfterTaxes": 187.4,
        "nonRecurringItems": -14.3,
        "period": "2018-03-31",
        "pretaxIncome": 241.5,
        "provisionforIncomeTaxes": 54.1,
        "revenue": 2848.3,
        "sgaExpense": 397,
        "totalOperatingExpense": 459.3,
        "totalOtherIncomeExpenseNet": -3.5
      },
      {
        "costOfGoodsSold": 1927.6,
        "depreciationAmortization": 62.9,
        "dilutedAverageSharesOutstanding": 103.9,
        "dilutedEPS": 6.61,
        "ebit": 336.9,
        "grossIncome": 817.1,
        "interestExpense": 67.8,
        "interestIncomeExpense": -65.8,
        "minorityInterest": -2.4,
        "netIncome": 687.8,
        "netIncomeAfterTaxes": 171.2,
        "nonRecurringItems": -6.3,
        "period": "2017-12-31",
        "pretaxIncome": 266.2,
        "provisionforIncomeTaxes": 95,
        "revenue": 2744.7,
        "sgaExpense": 417.3,
        "totalOperatingExpense": 480.2,
        "totalOtherIncomeExpenseNet": 1.4
      },
      {
        "costOfGoodsSold": 1837.2,
        "depreciationAmortization": 54.6,
        "dilutedAverageSharesOutstanding": 103.7,
        "dilutedEPS": 1.65,
        "ebit": 348.3,
        "grossIncome": 784.2,
        "interestExpense": 59.9,
        "interestIncomeExpense": -56,
        "minorityInterest": -2.8,
        "netIncome": 171.5,
        "netIncomeAfterTaxes": 174.3,
        "nonRecurringItems": -21.6,
        "period": "2017-09-30",
        "pretaxIncome": 266.8,
        "provisionforIncomeTaxes": 92.5,
        "revenue": 2621.4,
        "sgaExpense": 381.3,
        "totalOperatingExpense": 435.9,
        "totalOtherIncomeExpenseNet": -3.9
      },
      {
        "costOfGoodsSold": 1750.2,
        "depreciationAmortization": 51.4,
        "dilutedAverageSharesOutstanding": 103.7,
        "dilutedEPS": 1.78,
        "ebit": 368.9,
        "grossIncome": 778,
        "interestExpense": 55,
        "interestIncomeExpense": -50.1,
        "minorityInterest": -0.3,
        "netIncome": 184.8,
        "netIncomeAfterTaxes": 185.1,
        "nonRecurringItems": -39.1,
        "period": "2017-06-30",
        "pretaxIncome": 279.2,
        "provisionforIncomeTaxes": 94.1,
        "revenue": 2528.2,
        "sgaExpense": 357.7,
        "totalOperatingExpense": 409.1,
        "totalOtherIncomeExpenseNet": -0.5
      },
      {
        "costOfGoodsSold": 1701.2,
        "depreciationAmortization": 47.6,
        "dilutedAverageSharesOutstanding": 104.3,
        "dilutedEPS": 1.75,
        "ebit": 322,
        "grossIncome": 712.5,
        "interestExpense": 52.4,
        "interestIncomeExpense": -49.8,
        "minorityInterest": -0.3,
        "netIncome": 183,
        "netIncomeAfterTaxes": 183.3,
        "nonRecurringItems": -3.9,
        "period": "2017-03-31",
        "pretaxIncome": 265.3,
        "provisionforIncomeTaxes": 82,
        "revenue": 2413.7,
        "sgaExpense": 342.9,
        "totalOperatingExpense": 390.5,
        "totalOtherIncomeExpenseNet": -3
      },
      {
        "costOfGoodsSold": 1878,
        "depreciationAmortization": 48.8,
        "dilutedAverageSharesOutstanding": 106.692,
        "dilutedEPS": 1.53,
        "ebit": 291.4,
        "grossIncome": 461.5,
        "interestExpense": 52.9,
        "interestIncomeExpense": -50.7,
        "minorityInterest": -0.2,
        "netIncome": 164.1,
        "netIncomeAfterTaxes": 164.3,
        "nonRecurringItems": -9.8,
        "period": "2016-12-31",
        "pretaxIncome": 244.7,
        "provisionforIncomeTaxes": 80.4,
        "revenue": 2339.5,
        "sgaExpense": 121.3,
        "totalOperatingExpense": 170.1,
        "totalOtherIncomeExpenseNet": 13.8
      },
      {
        "costOfGoodsSold": 1626.3,
        "depreciationAmortization": 41.1,
        "dilutedAverageSharesOutstanding": 104.9,
        "dilutedEPS": 1.71,
        "ebit": 346.8,
        "grossIncome": 788.4,
        "interestExpense": 58.2,
        "interestIncomeExpense": -55,
        "minorityInterest": -0.3,
        "netIncome": 179.5,
        "netIncomeAfterTaxes": 179.8,
        "nonRecurringItems": -22.8,
        "period": "2016-09-30",
        "pretaxIncome": 263.4,
        "provisionforIncomeTaxes": 83.6,
        "revenue": 2414.7,
        "sgaExpense": 400.5,
        "totalOperatingExpense": 441.6,
        "totalOtherIncomeExpenseNet": -5.6
      },
      {
        "costOfGoodsSold": 1603.9,
        "depreciationAmortization": 45.3,
        "dilutedAverageSharesOutstanding": 104.1,
        "dilutedEPS": 1.96,
        "ebit": 372.1,
        "grossIncome": 826.8,
        "interestExpense": 53.5,
        "interestIncomeExpense": -51.2,
        "minorityInterest": -0.3,
        "netIncome": 204.1,
        "netIncomeAfterTaxes": 204.4,
        "nonRecurringItems": -6.6,
        "period": "2016-06-30",
        "pretaxIncome": 311.9,
        "provisionforIncomeTaxes": 107.5,
        "revenue": 2430.7,
        "sgaExpense": 409.4,
        "totalOperatingExpense": 454.7,
        "totalOtherIncomeExpenseNet": -2.4
      },
      {
        "costOfGoodsSold": 1590.7,
        "depreciationAmortization": 44.3,
        "dilutedAverageSharesOutstanding": 103.8,
        "dilutedEPS": 1.58,
        "ebit": 318.7,
        "grossIncome": 777.3,
        "interestExpense": 54.5,
        "interestIncomeExpense": -52.6,
        "minorityInterest": -0.3,
        "netIncome": 164.1,
        "netIncomeAfterTaxes": 164.4,
        "nonRecurringItems": -19.2,
        "period": "2016-03-31",
        "pretaxIncome": 253.6,
        "provisionforIncomeTaxes": 89.2,
        "revenue": 2368,
        "sgaExpense": 414.3,
        "totalOperatingExpense": 458.6,
        "totalOtherIncomeExpenseNet": 6.7
      },
      {
        "costOfGoodsSold": 1559.9,
        "depreciationAmortization": 43.9,
        "dilutedAverageSharesOutstanding": 103.3,
        "dilutedEPS": 1.06,
        "ebit": 290.5,
        "grossIncome": 740.6,
        "interestExpense": 56.8,
        "interestIncomeExpense": -53.9,
        "minorityInterest": -0.2,
        "netIncome": 110,
        "netIncomeAfterTaxes": 110.2,
        "nonRecurringItems": -54,
        "period": "2015-12-31",
        "pretaxIncome": 179.2,
        "provisionforIncomeTaxes": 69,
        "revenue": 2300.5,
        "sgaExpense": 406.2,
        "totalOperatingExpense": 450.1,
        "totalOtherIncomeExpenseNet": -3.4
      },
      {
        "costOfGoodsSold": 1552.4,
        "depreciationAmortization": 44.9,
        "dilutedAverageSharesOutstanding": 102.9,
        "dilutedEPS": 1.5,
        "ebit": 334.4,
        "grossIncome": 764.9,
        "interestExpense": 55.9,
        "interestIncomeExpense": -53.4,
        "minorityInterest": -0.3,
        "netIncome": 154.7,
        "netIncomeAfterTaxes": 155,
        "nonRecurringItems": -26.3,
        "period": "2015-09-30",
        "pretaxIncome": 251.5,
        "provisionforIncomeTaxes": 96.5,
        "revenue": 2317.3,
        "sgaExpense": 385.6,
        "totalOperatingExpense": 430.5,
        "totalOtherIncomeExpenseNet": -3.2
      }
    ],
    "symbol": "LH"
  }
}