{
  "symbol": "NOW",
  "statement": "ic",
  "frequency": "annual",
  "timestamp": "2025-09-19T14:06:36.202177",
  "data": {
    "financials": [
      {
        "costOfGoodsSold": 2287,
        "dilutedAverageSharesOutstanding": 208.423,
        "dilutedEPS": 6.84,
        "ebit": 1364,
        "grossIncome": 8697,
        "interestExpense": 23,
        "interestIncomeExpense": 396,
        "netIncome": 1425,
        "netIncomeAfterTaxes": 1425,
        "period": "2024-12-31",
        "pretaxIncome": 1738,
        "provisionforIncomeTaxes": 313,
        "researchDevelopment": 2543,
        "revenue": 10984,
        "sgaExpense": 4790,
        "totalOperatingExpense": 7333,
        "totalOtherIncomeExpenseNet": -22,
        "year": 2024
      },
      {
        "costOfGoodsSold": 1921,
        "dilutedAverageSharesOutstanding": 205.591,
        "dilutedEPS": 8.42,
        "ebit": 762,
        "grossIncome": 7050,
        "interestExpense": 24,
        "interestIncomeExpense": 278,
        "netIncome": 1731,
        "netIncomeAfterTaxes": 1731,
        "period": "2023-12-31",
        "pretaxIncome": 1008,
        "provisionforIncomeTaxes": -723,
        "researchDevelopment": 2124,
        "revenue": 8971,
        "sgaExpense": 4164,
        "totalOperatingExpense": 6288,
        "totalOtherIncomeExpenseNet": -32,
        "year": 2023
      },
      {
        "costOfGoodsSold": 1573,
        "dilutedAverageSharesOutstanding": 203.535,
        "dilutedEPS": 1.6,
        "ebit": 355,
        "grossIncome": 5672,
        "interestExpense": 27,
        "interestIncomeExpense": 55,
        "netIncome": 325,
        "netIncomeAfterTaxes": 325,
        "period": "2022-12-31",
        "pretaxIncome": 399,
        "provisionforIncomeTaxes": 74,
        "researchDevelopment": 1768,
        "revenue": 7245,
        "sgaExpense": 3549,
        "totalOperatingExpense": 5317,
        "totalOtherIncomeExpenseNet": -11,
        "year": 2022
      },
      {
        "costOfGoodsSold": 1353,
        "dilutedAverageSharesOutstanding": 203.167,
        "dilutedEPS": 1.13,
        "ebit": 257,
        "grossIncome": 4543,
        "interestExpense": 28,
        "interestIncomeExpense": -8,
        "netIncome": 230,
        "netIncomeAfterTaxes": 230,
        "nonRecurringItems": -3,
        "period": "2021-12-31",
        "pretaxIncome": 249,
        "provisionforIncomeTaxes": 19,
        "researchDevelopment": 1397,
        "revenue": 5896,
        "sgaExpense": 2889,
        "totalOperatingExpense": 4286,
        "totalOtherIncomeExpenseNet": 3,
        "year": 2021
      },
      {
        "costOfGoodsSold": 987.113,
        "dilutedAverageSharesOutstanding": 202.478,
        "dilutedEPS": 0.59,
        "ebit": 198.863,
        "grossIncome": 3532.371,
        "interestExpense": 32.746,
        "interestIncomeExpense": -7.339,
        "netIncome": 118.503,
        "netIncomeAfterTaxes": 118.503,
        "nonRecurringItems": -46.614,
        "period": "2020-12-31",
        "pretaxIncome": 149.185,
        "provisionforIncomeTaxes": 30.682,
        "researchDevelopment": 1024.327,
        "revenue": 4519.484,
        "sgaExpense": 2309.181,
        "totalOperatingExpense": 3333.508,
        "totalOtherIncomeExpenseNet": 4.275,
        "year": 2020
      },
      {
        "costOfGoodsSold": 796.645,
        "dilutedAverageSharesOutstanding": 197.223,
        "dilutedEPS": 3.18,
        "ebit": 42.123,
        "grossIncome": 2663.792,
        "interestExpense": 33.283,
        "interestIncomeExpense": 21.532,
        "netIncome": 626.698,
        "netIncomeAfterTaxes": 626.698,
        "nonRecurringItems": 0,
        "period": "2019-12-31",
        "pretaxIncome": 67.185,
        "provisionforIncomeTaxes": -559.513,
        "researchDevelopment": 748.369,
        "revenue": 3460.437,
        "sgaExpense": 1873.3,
        "totalOperatingExpense": 2621.669,
        "totalOtherIncomeExpenseNet": 3.53,
        "year": 2019
      },
      {
        "costOfGoodsSold": 622.658,
        "dilutedAverageSharesOutstanding": 177.846,
        "dilutedEPS": -0.15,
        "ebit": -42.426,
        "grossIncome": 1986.158,
        "interestExpense": 52.733,
        "interestIncomeExpense": 7.806,
        "netIncome": -26.704,
        "netIncomeAfterTaxes": -26.704,
        "nonRecurringItems": -4.063,
        "period": "2018-12-31",
        "pretaxIncome": -39.024,
        "provisionforIncomeTaxes": -12.32,
        "researchDevelopment": 529.501,
        "revenue": 2608.816,
        "sgaExpense": 1499.083,
        "totalOperatingExpense": 2028.584,
        "totalOtherIncomeExpenseNet": -0.341,
        "year": 2018
      },
      {
        "costOfGoodsSold": 499.862,
        "dilutedAverageSharesOutstanding": 171.176,
        "dilutedEPS": -0.68,
        "ebit": -64.396,
        "grossIncome": 1418.632,
        "interestExpense": 53.394,
        "interestIncomeExpense": -48.825,
        "netIncome": -116.846,
        "netIncomeAfterTaxes": -116.846,
        "nonRecurringItems": 0,
        "period": "2017-12-31",
        "pretaxIncome": -113.406,
        "provisionforIncomeTaxes": 3.44,
        "researchDevelopment": 377.518,
        "revenue": 1918.494,
        "sgaExpense": 1105.51,
        "totalOperatingExpense": 1483.028,
        "totalOtherIncomeExpenseNet": -0.185,
        "year": 2017
      },
      {
        "costOfGoodsSold": 398.995,
        "dilutedAverageSharesOutstanding": 164.534,
        "dilutedEPS": -2.52,
        "ebit": -112.168,
        "grossIncome": 991.99,
        "interestExpense": 33.278,
        "interestIncomeExpense": -33.278,
        "netIncome": -414.249,
        "netIncomeAfterTaxes": -414.249,
        "nonRecurringItems": -270,
        "period": "2016-12-31",
        "pretaxIncome": -410.419,
        "provisionforIncomeTaxes": 3.83,
        "researchDevelopment": 285.239,
        "revenue": 1390.985,
        "sgaExpense": 818.919,
        "totalOperatingExpense": 1104.158,
        "totalOtherIncomeExpenseNet": 5.027,
        "year": 2016
      },
      {
        "costOfGoodsSold": 329.413,
        "dilutedAverageSharesOutstanding": 155.707,
        "dilutedEPS": -1.27,
        "ebit": -165.165,
        "grossIncome": 676.067,
        "interestExpense": 31.097,
        "interestIncomeExpense": -26.647,
        "netIncome": -198.426,
        "netIncomeAfterTaxes": -198.426,
        "nonRecurringItems": -1.2,
        "period": "2015-12-31",
        "pretaxIncome": -193.012,
        "provisionforIncomeTaxes": 5.414,
        "researchDevelopment": 217.389,
        "revenue": 1005.48,
        "sgaExpense": 623.843,
        "totalOperatingExpense": 841.232,
        "year": 2015
      }
    ],
    "symbol": "NOW"
  }
}