{
  "symbol": "QCOM",
  "statement": "ic",
  "frequency": "quarterly",
  "timestamp": "2025-09-19T14:05:58.731606",
  "data": {
    "financials": [
      {
        "costOfGoodsSold": 4606,
        "dilutedAverageSharesOutstanding": 1099,
        "dilutedEPS": 2.43,
        "ebit": 2762,
        "grossIncome": 5759,
        "interestExpense": 168,
        "interestIncomeExpense": 285,
        "netIncome": 2666,
        "netIncomeAfterTaxes": 2666,
        "nonRecurringItems": -52,
        "otherOperatingExpensesTotal": 0,
        "period": "2025-06-29",
        "pretaxIncome": 2952,
        "provisionforIncomeTaxes": 286,
        "researchDevelopment": 2226,
        "revenue": 10365,
        "sgaExpense": 771,
        "totalOperatingExpense": 2997,
        "totalOtherIncomeExpenseNet": -43
      },
      {
        "costOfGoodsSold": 4937,
        "dilutedAverageSharesOutstanding": 1115,
        "dilutedEPS": 2.52,
        "ebit": 3120,
        "grossIncome": 6042,
        "interestExpense": 163,
        "interestIncomeExpense": -17,
        "netIncome": 2812,
        "netIncomeAfterTaxes": 2812,
        "nonRecurringItems": -16,
        "otherOperatingExpensesTotal": 0,
        "period": "2025-03-30",
        "pretaxIncome": 3105,
        "provisionforIncomeTaxes": 293,
        "researchDevelopment": 2216,
        "revenue": 10979,
        "sgaExpense": 706,
        "totalOperatingExpense": 2922,
        "totalOtherIncomeExpenseNet": 18
      },
      {
        "costOfGoodsSold": 5161,
        "dilutedAverageSharesOutstanding": 1122,
        "dilutedEPS": 2.83,
        "ebit": 3555,
        "grossIncome": 6508,
        "interestExpense": 163,
        "interestIncomeExpense": 70,
        "netIncome": 3180,
        "netIncomeAfterTaxes": 3180,
        "nonRecurringItems": -24,
        "otherOperatingExpensesTotal": 0,
        "period": "2024-12-29",
        "pretaxIncome": 3635,
        "provisionforIncomeTaxes": 455,
        "researchDevelopment": 2230,
        "revenue": 11669,
        "sgaExpense": 723,
        "totalOperatingExpense": 2953,
        "totalOtherIncomeExpenseNet": 34
      },
      {
        "costOfGoodsSold": 4467,
        "dilutedAverageSharesOutstanding": 1130,
        "dilutedEPS": 2.58,
        "ebit": 2717,
        "grossIncome": 5777,
        "interestExpense": 180,
        "interestIncomeExpense": 53,
        "netIncome": 2920,
        "netIncomeAfterTaxes": 2915,
        "nonRecurringItems": -148,
        "otherOperatingExpensesTotal": -3,
        "period": "2024-09-29",
        "pretaxIncome": 2596,
        "provisionforIncomeTaxes": -319,
        "researchDevelopment": 2302,
        "revenue": 10244,
        "sgaExpense": 761,
        "totalOperatingExpense": 3060,
        "totalOtherIncomeExpenseNet": -26
      },
      {
        "costOfGoodsSold": 4174,
        "dilutedAverageSharesOutstanding": 1134,
        "dilutedEPS": 1.86,
        "ebit": 2296,
        "grossIncome": 5219,
        "interestExpense": 168,
        "interestIncomeExpense": 58,
        "netIncome": 2129,
        "netIncomeAfterTaxes": 2108,
        "nonRecurringItems": -80,
        "period": "2024-06-23",
        "pretaxIncome": 2279,
        "provisionforIncomeTaxes": 171,
        "researchDevelopment": 2259,
        "revenue": 9393,
        "sgaExpense": 664,
        "totalOperatingExpense": 2923,
        "totalOtherIncomeExpenseNet": 5
      },
      {
        "costOfGoodsSold": 4106,
        "dilutedAverageSharesOutstanding": 1130,
        "dilutedEPS": 2.05,
        "ebit": 2340,
        "grossIncome": 5283,
        "interestExpense": 172,
        "interestIncomeExpense": 202,
        "netIncome": 2326,
        "netIncomeAfterTaxes": 2275,
        "nonRecurringItems": -50,
        "period": "2024-03-24",
        "pretaxIncome": 2498,
        "provisionforIncomeTaxes": 223,
        "researchDevelopment": 2236,
        "revenue": 9389,
        "sgaExpense": 707,
        "totalOperatingExpense": 2943,
        "totalOtherIncomeExpenseNet": 6
      },
      {
        "costOfGoodsSold": 4312,
        "dilutedAverageSharesOutstanding": 1127,
        "dilutedEPS": 2.45,
        "ebit": 2900,
        "grossIncome": 5623,
        "interestExpense": 178,
        "interestIncomeExpense": 53,
        "netIncome": 2767,
        "netIncomeAfterTaxes": 2811,
        "nonRecurringItems": 16,
        "period": "2023-12-24",
        "pretaxIncome": 2962,
        "provisionforIncomeTaxes": 151,
        "researchDevelopment": 2096,
        "revenue": 9935,
        "sgaExpense": 627,
        "totalOperatingExpense": 2723,
        "totalOtherIncomeExpenseNet": -7
      },
      {
        "costOfGoodsSold": 3880,
        "dilutedAverageSharesOutstanding": 1126,
        "dilutedEPS": 1.32,
        "ebit": 1987,
        "grossIncome": 4751,
        "interestExpense": 173,
        "interestIncomeExpense": 20,
        "netIncome": 1490,
        "netIncomeAfterTaxes": 1629,
        "nonRecurringItems": -589,
        "period": "2023-09-24",
        "pretaxIncome": 1420,
        "provisionforIncomeTaxes": -209,
        "researchDevelopment": 2135,
        "revenue": 8631,
        "sgaExpense": 629,
        "totalOperatingExpense": 2764,
        "totalOtherIncomeExpenseNet": 2
      },
      {
        "costOfGoodsSold": 3792,
        "dilutedAverageSharesOutstanding": 1124,
        "dilutedEPS": 1.6,
        "ebit": 1820,
        "grossIncome": 4659,
        "interestExpense": 172,
        "interestIncomeExpense": -51,
        "netIncome": 1803,
        "netIncomeAfterTaxes": 1735,
        "nonRecurringItems": -16,
        "otherOperatingExpensesTotal": -1,
        "period": "2023-06-25",
        "pretaxIncome": 1757,
        "provisionforIncomeTaxes": 22,
        "researchDevelopment": 2222,
        "revenue": 8451,
        "sgaExpense": 618,
        "totalOperatingExpense": 2839,
        "totalOtherIncomeExpenseNet": 4
      },
      {
        "costOfGoodsSold": 4153,
        "dilutedAverageSharesOutstanding": 1123,
        "dilutedEPS": 1.52,
        "ebit": 2298,
        "grossIncome": 5122,
        "interestExpense": 179,
        "interestIncomeExpense": -90,
        "netIncome": 1704,
        "netIncomeAfterTaxes": 1702,
        "nonRecurringItems": -295,
        "period": "2023-03-27",
        "pretaxIncome": 1895,
        "provisionforIncomeTaxes": 193,
        "researchDevelopment": 2210,
        "revenue": 9275,
        "sgaExpense": 614,
        "totalOperatingExpense": 2824,
        "totalOtherIncomeExpenseNet": -18
      },
      {
        "costOfGoodsSold": 4044,
        "dilutedAverageSharesOutstanding": 1131,
        "dilutedEPS": 1.97,
        "ebit": 2545,
        "grossIncome": 5419,
        "interestExpense": 170,
        "interestIncomeExpense": -80,
        "netIncome": 2235,
        "netIncomeAfterTaxes": 2273,
        "nonRecurringItems": -94,
        "period": "2022-12-25",
        "pretaxIncome": 2371,
        "provisionforIncomeTaxes": 98,
        "researchDevelopment": 2251,
        "revenue": 9463,
        "sgaExpense": 623,
        "totalOperatingExpense": 2874
      },
      {
        "costOfGoodsSold": 4868,
        "dilutedAverageSharesOutstanding": 1131,
        "dilutedEPS": 2.54,
        "ebit": 3666,
        "grossIncome": 6527,
        "interestExpense": 145,
        "interestIncomeExpense": -190,
        "netIncome": 2873,
        "netIncomeAfterTaxes": 2923,
        "nonRecurringItems": -6,
        "period": "2022-09-25",
        "pretaxIncome": 3470,
        "provisionforIncomeTaxes": 547,
        "researchDevelopment": 2178,
        "revenue": 11395,
        "sgaExpense": 683,
        "totalOperatingExpense": 2861
      },
      {
        "costOfGoodsSold": 4816,
        "dilutedAverageSharesOutstanding": 1134,
        "dilutedEPS": 3.29,
        "ebit": 3413,
        "grossIncome": 6120,
        "interestExpense": 70,
        "interestIncomeExpense": -213,
        "netIncome": 3730,
        "netIncomeAfterTaxes": 3730,
        "nonRecurringItems": 1039,
        "period": "2022-06-26",
        "pretaxIncome": 4239,
        "provisionforIncomeTaxes": 509,
        "researchDevelopment": 2052,
        "revenue": 10936,
        "sgaExpense": 655,
        "totalOperatingExpense": 2707
      },
      {
        "costOfGoodsSold": 4648,
        "dilutedAverageSharesOutstanding": 1140,
        "dilutedEPS": 2.57,
        "ebit": 3858,
        "grossIncome": 6516,
        "interestExpense": 137,
        "interestIncomeExpense": -415,
        "netIncome": 2934,
        "netIncomeAfterTaxes": 2934,
        "nonRecurringItems": -20,
        "period": "2022-03-27",
        "pretaxIncome": 3423,
        "provisionforIncomeTaxes": 489,
        "researchDevelopment": 2034,
        "revenue": 11164,
        "sgaExpense": 624,
        "totalOperatingExpense": 2658
      },
      {
        "costOfGoodsSold": 4303,
        "dilutedAverageSharesOutstanding": 1142,
        "dilutedEPS": 2.98,
        "ebit": 3864,
        "grossIncome": 6402,
        "interestExpense": 139,
        "interestIncomeExpense": 2,
        "netIncome": 3399,
        "netIncomeAfterTaxes": 3399,
        "nonRecurringItems": -1,
        "period": "2021-12-26",
        "pretaxIncome": 3865,
        "provisionforIncomeTaxes": 466,
        "researchDevelopment": 1930,
        "revenue": 10705,
        "sgaExpense": 608,
        "totalOperatingExpense": 2538
      },
      {
        "costOfGoodsSold": 3937,
        "dilutedAverageSharesOutstanding": 1143,
        "dilutedEPS": 2.45,
        "ebit": 2902,
        "grossIncome": 5399,
        "interestExpense": 138,
        "interestIncomeExpense": 392,
        "netIncome": 2798,
        "netIncomeAfterTaxes": 2798,
        "nonRecurringItems": -9,
        "period": "2021-09-26",
        "pretaxIncome": 3285,
        "provisionforIncomeTaxes": 487,
        "researchDevelopment": 1879,
        "revenue": 9336,
        "sgaExpense": 618,
        "totalOperatingExpense": 2497
      },
      {
        "costOfGoodsSold": 3404,
        "dilutedAverageSharesOutstanding": 1145,
        "dilutedEPS": 1.77,
        "ebit": 2195,
        "grossIncome": 4656,
        "interestExpense": 138,
        "interestIncomeExpense": 69,
        "netIncome": 2027,
        "netIncomeAfterTaxes": 2027,
        "nonRecurringItems": -7,
        "period": "2021-06-27",
        "pretaxIncome": 2257,
        "provisionforIncomeTaxes": 230,
        "researchDevelopment": 1864,
        "revenue": 8060,
        "sgaExpense": 597,
        "totalOperatingExpense": 2461
      },
      {
        "costOfGoodsSold": 3432,
        "dilutedAverageSharesOutstanding": 1151,
        "dilutedEPS": 1.53,
        "ebit": 2166,
        "grossIncome": 4503,
        "interestExpense": 141,
        "interestIncomeExpense": -22,
        "netIncome": 1762,
        "netIncomeAfterTaxes": 1762,
        "nonRecurringItems": -15,
        "period": "2021-03-28",
        "pretaxIncome": 2129,
        "provisionforIncomeTaxes": 367,
        "researchDevelopment": 1780,
        "revenue": 7935,
        "sgaExpense": 557,
        "totalOperatingExpense": 2337
      },
      {
        "costOfGoodsSold": 3489,
        "dilutedAverageSharesOutstanding": 1156,
        "dilutedEPS": 2.12,
        "ebit": 2526,
        "grossIncome": 4746,
        "interestExpense": 141,
        "interestIncomeExpense": 79,
        "netIncome": 2455,
        "netIncomeAfterTaxes": 2455,
        "nonRecurringItems": -1,
        "period": "2020-12-27",
        "pretaxIncome": 2604,
        "provisionforIncomeTaxes": 149,
        "researchDevelopment": 1653,
        "revenue": 8235,
        "sgaExpense": 567,
        "totalOperatingExpense": 2220
      },
      {
        "costOfGoodsSold": 2766,
        "dilutedAverageSharesOutstanding": 1146,
        "dilutedEPS": 2.58,
        "ebit": 1647,
        "grossIncome": 3780,
        "interestExpense": 166,
        "interestIncomeExpense": -90,
        "netIncome": 2960,
        "netIncomeAfterTaxes": 2960,
        "nonRecurringItems": 1749,
        "period": "2020-09-27",
        "pretaxIncome": 3306,
        "provisionforIncomeTaxes": 346,
        "researchDevelopment": 1582,
        "revenue": 6546,
        "sgaExpense": 551,
        "totalOperatingExpense": 2133
      },
      {
        "costOfGoodsSold": 2080,
        "dilutedAverageSharesOutstanding": 1139,
        "dilutedEPS": 0.74,
        "ebit": 782,
        "grossIncome": 2813,
        "interestExpense": 143,
        "interestIncomeExpense": 98,
        "netIncome": 845,
        "netIncomeAfterTaxes": 845,
        "nonRecurringItems": -12,
        "otherOperatingExpensesTotal": 0,
        "period": "2020-06-28",
        "pretaxIncome": 868,
        "provisionforIncomeTaxes": 23,
        "researchDevelopment": 1520,
        "revenue": 4893,
        "sgaExpense": 511,
        "totalOperatingExpense": 2031
      },
      {
        "costOfGoodsSold": 2297,
        "dilutedAverageSharesOutstanding": 1151,
        "dilutedEPS": 0.41,
        "ebit": 968,
        "grossIncome": 2919,
        "interestExpense": 146,
        "interestIncomeExpense": -128,
        "netIncome": 468,
        "netIncomeAfterTaxes": 468,
        "nonRecurringItems": -242,
        "period": "2020-03-29",
        "pretaxIncome": 598,
        "provisionforIncomeTaxes": 130,
        "researchDevelopment": 1468,
        "revenue": 5216,
        "sgaExpense": 483,
        "totalOperatingExpense": 1951
      },
      {
        "costOfGoodsSold": 2113,
        "dilutedAverageSharesOutstanding": 1159,
        "dilutedEPS": 0.8,
        "ebit": 1030,
        "grossIncome": 2964,
        "interestExpense": 148,
        "interestIncomeExpense": -83,
        "netIncome": 925,
        "netIncomeAfterTaxes": 925,
        "otherOperatingExpensesTotal": 0,
        "period": "2019-12-29",
        "pretaxIncome": 947,
        "provisionforIncomeTaxes": 22,
        "researchDevelopment": 1406,
        "revenue": 5077,
        "sgaExpense": 528,
        "totalOperatingExpense": 1934
      },
      {
        "costOfGoodsSold": 2118,
        "dilutedAverageSharesOutstanding": 1208,
        "dilutedEPS": 0.42,
        "ebit": 706,
        "grossIncome": 2696,
        "interestExpense": 150,
        "interestIncomeExpense": -62,
        "minorityInterest": 0,
        "netIncome": 506,
        "netIncomeAfterTaxes": 506,
        "nonRecurringItems": -30,
        "period": "2019-09-29",
        "pretaxIncome": 614,
        "provisionforIncomeTaxes": 108,
        "researchDevelopment": 1441,
        "revenue": 4814,
        "sgaExpense": 549,
        "totalOperatingExpense": 1990
      },
      {
        "costOfGoodsSold": 2018,
        "dilutedAverageSharesOutstanding": 1231,
        "dilutedEPS": 1.75,
        "ebit": 1000,
        "grossIncome": 2917,
        "interestExpense": 160,
        "interestIncomeExpense": 226,
        "netIncome": 2149,
        "netIncomeAfterTaxes": 2149,
        "nonRecurringItems": 4275,
        "period": "2019-06-30",
        "pretaxIncome": 5501,
        "provisionforIncomeTaxes": 3352,
        "researchDevelopment": 1379,
        "revenue": 4935,
        "sgaExpense": 538,
        "totalOperatingExpense": 1917
      },
      {
        "costOfGoodsSold": 2080,
        "dilutedAverageSharesOutstanding": 1217,
        "dilutedEPS": 0.54,
        "ebit": 1029,
        "grossIncome": 2902,
        "interestExpense": 162,
        "interestIncomeExpense": -74,
        "netIncome": 663,
        "netIncomeAfterTaxes": 663,
        "nonRecurringItems": -149,
        "period": "2019-03-31",
        "pretaxIncome": 806,
        "provisionforIncomeTaxes": 143,
        "researchDevelopment": 1307,
        "revenue": 4982,
        "sgaExpense": 566,
        "totalOperatingExpense": 1873
      },
      {
        "costOfGoodsSold": 2085,
        "dilutedAverageSharesOutstanding": 1223,
        "dilutedEPS": 0.87,
        "ebit": 970,
        "grossIncome": 2757,
        "interestExpense": 156,
        "interestIncomeExpense": -142,
        "netIncome": 1068,
        "netIncomeAfterTaxes": 1068,
        "nonRecurringItems": -269,
        "period": "2018-12-30",
        "pretaxIncome": 559,
        "provisionforIncomeTaxes": -509,
        "researchDevelopment": 1268,
        "revenue": 4842,
        "sgaExpense": 519,
        "totalOperatingExpense": 1787
      },
      {
        "costOfGoodsSold": 2850,
        "dilutedAverageSharesOutstanding": 1415,
        "dilutedEPS": -0.36,
        "ebit": -1148,
        "grossIncome": 2928,
        "interestExpense": 207,
        "interestIncomeExpense": -87,
        "minorityInterest": 0,
        "netIncome": -513,
        "netIncomeAfterTaxes": -509,
        "nonRecurringItems": 434,
        "otherOperatingExpensesTotal": 1999,
        "period": "2018-09-30",
        "pretaxIncome": -801,
        "provisionforIncomeTaxes": -292,
        "researchDevelopment": 1388,
        "revenue": 5778,
        "sgaExpense": 689,
        "totalOperatingExpense": 4076
      },
      {
        "costOfGoodsSold": 2364,
        "dilutedAverageSharesOutstanding": 1487,
        "dilutedEPS": 0.8,
        "ebit": 1164,
        "grossIncome": 3213,
        "interestExpense": 212,
        "interestIncomeExpense": 50,
        "netIncome": 1202,
        "netIncomeAfterTaxes": 1083,
        "nonRecurringItems": -280,
        "period": "2018-06-24",
        "pretaxIncome": 934,
        "provisionforIncomeTaxes": -149,
        "researchDevelopment": 1414,
        "revenue": 5577,
        "sgaExpense": 635,
        "totalOperatingExpense": 2049
      },
      {
        "costOfGoodsSold": 2137,
        "dilutedAverageSharesOutstanding": 1494,
        "dilutedEPS": 0.21,
        "ebit": 1028,
        "grossIncome": 3083,
        "interestExpense": 179,
        "interestIncomeExpense": -72,
        "netIncome": 330,
        "netIncomeAfterTaxes": 320,
        "nonRecurringItems": -639,
        "period": "2018-03-25",
        "pretaxIncome": 317,
        "provisionforIncomeTaxes": -3,
        "researchDevelopment": 1400,
        "revenue": 5220,
        "sgaExpense": 655,
        "totalOperatingExpense": 2055
      },
      {
        "costOfGoodsSold": 2557,
        "dilutedAverageSharesOutstanding": 1477,
        "dilutedEPS": -4.05,
        "ebit": 1380,
        "grossIncome": 3478,
        "interestExpense": 170,
        "interestIncomeExpense": -47,
        "netIncome": -5983,
        "netIncomeAfterTaxes": -5416,
        "nonRecurringItems": -1393,
        "otherOperatingExpensesTotal": -17,
        "period": "2017-12-24",
        "pretaxIncome": -60,
        "provisionforIncomeTaxes": 5356,
        "researchDevelopment": 1418,
        "revenue": 6035,
        "sgaExpense": 697,
        "totalOperatingExpense": 2098
      },
      {
        "costOfGoodsSold": 2652,
        "dilutedAverageSharesOutstanding": 1487,
        "dilutedEPS": 0.1,
        "ebit": 1080,
        "grossIncome": 3219,
        "interestExpense": 164,
        "interestIncomeExpense": 115,
        "minorityInterest": 0,
        "netIncome": 148,
        "netIncomeAfterTaxes": 148,
        "nonRecurringItems": -794,
        "period": "2017-09-24",
        "pretaxIncome": 401,
        "provisionforIncomeTaxes": 253,
        "researchDevelopment": 1398,
        "revenue": 5871,
        "sgaExpense": 741,
        "totalOperatingExpense": 2139
      },
      {
        "costOfGoodsSold": 2349,
        "dilutedAverageSharesOutstanding": 1491,
        "dilutedEPS": 0.58,
        "ebit": 1000,
        "grossIncome": 3022,
        "interestExpense": 133,
        "interestIncomeExpense": 100,
        "minorityInterest": 1,
        "netIncome": 866,
        "netIncomeAfterTaxes": 865,
        "nonRecurringItems": -242,
        "otherOperatingExpensesTotal": 1,
        "period": "2017-06-25",
        "pretaxIncome": 858,
        "provisionforIncomeTaxes": -7,
        "researchDevelopment": 1388,
        "revenue": 5371,
        "sgaExpense": 633,
        "totalOperatingExpense": 2022
      },
      {
        "costOfGoodsSold": 2102,
        "dilutedAverageSharesOutstanding": 1489,
        "dilutedEPS": 0.5,
        "ebit": 982,
        "grossIncome": 2914,
        "interestExpense": 107,
        "interestIncomeExpense": 133,
        "minorityInterest": 0,
        "netIncome": 749,
        "netIncomeAfterTaxes": 749,
        "nonRecurringItems": -258,
        "period": "2017-03-26",
        "pretaxIncome": 857,
        "provisionforIncomeTaxes": 108,
        "researchDevelopment": 1374,
        "revenue": 5016,
        "sgaExpense": 558,
        "totalOperatingExpense": 1932
      },
      {
        "costOfGoodsSold": 2359,
        "dilutedAverageSharesOutstanding": 1495,
        "dilutedEPS": 0.46,
        "ebit": 1802,
        "grossIncome": 3640,
        "interestExpense": 90,
        "interestIncomeExpense": 235,
        "minorityInterest": 1,
        "netIncome": 682,
        "netIncomeAfterTaxes": 681,
        "nonRecurringItems": -1167,
        "period": "2016-12-25",
        "pretaxIncome": 870,
        "provisionforIncomeTaxes": 189,
        "researchDevelopment": 1308,
        "revenue": 5999,
        "sgaExpense": 530,
        "totalOperatingExpense": 1838
      },
      {
        "costOfGoodsSold": 2450,
        "dilutedAverageSharesOutstanding": 1492,
        "dilutedEPS": 1.07,
        "ebit": 1577,
        "grossIncome": 3734,
        "interestExpense": 76,
        "interestIncomeExpense": 190,
        "minorityInterest": 0,
        "netIncome": 1599,
        "netIncomeAfterTaxes": 1599,
        "nonRecurringItems": 193,
        "otherOperatingExpensesTotal": 404,
        "period": "2016-09-25",
        "pretaxIncome": 1960,
        "provisionforIncomeTaxes": 361,
        "researchDevelopment": 1226,
        "revenue": 6184,
        "sgaExpense": 527,
        "totalOperatingExpense": 2157
      },
      {
        "costOfGoodsSold": 2435,
        "dilutedAverageSharesOutstanding": 1486,
        "dilutedEPS": 0.97,
        "ebit": 1762,
        "grossIncome": 3609,
        "interestExpense": 75,
        "interestIncomeExpense": 134,
        "minorityInterest": 1,
        "netIncome": 1444,
        "netIncomeAfterTaxes": 1443,
        "nonRecurringItems": -203,
        "period": "2016-06-26",
        "pretaxIncome": 1693,
        "provisionforIncomeTaxes": 250,
        "researchDevelopment": 1266,
        "revenue": 6044,
        "sgaExpense": 581,
        "totalOperatingExpense": 1847
      },
      {
        "costOfGoodsSold": 2036,
        "dilutedAverageSharesOutstanding": 1498,
        "dilutedEPS": 0.78,
        "ebit": 1638,
        "grossIncome": 3515,
        "interestExpense": 72,
        "interestIncomeExpense": 98,
        "minorityInterest": 0,
        "netIncome": 1164,
        "netIncomeAfterTaxes": 1164,
        "nonRecurringItems": -266,
        "period": "2016-03-27",
        "pretaxIncome": 1470,
        "provisionforIncomeTaxes": 306,
        "researchDevelopment": 1299,
        "revenue": 5551,
        "sgaExpense": 578,
        "totalOperatingExpense": 1877
      },
      {
        "costOfGoodsSold": 2394,
        "dilutedAverageSharesOutstanding": 1517,
        "dilutedEPS": 0.99,
        "ebit": 1554,
        "grossIncome": 3381,
        "interestExpense": 74,
        "interestIncomeExpense": 88,
        "minorityInterest": 2,
        "netIncome": 1498,
        "netIncomeAfterTaxes": 1496,
        "nonRecurringItems": 68,
        "otherOperatingExpensesTotal": -48,
        "period": "2015-12-27",
        "pretaxIncome": 1710,
        "provisionforIncomeTaxes": 214,
        "researchDevelopment": 1349,
        "revenue": 5775,
        "sgaExpense": 526,
        "totalOperatingExpense": 1827
      },
      {
        "costOfGoodsSold": 2164,
        "dilutedAverageSharesOutstanding": 1573,
        "dilutedEPS": 0.68,
        "ebit": 1258,
        "grossIncome": 3292,
        "interestExpense": 104,
        "interestIncomeExpense": 150,
        "minorityInterest": 1,
        "netIncome": 1062,
        "netIncomeAfterTaxes": 1061,
        "nonRecurringItems": -157,
        "otherOperatingExpensesTotal": 52,
        "period": "2015-09-27",
        "pretaxIncome": 1251,
        "provisionforIncomeTaxes": 190,
        "researchDevelopment": 1354,
        "revenue": 5456,
        "sgaExpense": 628,
        "totalOperatingExpense": 2034
      }
    ],
    "symbol": "QCOM"
  }
}