{
  "symbol": "CPB",
  "statement": "ic",
  "frequency": "quarterly",
  "timestamp": "2025-09-19T13:57:20.689294",
  "data": {
    "financials": [
      {
        "costOfGoodsSold": 1612,
        "dilutedAverageSharesOutstanding": 299,
        "dilutedEPS": 0.485,
        "ebit": 294,
        "grossIncome": 709,
        "interestIncomeExpense": -82,
        "netIncome": 145,
        "netIncomeAfterTaxes": 145,
        "nonRecurringItems": -28,
        "otherOperatingExpensesTotal": 29,
        "period": "2025-08-03",
        "pretaxIncome": 184,
        "provisionforIncomeTaxes": 39,
        "researchDevelopment": 26,
        "revenue": 2321,
        "sgaExpense": 360,
        "totalOperatingExpense": 415
      },
      {
        "costOfGoodsSold": 1740,
        "depreciationAmortization": 19,
        "dilutedAverageSharesOutstanding": 299,
        "dilutedEPS": 0.2207,
        "ebit": 331,
        "grossIncome": 735,
        "interestExpense": 85,
        "interestIncomeExpense": -80,
        "minorityInterest": 0,
        "netIncome": 66,
        "netIncomeAfterTaxes": 66,
        "nonRecurringItems": -170,
        "otherOperatingExpensesTotal": -8,
        "period": "2025-04-27",
        "pretaxIncome": 81,
        "provisionforIncomeTaxes": 15,
        "researchDevelopment": 22,
        "revenue": 2475,
        "sgaExpense": 371,
        "totalOperatingExpense": 404
      },
      {
        "costOfGoodsSold": 1856,
        "depreciationAmortization": 19,
        "dilutedAverageSharesOutstanding": 299,
        "dilutedEPS": 0.5786,
        "ebit": 377,
        "grossIncome": 829,
        "interestExpense": 88,
        "interestIncomeExpense": -80,
        "minorityInterest": 0,
        "netIncome": 173,
        "netIncomeAfterTaxes": 173,
        "nonRecurringItems": -50,
        "otherOperatingExpensesTotal": -3,
        "period": "2025-01-26",
        "pretaxIncome": 247,
        "provisionforIncomeTaxes": 74,
        "researchDevelopment": 24,
        "revenue": 2685,
        "sgaExpense": 412,
        "totalOperatingExpense": 452
      },
      {
        "costOfGoodsSold": 1897,
        "depreciationAmortization": 20,
        "dilutedAverageSharesOutstanding": 301,
        "dilutedEPS": 0.7242,
        "ebit": 418,
        "grossIncome": 875,
        "interestExpense": 87,
        "interestIncomeExpense": -83,
        "minorityInterest": 0,
        "netIncome": 218,
        "netIncomeAfterTaxes": 218,
        "nonRecurringItems": -51,
        "otherOperatingExpensesTotal": -1,
        "period": "2024-10-27",
        "pretaxIncome": 284,
        "provisionforIncomeTaxes": 66,
        "researchDevelopment": 25,
        "revenue": 2772,
        "sgaExpense": 413,
        "totalOperatingExpense": 457
      },
      {
        "costOfGoodsSold": 1601,
        "depreciationAmortization": 21,
        "dilutedAverageSharesOutstanding": 298,
        "dilutedEPS": -0.01,
        "ebit": 251,
        "grossIncome": 692,
        "interestExpense": 84,
        "interestIncomeExpense": -83,
        "netIncome": -3,
        "netIncomeAfterTaxes": -3,
        "nonRecurringItems": -174,
        "otherOperatingExpensesTotal": 31,
        "period": "2024-07-28",
        "pretaxIncome": -6,
        "provisionforIncomeTaxes": -3,
        "researchDevelopment": 26,
        "revenue": 2293,
        "sgaExpense": 363,
        "totalOperatingExpense": 441
      },
      {
        "costOfGoodsSold": 1634,
        "depreciationAmortization": 18,
        "dilutedAverageSharesOutstanding": 300,
        "dilutedEPS": 0.44,
        "ebit": 295,
        "grossIncome": 735,
        "interestExpense": 70,
        "interestIncomeExpense": -66,
        "minorityInterest": 0,
        "netIncome": 133,
        "netIncomeAfterTaxes": 133,
        "nonRecurringItems": -47,
        "otherOperatingExpensesTotal": -4,
        "period": "2024-04-28",
        "pretaxIncome": 182,
        "provisionforIncomeTaxes": 49,
        "researchDevelopment": 26,
        "revenue": 2369,
        "sgaExpense": 400,
        "totalOperatingExpense": 440
      },
      {
        "costOfGoodsSold": 1677,
        "depreciationAmortization": 17,
        "dilutedAverageSharesOutstanding": 299,
        "dilutedEPS": 0.68,
        "ebit": 363,
        "grossIncome": 779,
        "interestExpense": 46,
        "interestIncomeExpense": -46,
        "minorityInterest": 0,
        "netIncome": 203,
        "netIncomeAfterTaxes": 203,
        "nonRecurringItems": -46,
        "otherOperatingExpensesTotal": -1,
        "period": "2024-01-28",
        "pretaxIncome": 271,
        "provisionforIncomeTaxes": 68,
        "researchDevelopment": 24,
        "revenue": 2456,
        "sgaExpense": 376,
        "totalOperatingExpense": 416
      },
      {
        "costOfGoodsSold": 1727,
        "depreciationAmortization": 17,
        "dilutedAverageSharesOutstanding": 299,
        "dilutedEPS": 0.78,
        "ebit": 378,
        "grossIncome": 791,
        "interestExpense": 49,
        "interestIncomeExpense": -48,
        "minorityInterest": 0,
        "netIncome": 234,
        "netIncomeAfterTaxes": 234,
        "nonRecurringItems": -20,
        "otherOperatingExpensesTotal": 0,
        "period": "2023-10-29",
        "pretaxIncome": 310,
        "provisionforIncomeTaxes": 76,
        "researchDevelopment": 23,
        "revenue": 2518,
        "sgaExpense": 373,
        "totalOperatingExpense": 413
      },
      {
        "costOfGoodsSold": 1406,
        "depreciationAmortization": 17,
        "dilutedAverageSharesOutstanding": 301,
        "dilutedEPS": 0.56,
        "ebit": 306,
        "grossIncome": 662,
        "interestExpense": 49,
        "interestIncomeExpense": -47,
        "minorityInterest": 0,
        "netIncome": 169,
        "netIncomeAfterTaxes": 169,
        "nonRecurringItems": -34,
        "otherOperatingExpensesTotal": -44,
        "period": "2023-07-30",
        "pretaxIncome": 225,
        "provisionforIncomeTaxes": 56,
        "researchDevelopment": 25,
        "revenue": 2068,
        "sgaExpense": 358,
        "totalOperatingExpense": 356
      },
      {
        "costOfGoodsSold": 1549,
        "depreciationAmortization": 10,
        "dilutedAverageSharesOutstanding": 301,
        "dilutedEPS": 0.53,
        "ebit": 287,
        "grossIncome": 680,
        "interestExpense": 47,
        "interestIncomeExpense": -46,
        "minorityInterest": 0,
        "netIncome": 160,
        "netIncomeAfterTaxes": 160,
        "nonRecurringItems": -33,
        "otherOperatingExpensesTotal": 13,
        "period": "2023-04-30",
        "pretaxIncome": 208,
        "provisionforIncomeTaxes": 48,
        "researchDevelopment": 22,
        "revenue": 2229,
        "sgaExpense": 348,
        "totalOperatingExpense": 393
      },
      {
        "costOfGoodsSold": 1726,
        "depreciationAmortization": 10,
        "dilutedAverageSharesOutstanding": 301,
        "dilutedEPS": 0.77,
        "ebit": 364,
        "grossIncome": 759,
        "interestExpense": 45,
        "interestIncomeExpense": -45,
        "minorityInterest": 0,
        "netIncome": 232,
        "netIncomeAfterTaxes": 232,
        "nonRecurringItems": -14,
        "otherOperatingExpensesTotal": -10,
        "period": "2023-01-29",
        "pretaxIncome": 305,
        "provisionforIncomeTaxes": 73,
        "researchDevelopment": 21,
        "revenue": 2485,
        "sgaExpense": 374,
        "totalOperatingExpense": 395
      },
      {
        "costOfGoodsSold": 1741,
        "depreciationAmortization": 11,
        "dilutedAverageSharesOutstanding": 301,
        "dilutedEPS": 0.99,
        "ebit": 439,
        "grossIncome": 834,
        "interestExpense": 47,
        "interestIncomeExpense": -46,
        "minorityInterest": 0,
        "netIncome": 297,
        "netIncomeAfterTaxes": 297,
        "nonRecurringItems": -3,
        "otherOperatingExpensesTotal": 7,
        "period": "2022-10-30",
        "pretaxIncome": 390,
        "provisionforIncomeTaxes": 93,
        "researchDevelopment": 21,
        "revenue": 2575,
        "sgaExpense": 356,
        "totalOperatingExpense": 395
      },
      {
        "costOfGoodsSold": 1416,
        "depreciationAmortization": 10,
        "dilutedAverageSharesOutstanding": 299,
        "dilutedEPS": 0.32,
        "ebit": 186,
        "grossIncome": 571,
        "interestExpense": 45,
        "interestIncomeExpense": -45,
        "minorityInterest": 0,
        "netIncome": 96,
        "netIncomeAfterTaxes": 96,
        "nonRecurringItems": -16,
        "otherOperatingExpensesTotal": 21,
        "period": "2022-07-31",
        "pretaxIncome": 125,
        "provisionforIncomeTaxes": 29,
        "researchDevelopment": 23,
        "revenue": 1987,
        "sgaExpense": 331,
        "totalOperatingExpense": 385
      },
      {
        "costOfGoodsSold": 1464,
        "depreciationAmortization": 10,
        "dilutedAverageSharesOutstanding": 302,
        "dilutedEPS": 0.62,
        "ebit": 300,
        "grossIncome": 666,
        "interestExpense": 51,
        "interestIncomeExpense": -50,
        "minorityInterest": 0,
        "netIncome": 188,
        "netIncomeAfterTaxes": 188,
        "nonRecurringItems": -6,
        "otherOperatingExpensesTotal": 0,
        "period": "2022-05-01",
        "pretaxIncome": 244,
        "provisionforIncomeTaxes": 56,
        "researchDevelopment": 22,
        "revenue": 2130,
        "sgaExpense": 334,
        "totalOperatingExpense": 366
      },
      {
        "costOfGoodsSold": 1538,
        "depreciationAmortization": 10,
        "dilutedAverageSharesOutstanding": 303,
        "dilutedEPS": 0.7,
        "ebit": 318,
        "grossIncome": 671,
        "interestExpense": 46,
        "interestIncomeExpense": -46,
        "minorityInterest": 0,
        "netIncome": 212,
        "netIncomeAfterTaxes": 212,
        "nonRecurringItems": 5,
        "otherOperatingExpensesTotal": -19,
        "period": "2022-01-30",
        "pretaxIncome": 277,
        "provisionforIncomeTaxes": 65,
        "researchDevelopment": 21,
        "revenue": 2209,
        "sgaExpense": 341,
        "totalOperatingExpense": 353
      },
      {
        "costOfGoodsSold": 1512,
        "depreciationAmortization": 11,
        "dilutedAverageSharesOutstanding": 303,
        "dilutedEPS": 0.86,
        "ebit": 386,
        "grossIncome": 724,
        "interestExpense": 47,
        "interestIncomeExpense": -47,
        "minorityInterest": 0,
        "netIncome": 261,
        "netIncomeAfterTaxes": 261,
        "nonRecurringItems": -10,
        "otherOperatingExpensesTotal": -18,
        "period": "2021-10-31",
        "pretaxIncome": 329,
        "provisionforIncomeTaxes": 68,
        "researchDevelopment": 21,
        "revenue": 2236,
        "sgaExpense": 324,
        "totalOperatingExpense": 338
      },
      {
        "costOfGoodsSold": 1284,
        "depreciationAmortization": 11,
        "dilutedAverageSharesOutstanding": 305,
        "dilutedEPS": 0.94,
        "ebit": 425,
        "grossIncome": 589,
        "interestExpense": 47,
        "interestIncomeExpense": -47,
        "minorityInterest": 0,
        "netIncome": 288,
        "netIncomeAfterTaxes": 288,
        "nonRecurringItems": -14,
        "otherOperatingExpensesTotal": -183,
        "period": "2021-08-01",
        "pretaxIncome": 364,
        "provisionforIncomeTaxes": 76,
        "researchDevelopment": 23,
        "revenue": 1873,
        "sgaExpense": 313,
        "totalOperatingExpense": 164
      },
      {
        "costOfGoodsSold": 1354,
        "depreciationAmortization": 10,
        "dilutedAverageSharesOutstanding": 305,
        "dilutedEPS": 0.54,
        "ebit": 275,
        "grossIncome": 630,
        "interestExpense": 53,
        "interestIncomeExpense": -53,
        "minorityInterest": 0,
        "netIncome": 160,
        "netIncomeAfterTaxes": 166,
        "nonRecurringItems": -3,
        "otherOperatingExpensesTotal": -21,
        "period": "2021-05-02",
        "pretaxIncome": 219,
        "provisionforIncomeTaxes": 53,
        "researchDevelopment": 22,
        "revenue": 1984,
        "sgaExpense": 344,
        "totalOperatingExpense": 355
      },
      {
        "costOfGoodsSold": 1498,
        "depreciationAmortization": 11,
        "dilutedAverageSharesOutstanding": 305,
        "dilutedEPS": 0.8,
        "ebit": 385,
        "grossIncome": 781,
        "interestExpense": 55,
        "interestIncomeExpense": -54,
        "minorityInterest": 0,
        "netIncome": 245,
        "netIncomeAfterTaxes": 245,
        "nonRecurringItems": 16,
        "otherOperatingExpensesTotal": -18,
        "period": "2021-01-31",
        "pretaxIncome": 347,
        "provisionforIncomeTaxes": 102,
        "researchDevelopment": 19,
        "revenue": 2279,
        "sgaExpense": 384,
        "totalOperatingExpense": 396
      },
      {
        "costOfGoodsSold": 1526,
        "depreciationAmortization": 10,
        "dilutedAverageSharesOutstanding": 304,
        "dilutedEPS": 1.02,
        "ebit": 458,
        "grossIncome": 814,
        "interestExpense": 55,
        "interestIncomeExpense": -55,
        "minorityInterest": 0,
        "netIncome": 309,
        "netIncomeAfterTaxes": 309,
        "nonRecurringItems": 3,
        "otherOperatingExpensesTotal": -19,
        "period": "2020-11-01",
        "pretaxIncome": 406,
        "provisionforIncomeTaxes": 97,
        "researchDevelopment": 20,
        "revenue": 2340,
        "sgaExpense": 345,
        "totalOperatingExpense": 356
      },
      {
        "costOfGoodsSold": 1358,
        "depreciationAmortization": 10,
        "dilutedAverageSharesOutstanding": 304,
        "dilutedEPS": 0.28,
        "ebit": 181,
        "grossIncome": 750,
        "interestExpense": 61,
        "interestIncomeExpense": -60,
        "minorityInterest": 0,
        "netIncome": 86,
        "netIncomeAfterTaxes": 86,
        "nonRecurringItems": -14,
        "otherOperatingExpensesTotal": 101,
        "period": "2020-08-02",
        "pretaxIncome": 107,
        "provisionforIncomeTaxes": 21,
        "researchDevelopment": 24,
        "revenue": 2108,
        "sgaExpense": 434,
        "totalOperatingExpense": 569
      },
      {
        "costOfGoodsSold": 1432,
        "depreciationAmortization": 11,
        "dilutedAverageSharesOutstanding": 304,
        "dilutedEPS": 0.55,
        "ebit": 418,
        "grossIncome": 806,
        "interestExpense": 55,
        "interestIncomeExpense": -135,
        "minorityInterest": 0,
        "netIncome": 168,
        "netIncomeAfterTaxes": 166,
        "nonRecurringItems": -65,
        "otherOperatingExpensesTotal": -26,
        "period": "2020-04-26",
        "pretaxIncome": 218,
        "provisionforIncomeTaxes": 52,
        "researchDevelopment": 25,
        "revenue": 2238,
        "sgaExpense": 378,
        "totalOperatingExpense": 388
      },
      {
        "costOfGoodsSold": 1418,
        "depreciationAmortization": 11,
        "dilutedAverageSharesOutstanding": 304,
        "dilutedEPS": 3.97,
        "ebit": 372,
        "grossIncome": 744,
        "interestExpense": 149,
        "interestIncomeExpense": -143,
        "minorityInterest": 0,
        "netIncome": 1208,
        "netIncomeAfterTaxes": 171,
        "nonRecurringItems": -25,
        "otherOperatingExpensesTotal": -33,
        "period": "2020-01-26",
        "pretaxIncome": 204,
        "provisionforIncomeTaxes": 33,
        "researchDevelopment": 21,
        "revenue": 2162,
        "sgaExpense": 373,
        "totalOperatingExpense": 372
      },
      {
        "costOfGoodsSold": 1449,
        "depreciationAmortization": 11,
        "dilutedAverageSharesOutstanding": 303,
        "dilutedEPS": 0.56,
        "ebit": 393,
        "grossIncome": 734,
        "interestExpense": 80,
        "interestIncomeExpense": -81,
        "minorityInterest": 0,
        "netIncome": 166,
        "netIncomeAfterTaxes": 169,
        "nonRecurringItems": -75,
        "otherOperatingExpensesTotal": -25,
        "period": "2019-10-27",
        "pretaxIncome": 237,
        "provisionforIncomeTaxes": 68,
        "researchDevelopment": 22,
        "revenue": 2183,
        "sgaExpense": 333,
        "totalOperatingExpense": 341
      },
      {
        "costOfGoodsSold": 641,
        "depreciationAmortization": 11,
        "dilutedAverageSharesOutstanding": 301,
        "dilutedEPS": -0.02,
        "ebit": 139,
        "grossIncome": 337,
        "interestExpense": 77,
        "interestIncomeExpense": -78,
        "minorityInterest": 0,
        "netIncome": -8,
        "netIncomeAfterTaxes": -76,
        "nonRecurringItems": -170,
        "otherOperatingExpensesTotal": -24,
        "period": "2019-07-28",
        "pretaxIncome": -109,
        "provisionforIncomeTaxes": -33,
        "researchDevelopment": 16,
        "revenue": 978,
        "sgaExpense": 195,
        "totalOperatingExpense": 198
      },
      {
        "costOfGoodsSold": 1288,
        "depreciationAmortization": 13,
        "dilutedAverageSharesOutstanding": 302,
        "dilutedEPS": 0.27,
        "ebit": 288,
        "grossIncome": 665,
        "interestExpense": 89,
        "interestIncomeExpense": -83,
        "minorityInterest": 0,
        "netIncome": 84,
        "netIncomeAfterTaxes": 123,
        "nonRecurringItems": -49,
        "otherOperatingExpensesTotal": -13,
        "period": "2019-04-28",
        "pretaxIncome": 156,
        "provisionforIncomeTaxes": 33,
        "researchDevelopment": 22,
        "revenue": 1953,
        "sgaExpense": 355,
        "totalOperatingExpense": 377
      },
      {
        "costOfGoodsSold": 1457,
        "depreciationAmortization": 12,
        "dilutedAverageSharesOutstanding": 302,
        "dilutedEPS": -0.19,
        "ebit": 347,
        "grossIncome": 715,
        "interestExpense": 91,
        "interestIncomeExpense": -89,
        "minorityInterest": 0,
        "netIncome": -59,
        "netIncomeAfterTaxes": 176,
        "nonRecurringItems": -24,
        "otherOperatingExpensesTotal": -18,
        "period": "2019-01-27",
        "pretaxIncome": 234,
        "provisionforIncomeTaxes": 58,
        "researchDevelopment": 19,
        "revenue": 2172,
        "sgaExpense": 355,
        "totalOperatingExpense": 368
      },
      {
        "costOfGoodsSold": 1449,
        "depreciationAmortization": 11,
        "dilutedAverageSharesOutstanding": 302,
        "dilutedEPS": 0.64,
        "ebit": 398,
        "grossIncome": 753,
        "interestExpense": 91,
        "interestIncomeExpense": -103,
        "minorityInterest": 0,
        "netIncome": 194,
        "netIncomeAfterTaxes": 180,
        "nonRecurringItems": -59,
        "otherOperatingExpensesTotal": -20,
        "period": "2018-10-28",
        "pretaxIncome": 236,
        "provisionforIncomeTaxes": 56,
        "researchDevelopment": 23,
        "revenue": 2202,
        "sgaExpense": 341,
        "totalOperatingExpense": 355
      },
      {
        "costOfGoodsSold": 587,
        "depreciationAmortization": 11,
        "dilutedAverageSharesOutstanding": 302,
        "dilutedEPS": 0.31,
        "ebit": 34,
        "grossIncome": 285,
        "interestExpense": 76,
        "interestIncomeExpense": -84,
        "minorityInterest": 0,
        "netIncome": 94,
        "netIncomeAfterTaxes": 28,
        "nonRecurringItems": 84,
        "otherOperatingExpensesTotal": -9,
        "period": "2018-07-29",
        "pretaxIncome": 34,
        "provisionforIncomeTaxes": 6,
        "researchDevelopment": 12,
        "revenue": 872,
        "sgaExpense": 237,
        "totalOperatingExpense": 251
      },
      {
        "costOfGoodsSold": 1215,
        "depreciationAmortization": 6,
        "dilutedAverageSharesOutstanding": 301,
        "dilutedEPS": -1.3,
        "ebit": 358,
        "grossIncome": 663,
        "interestExpense": 61,
        "interestIncomeExpense": -44,
        "minorityInterest": 0,
        "netIncome": -393,
        "netIncomeAfterTaxes": 77,
        "nonRecurringItems": -198,
        "otherOperatingExpensesTotal": -23,
        "period": "2018-04-29",
        "pretaxIncome": 116,
        "provisionforIncomeTaxes": 39,
        "researchDevelopment": 25,
        "revenue": 1878,
        "sgaExpense": 297,
        "totalOperatingExpense": 305
      },
      {
        "costOfGoodsSold": 984,
        "dilutedAverageSharesOutstanding": 301,
        "dilutedEPS": 0.94,
        "ebit": 459,
        "grossIncome": 720,
        "interestExpense": 33,
        "interestIncomeExpense": -26,
        "minorityInterest": 0,
        "netIncome": 285,
        "netIncomeAfterTaxes": 218,
        "nonRecurringItems": -135,
        "otherOperatingExpensesTotal": -51,
        "period": "2018-01-28",
        "pretaxIncome": 298,
        "provisionforIncomeTaxes": 80,
        "researchDevelopment": 24,
        "revenue": 1704,
        "sgaExpense": 288,
        "totalOperatingExpense": 261
      },
      {
        "costOfGoodsSold": 1371,
        "dilutedAverageSharesOutstanding": 302,
        "dilutedEPS": 0.91,
        "ebit": 417,
        "grossIncome": 790,
        "interestExpense": 31,
        "interestIncomeExpense": -30,
        "minorityInterest": 0,
        "netIncome": 275,
        "netIncomeAfterTaxes": 275,
        "nonRecurringItems": -5,
        "otherOperatingExpensesTotal": -14,
        "period": "2017-10-29",
        "pretaxIncome": 382,
        "provisionforIncomeTaxes": 107,
        "researchDevelopment": 30,
        "revenue": 2161,
        "sgaExpense": 357,
        "totalOperatingExpense": 373
      },
      {
        "costOfGoodsSold": -485,
        "dilutedAverageSharesOutstanding": 303,
        "dilutedEPS": 1.04,
        "ebit": 149,
        "grossIncome": 96,
        "interestExpense": 28,
        "interestIncomeExpense": -47,
        "minorityInterest": 0,
        "netIncome": 318,
        "netIncomeAfterTaxes": 355,
        "nonRecurringItems": 338,
        "otherOperatingExpensesTotal": -102,
        "period": "2017-07-30",
        "pretaxIncome": 440,
        "provisionforIncomeTaxes": 85,
        "researchDevelopment": 15,
        "revenue": -389,
        "sgaExpense": 33,
        "totalOperatingExpense": -53
      },
      {
        "costOfGoodsSold": 1172,
        "dilutedAverageSharesOutstanding": 306,
        "dilutedEPS": 0.58,
        "ebit": 308,
        "grossIncome": 681,
        "interestExpense": 29,
        "interestIncomeExpense": -31,
        "minorityInterest": 0,
        "netIncome": 176,
        "netIncomeAfterTaxes": 176,
        "nonRecurringItems": -7,
        "otherOperatingExpensesTotal": 4,
        "period": "2017-04-30",
        "pretaxIncome": 270,
        "provisionforIncomeTaxes": 94,
        "researchDevelopment": 27,
        "revenue": 1853,
        "sgaExpense": 342,
        "totalOperatingExpense": 373
      },
      {
        "costOfGoodsSold": 1349,
        "dilutedAverageSharesOutstanding": 309,
        "dilutedEPS": 0.33,
        "ebit": 412,
        "grossIncome": 822,
        "interestExpense": 29,
        "interestIncomeExpense": -21,
        "minorityInterest": 0,
        "netIncome": 101,
        "netIncomeAfterTaxes": 101,
        "nonRecurringItems": -214,
        "otherOperatingExpensesTotal": 8,
        "period": "2017-01-29",
        "pretaxIncome": 177,
        "provisionforIncomeTaxes": 76,
        "researchDevelopment": 25,
        "revenue": 2171,
        "sgaExpense": 377,
        "totalOperatingExpense": 410
      },
      {
        "costOfGoodsSold": 1365,
        "dilutedAverageSharesOutstanding": 310,
        "dilutedEPS": 0.94,
        "ebit": 464,
        "grossIncome": 837,
        "interestExpense": 29,
        "interestIncomeExpense": -26,
        "minorityInterest": 0,
        "netIncome": 292,
        "netIncomeAfterTaxes": 292,
        "nonRecurringItems": -9,
        "otherOperatingExpensesTotal": 6,
        "period": "2016-10-30",
        "pretaxIncome": 429,
        "provisionforIncomeTaxes": 137,
        "researchDevelopment": 26,
        "revenue": 2202,
        "sgaExpense": 341,
        "totalOperatingExpense": 373
      },
      {
        "costOfGoodsSold": 1136,
        "dilutedAverageSharesOutstanding": 309,
        "dilutedEPS": -0.26,
        "ebit": -14,
        "grossIncome": 551,
        "interestExpense": 29,
        "interestIncomeExpense": -40,
        "minorityInterest": 0,
        "netIncome": -81,
        "netIncomeAfterTaxes": -81,
        "nonRecurringItems": -11,
        "otherOperatingExpensesTotal": 136,
        "period": "2016-07-31",
        "pretaxIncome": -65,
        "provisionforIncomeTaxes": 16,
        "researchDevelopment": 38,
        "revenue": 1687,
        "sgaExpense": 391,
        "totalOperatingExpense": 565
      },
      {
        "costOfGoodsSold": 1224,
        "dilutedAverageSharesOutstanding": 311,
        "dilutedEPS": 0.59,
        "ebit": 246,
        "grossIncome": 646,
        "interestExpense": 29,
        "interestIncomeExpense": 9,
        "minorityInterest": 0,
        "netIncome": 185,
        "netIncomeAfterTaxes": 185,
        "nonRecurringItems": -15,
        "otherOperatingExpensesTotal": -4,
        "period": "2016-05-01",
        "pretaxIncome": 240,
        "provisionforIncomeTaxes": 55,
        "researchDevelopment": 31,
        "revenue": 1870,
        "sgaExpense": 373,
        "totalOperatingExpense": 400
      },
      {
        "costOfGoodsSold": 1394,
        "dilutedAverageSharesOutstanding": 312,
        "dilutedEPS": 0.85,
        "ebit": 429,
        "grossIncome": 807,
        "interestExpense": 28,
        "interestIncomeExpense": -26,
        "minorityInterest": 0,
        "netIncome": 265,
        "netIncomeAfterTaxes": 265,
        "nonRecurringItems": -16,
        "otherOperatingExpensesTotal": -7,
        "period": "2016-01-31",
        "pretaxIncome": 387,
        "provisionforIncomeTaxes": 122,
        "researchDevelopment": 23,
        "revenue": 2201,
        "sgaExpense": 362,
        "totalOperatingExpense": 378
      },
      {
        "costOfGoodsSold": 1452,
        "dilutedAverageSharesOutstanding": 312,
        "dilutedEPS": 0.62,
        "ebit": 347,
        "grossIncome": 751,
        "interestExpense": 29,
        "interestIncomeExpense": -24,
        "minorityInterest": 0,
        "netIncome": 194,
        "netIncomeAfterTaxes": 194,
        "nonRecurringItems": -36,
        "otherOperatingExpensesTotal": 5,
        "period": "2015-11-01",
        "pretaxIncome": 287,
        "provisionforIncomeTaxes": 93,
        "researchDevelopment": 32,
        "revenue": 2203,
        "sgaExpense": 367,
        "totalOperatingExpense": 404
      }
    ],
    "symbol": "CPB"
  }
}