{
  "symbol": "WM",
  "statement": "ic",
  "frequency": "quarterly",
  "timestamp": "2025-09-19T14:08:40.650458",
  "data": {
    "financials": [
      {
        "costOfGoodsSold": 3839,
        "depreciationAmortization": 708,
        "dilutedAverageSharesOutstanding": 404.3,
        "dilutedEPS": 1.8,
        "ebit": 1224,
        "grossIncome": 2591,
        "interestExpense": 232,
        "interestIncomeExpense": -230,
        "minorityInterest": -1,
        "netIncome": 726,
        "netIncomeAfterTaxes": 727,
        "nonRecurringItems": -73,
        "period": "2025-06-30",
        "pretaxIncome": 928,
        "provisionforIncomeTaxes": 201,
        "revenue": 6430,
        "sgaExpense": 659,
        "totalOperatingExpense": 1367,
        "totalOtherIncomeExpenseNet": 7
      },
      {
        "costOfGoodsSold": 3647,
        "depreciationAmortization": 656,
        "dilutedAverageSharesOutstanding": 403.9,
        "dilutedEPS": 1.58,
        "ebit": 1028,
        "grossIncome": 2371,
        "interestExpense": 232,
        "interestIncomeExpense": -227,
        "minorityInterest": 0,
        "netIncome": 637,
        "netIncomeAfterTaxes": 637,
        "nonRecurringItems": -15,
        "period": "2025-03-31",
        "pretaxIncome": 788,
        "provisionforIncomeTaxes": 151,
        "revenue": 6018,
        "sgaExpense": 687,
        "totalOperatingExpense": 1343,
        "totalOtherIncomeExpenseNet": 2
      },
      {
        "costOfGoodsSold": 3553,
        "depreciationAmortization": 652,
        "dilutedAverageSharesOutstanding": 404,
        "dilutedEPS": 1.48,
        "ebit": 941,
        "grossIncome": 2340,
        "interestExpense": 201,
        "interestIncomeExpense": -201,
        "minorityInterest": 0,
        "netIncome": 598,
        "netIncomeAfterTaxes": 598,
        "nonRecurringItems": -29,
        "period": "2024-12-31",
        "pretaxIncome": 700,
        "provisionforIncomeTaxes": 102,
        "revenue": 5893,
        "sgaExpense": 747,
        "totalOperatingExpense": 1399,
        "totalOtherIncomeExpenseNet": -11
      },
      {
        "costOfGoodsSold": 3399,
        "depreciationAmortization": 558,
        "dilutedAverageSharesOutstanding": 403.2,
        "dilutedEPS": 1.88,
        "ebit": 1127,
        "grossIncome": 2210,
        "interestExpense": 131,
        "interestIncomeExpense": -130,
        "minorityInterest": 0,
        "netIncome": 760,
        "netIncomeAfterTaxes": 760,
        "nonRecurringItems": -8,
        "period": "2024-09-30",
        "pretaxIncome": 995,
        "provisionforIncomeTaxes": 235,
        "revenue": 5609,
        "sgaExpense": 525,
        "totalOperatingExpense": 1083,
        "totalOtherIncomeExpenseNet": 6
      },
      {
        "costOfGoodsSold": 3291,
        "depreciationAmortization": 543,
        "dilutedAverageSharesOutstanding": 403.2,
        "dilutedEPS": 1.69,
        "ebit": 1067,
        "grossIncome": 2111,
        "interestExpense": 136,
        "interestIncomeExpense": -114,
        "netIncome": 680,
        "netIncomeAfterTaxes": 680,
        "nonRecurringItems": -58,
        "period": "2024-06-30",
        "pretaxIncome": 894,
        "provisionforIncomeTaxes": 214,
        "revenue": 5402,
        "sgaExpense": 501,
        "totalOperatingExpense": 1044,
        "totalOtherIncomeExpenseNet": -1
      },
      {
        "costOfGoodsSold": 3140,
        "depreciationAmortization": 514,
        "dilutedAverageSharesOutstanding": 403.5,
        "dilutedEPS": 1.75,
        "ebit": 1014,
        "grossIncome": 2019,
        "interestExpense": 130,
        "interestIncomeExpense": -149,
        "minorityInterest": 1,
        "netIncome": 708,
        "netIncomeAfterTaxes": 707,
        "nonRecurringItems": 2,
        "period": "2024-03-31",
        "pretaxIncome": 869,
        "provisionforIncomeTaxes": 162,
        "revenue": 5159,
        "sgaExpense": 491,
        "totalOperatingExpense": 1005,
        "totalOtherIncomeExpenseNet": 2
      },
      {
        "costOfGoodsSold": 3146,
        "depreciationAmortization": 526,
        "dilutedAverageSharesOutstanding": 404.8,
        "dilutedEPS": 1.22,
        "ebit": 1032,
        "grossIncome": 2071,
        "interestExpense": 128,
        "interestIncomeExpense": -147,
        "minorityInterest": 24,
        "netIncome": 493,
        "netIncomeAfterTaxes": 469,
        "nonRecurringItems": -247,
        "period": "2023-12-31",
        "pretaxIncome": 644,
        "provisionforIncomeTaxes": 175,
        "revenue": 5217,
        "sgaExpense": 513,
        "totalOperatingExpense": 1039,
        "totalOtherIncomeExpenseNet": 6
      },
      {
        "costOfGoodsSold": 3188,
        "depreciationAmortization": 519,
        "dilutedAverageSharesOutstanding": 405.9,
        "dilutedEPS": 1.63,
        "ebit": 1021,
        "grossIncome": 2010,
        "interestExpense": 127,
        "interestIncomeExpense": -145,
        "minorityInterest": 1,
        "netIncome": 663,
        "netIncomeAfterTaxes": 662,
        "nonRecurringItems": 0,
        "period": "2023-09-30",
        "pretaxIncome": 872,
        "provisionforIncomeTaxes": 210,
        "revenue": 5198,
        "sgaExpense": 470,
        "totalOperatingExpense": 989,
        "totalOtherIncomeExpenseNet": -4
      },
      {
        "costOfGoodsSold": 3186,
        "depreciationAmortization": 521,
        "dilutedAverageSharesOutstanding": 407.7,
        "dilutedEPS": 1.51,
        "ebit": 945,
        "grossIncome": 1933,
        "interestExpense": 125,
        "interestIncomeExpense": -137,
        "minorityInterest": 2,
        "netIncome": 615,
        "netIncomeAfterTaxes": 613,
        "nonRecurringItems": -1,
        "period": "2023-06-30",
        "pretaxIncome": 809,
        "provisionforIncomeTaxes": 196,
        "revenue": 5119,
        "sgaExpense": 467,
        "totalOperatingExpense": 988,
        "totalOtherIncomeExpenseNet": 2
      },
      {
        "costOfGoodsSold": 3086,
        "depreciationAmortization": 505,
        "dilutedAverageSharesOutstanding": 409,
        "dilutedEPS": 1.3,
        "ebit": 825,
        "grossIncome": 1806,
        "interestExpense": 120,
        "interestIncomeExpense": -131,
        "minorityInterest": 1,
        "netIncome": 533,
        "netIncomeAfterTaxes": 532,
        "nonRecurringItems": 0,
        "period": "2023-03-31",
        "pretaxIncome": 696,
        "provisionforIncomeTaxes": 164,
        "revenue": 4892,
        "sgaExpense": 476,
        "totalOperatingExpense": 981,
        "totalOtherIncomeExpenseNet": 2
      },
      {
        "costOfGoodsSold": 3093,
        "depreciationAmortization": 545,
        "dilutedAverageSharesOutstanding": 411.4,
        "dilutedEPS": 1.21,
        "ebit": 810,
        "grossIncome": 1842,
        "interestExpense": 109,
        "interestIncomeExpense": -127,
        "minorityInterest": -1,
        "netIncome": 499,
        "netIncomeAfterTaxes": 500,
        "nonRecurringItems": -45,
        "period": "2022-12-31",
        "pretaxIncome": 643,
        "provisionforIncomeTaxes": 143,
        "revenue": 4935,
        "sgaExpense": 487,
        "totalOperatingExpense": 1032,
        "totalOtherIncomeExpenseNet": 5
      },
      {
        "costOfGoodsSold": 3156,
        "depreciationAmortization": 503,
        "dilutedAverageSharesOutstanding": 414.3,
        "dilutedEPS": 1.54,
        "ebit": 943,
        "grossIncome": 1919,
        "interestExpense": 91,
        "interestIncomeExpense": -108,
        "minorityInterest": 0,
        "netIncome": 639,
        "netIncomeAfterTaxes": 639,
        "nonRecurringItems": -1,
        "period": "2022-09-30",
        "pretaxIncome": 828,
        "provisionforIncomeTaxes": 189,
        "revenue": 5075,
        "sgaExpense": 473,
        "totalOperatingExpense": 976,
        "totalOtherIncomeExpenseNet": -6
      },
      {
        "costOfGoodsSold": 3142,
        "depreciationAmortization": 508,
        "dilutedAverageSharesOutstanding": 416.4,
        "dilutedEPS": 1.41,
        "ebit": 890,
        "grossIncome": 1885,
        "interestExpense": 93,
        "interestIncomeExpense": -110,
        "minorityInterest": 0,
        "netIncome": 587,
        "netIncomeAfterTaxes": 587,
        "nonRecurringItems": 0,
        "period": "2022-06-30",
        "pretaxIncome": 776,
        "provisionforIncomeTaxes": 189,
        "revenue": 5027,
        "sgaExpense": 487,
        "totalOperatingExpense": 995,
        "totalOtherIncomeExpenseNet": -4
      },
      {
        "costOfGoodsSold": 2903,
        "depreciationAmortization": 482,
        "dilutedAverageSharesOutstanding": 417.8,
        "dilutedEPS": 1.23,
        "ebit": 785,
        "grossIncome": 1758,
        "interestExpense": 85,
        "interestIncomeExpense": -100,
        "minorityInterest": -1,
        "netIncome": 513,
        "netIncomeAfterTaxes": 514,
        "nonRecurringItems": -17,
        "period": "2022-03-31",
        "pretaxIncome": 671,
        "provisionforIncomeTaxes": 157,
        "revenue": 4661,
        "sgaExpense": 491,
        "totalOperatingExpense": 973,
        "totalOtherIncomeExpenseNet": 3
      },
      {
        "costOfGoodsSold": 2955,
        "depreciationAmortization": 510,
        "dilutedAverageSharesOutstanding": 420.8,
        "dilutedEPS": 1.2,
        "ebit": 721,
        "grossIncome": 1723,
        "interestExpense": 83,
        "interestIncomeExpense": -85,
        "minorityInterest": 0,
        "netIncome": 506,
        "netIncomeAfterTaxes": 506,
        "nonRecurringItems": -3,
        "period": "2021-12-31",
        "pretaxIncome": 642,
        "provisionforIncomeTaxes": 136,
        "revenue": 4678,
        "sgaExpense": 492,
        "totalOperatingExpense": 1002,
        "totalOtherIncomeExpenseNet": 9
      },
      {
        "costOfGoodsSold": 2906,
        "depreciationAmortization": 517,
        "dilutedAverageSharesOutstanding": 422,
        "dilutedEPS": 1.27,
        "ebit": 773,
        "grossIncome": 1759,
        "interestExpense": 87,
        "interestIncomeExpense": -101,
        "minorityInterest": -1,
        "netIncome": 538,
        "netIncomeAfterTaxes": 539,
        "nonRecurringItems": 33,
        "period": "2021-09-30",
        "pretaxIncome": 706,
        "provisionforIncomeTaxes": 167,
        "revenue": 4665,
        "sgaExpense": 469,
        "totalOperatingExpense": 986,
        "totalOtherIncomeExpenseNet": 1
      },
      {
        "costOfGoodsSold": 2736,
        "depreciationAmortization": 500,
        "dilutedAverageSharesOutstanding": 423.6,
        "dilutedEPS": 0.83,
        "ebit": 795,
        "grossIncome": 1740,
        "interestExpense": 98,
        "interestIncomeExpense": -109,
        "netIncome": 351,
        "netIncomeAfterTaxes": 351,
        "nonRecurringItems": -224,
        "period": "2021-06-30",
        "pretaxIncome": 456,
        "provisionforIncomeTaxes": 105,
        "revenue": 4476,
        "sgaExpense": 445,
        "totalOperatingExpense": 945,
        "totalOtherIncomeExpenseNet": -6
      },
      {
        "costOfGoodsSold": 2514,
        "depreciationAmortization": 472,
        "dilutedAverageSharesOutstanding": 424.3,
        "dilutedEPS": 0.99,
        "ebit": 668,
        "grossIncome": 1598,
        "interestExpense": 97,
        "interestIncomeExpense": -106,
        "netIncome": 421,
        "netIncomeAfterTaxes": 421,
        "nonRecurringItems": -18,
        "period": "2021-03-31",
        "pretaxIncome": 545,
        "provisionforIncomeTaxes": 124,
        "revenue": 4112,
        "sgaExpense": 458,
        "totalOperatingExpense": 930,
        "totalOtherIncomeExpenseNet": 1
      },
      {
        "costOfGoodsSold": 2500,
        "depreciationAmortization": 436,
        "dilutedAverageSharesOutstanding": 431.1,
        "dilutedEPS": 1.02,
        "ebit": 621,
        "grossIncome": 1567,
        "interestExpense": 97,
        "interestIncomeExpense": -109,
        "minorityInterest": 0,
        "netIncome": 438,
        "netIncomeAfterTaxes": 438,
        "nonRecurringItems": 32,
        "period": "2020-12-31",
        "pretaxIncome": 547,
        "provisionforIncomeTaxes": 109,
        "revenue": 4067,
        "sgaExpense": 510,
        "totalOperatingExpense": 946,
        "totalOtherIncomeExpenseNet": 3
      },
      {
        "costOfGoodsSold": 2332,
        "depreciationAmortization": 419,
        "dilutedAverageSharesOutstanding": 422.7,
        "dilutedEPS": 0.92,
        "ebit": 694,
        "grossIncome": 1529,
        "interestExpense": 97,
        "interestIncomeExpense": -113,
        "minorityInterest": 0,
        "netIncome": 390,
        "netIncomeAfterTaxes": 390,
        "nonRecurringItems": -66,
        "period": "2020-09-30",
        "pretaxIncome": 516,
        "provisionforIncomeTaxes": 126,
        "revenue": 3861,
        "sgaExpense": 416,
        "totalOperatingExpense": 835,
        "totalOtherIncomeExpenseNet": 1
      },
      {
        "costOfGoodsSold": 2180,
        "depreciationAmortization": 414,
        "dilutedAverageSharesOutstanding": 423.9,
        "dilutedEPS": 0.72,
        "ebit": 610,
        "grossIncome": 1381,
        "interestExpense": 119,
        "interestIncomeExpense": -133,
        "minorityInterest": 0,
        "netIncome": 307,
        "netIncomeAfterTaxes": 307,
        "nonRecurringItems": -83,
        "period": "2020-06-30",
        "pretaxIncome": 395,
        "provisionforIncomeTaxes": 88,
        "revenue": 3561,
        "sgaExpense": 357,
        "totalOperatingExpense": 771,
        "totalOtherIncomeExpenseNet": 1
      },
      {
        "costOfGoodsSold": 2329,
        "depreciationAmortization": 402,
        "dilutedAverageSharesOutstanding": 426.4,
        "dilutedEPS": 0.85,
        "ebit": 584,
        "grossIncome": 1400,
        "interestExpense": 112,
        "interestIncomeExpense": -131,
        "minorityInterest": 0,
        "netIncome": 361,
        "netIncomeAfterTaxes": 361,
        "nonRecurringItems": -18,
        "period": "2020-03-31",
        "pretaxIncome": 435,
        "provisionforIncomeTaxes": 74,
        "revenue": 3729,
        "sgaExpense": 414,
        "totalOperatingExpense": 816
      },
      {
        "costOfGoodsSold": 2314,
        "depreciationAmortization": 395,
        "dilutedAverageSharesOutstanding": 427.8,
        "dilutedEPS": 1.04,
        "ebit": 692,
        "grossIncome": 1532,
        "interestExpense": 110,
        "interestIncomeExpense": -126,
        "minorityInterest": 0,
        "netIncome": 447,
        "netIncomeAfterTaxes": 447,
        "nonRecurringItems": -37,
        "period": "2019-12-31",
        "pretaxIncome": 531,
        "provisionforIncomeTaxes": 84,
        "revenue": 3846,
        "sgaExpense": 445,
        "totalOperatingExpense": 840,
        "totalOtherIncomeExpenseNet": 2
      },
      {
        "costOfGoodsSold": 2441,
        "depreciationAmortization": 404,
        "dilutedAverageSharesOutstanding": 427.4,
        "dilutedEPS": 1.16,
        "ebit": 736,
        "grossIncome": 1526,
        "interestExpense": 105,
        "interestIncomeExpense": -119,
        "minorityInterest": 0,
        "netIncome": 495,
        "netIncomeAfterTaxes": 495,
        "nonRecurringItems": -3,
        "period": "2019-09-30",
        "pretaxIncome": 615,
        "provisionforIncomeTaxes": 120,
        "revenue": 3967,
        "sgaExpense": 386,
        "totalOperatingExpense": 790,
        "totalOtherIncomeExpenseNet": 1
      },
      {
        "costOfGoodsSold": 2443,
        "depreciationAmortization": 409,
        "dilutedAverageSharesOutstanding": 427.5,
        "dilutedEPS": 0.89,
        "ebit": 703,
        "grossIncome": 1503,
        "interestExpense": 100,
        "interestIncomeExpense": -116,
        "minorityInterest": -1,
        "netIncome": 381,
        "netIncomeAfterTaxes": 382,
        "nonRecurringItems": -91,
        "period": "2019-06-30",
        "pretaxIncome": 497,
        "provisionforIncomeTaxes": 115,
        "revenue": 3946,
        "sgaExpense": 391,
        "totalOperatingExpense": 800,
        "totalOtherIncomeExpenseNet": 1
      },
      {
        "costOfGoodsSold": 2298,
        "depreciationAmortization": 366,
        "dilutedAverageSharesOutstanding": 426.9,
        "dilutedEPS": 0.81,
        "ebit": 623,
        "grossIncome": 1398,
        "interestExpense": 96,
        "interestIncomeExpense": -105,
        "minorityInterest": 0,
        "netIncome": 347,
        "netIncomeAfterTaxes": 347,
        "nonRecurringItems": -54,
        "period": "2019-03-31",
        "pretaxIncome": 462,
        "provisionforIncomeTaxes": 115,
        "revenue": 3696,
        "sgaExpense": 409,
        "totalOperatingExpense": 775,
        "totalOtherIncomeExpenseNet": -2
      },
      {
        "costOfGoodsSold": 2379,
        "depreciationAmortization": 370,
        "dilutedAverageSharesOutstanding": 428.226,
        "dilutedEPS": 1.24,
        "ebit": 723,
        "grossIncome": 1463,
        "interestExpense": 86,
        "interestIncomeExpense": -109,
        "minorityInterest": 0,
        "netIncome": 531,
        "netIncomeAfterTaxes": 531,
        "nonRecurringItems": 44,
        "period": "2018-12-31",
        "pretaxIncome": 659,
        "provisionforIncomeTaxes": 128,
        "revenue": 3842,
        "sgaExpense": 370,
        "totalOperatingExpense": 740,
        "totalOtherIncomeExpenseNet": 1
      },
      {
        "costOfGoodsSold": 2373,
        "depreciationAmortization": 376,
        "dilutedAverageSharesOutstanding": 430.8,
        "dilutedEPS": 1.15,
        "ebit": 728,
        "grossIncome": 1449,
        "interestExpense": 93,
        "interestIncomeExpense": -102,
        "minorityInterest": 1,
        "netIncome": 499,
        "netIncomeAfterTaxes": 486,
        "nonRecurringItems": -29,
        "period": "2018-09-30",
        "pretaxIncome": 597,
        "provisionforIncomeTaxes": 111,
        "revenue": 3822,
        "sgaExpense": 345,
        "totalOperatingExpense": 721,
        "totalOtherIncomeExpenseNet": 0
      },
      {
        "costOfGoodsSold": 2313,
        "depreciationAmortization": 384,
        "dilutedAverageSharesOutstanding": 432.3,
        "dilutedEPS": 1.15,
        "ebit": 677,
        "grossIncome": 1426,
        "interestExpense": 93,
        "interestIncomeExpense": -106,
        "minorityInterest": 0,
        "netIncome": 499,
        "netIncomeAfterTaxes": 499,
        "nonRecurringItems": 38,
        "period": "2018-06-30",
        "pretaxIncome": 609,
        "provisionforIncomeTaxes": 110,
        "revenue": 3739,
        "sgaExpense": 365,
        "totalOperatingExpense": 749,
        "totalOtherIncomeExpenseNet": 0
      },
      {
        "costOfGoodsSold": 2184,
        "depreciationAmortization": 347,
        "dilutedAverageSharesOutstanding": 435.8,
        "dilutedEPS": 0.91,
        "ebit": 607,
        "grossIncome": 1327,
        "interestExpense": 91,
        "interestIncomeExpense": -98,
        "minorityInterest": 1,
        "netIncome": 396,
        "netIncomeAfterTaxes": 395,
        "nonRecurringItems": 1,
        "period": "2018-03-31",
        "pretaxIncome": 511,
        "provisionforIncomeTaxes": 116,
        "revenue": 3511,
        "sgaExpense": 373,
        "totalOperatingExpense": 720,
        "totalOtherIncomeExpenseNet": 1
      },
      {
        "costOfGoodsSold": 2263,
        "depreciationAmortization": 342,
        "dilutedAverageSharesOutstanding": 437.7,
        "dilutedEPS": 2.06,
        "ebit": 678,
        "grossIncome": 1389,
        "interestExpense": 88,
        "interestIncomeExpense": -106,
        "minorityInterest": 0,
        "netIncome": 903,
        "netIncomeAfterTaxes": 1498,
        "nonRecurringItems": 20,
        "period": "2017-12-31",
        "pretaxIncome": 584,
        "provisionforIncomeTaxes": -914,
        "revenue": 3652,
        "sgaExpense": 369,
        "totalOperatingExpense": 711,
        "totalOtherIncomeExpenseNet": -8
      },
      {
        "costOfGoodsSold": 2302,
        "depreciationAmortization": 350,
        "dilutedAverageSharesOutstanding": 440.8,
        "dilutedEPS": 0.88,
        "ebit": 708,
        "grossIncome": 1414,
        "interestExpense": 87,
        "interestIncomeExpense": -98,
        "minorityInterest": -2,
        "netIncome": 386,
        "netIncomeAfterTaxes": 388,
        "nonRecurringItems": -7,
        "period": "2017-09-30",
        "pretaxIncome": 603,
        "provisionforIncomeTaxes": 215,
        "revenue": 3716,
        "sgaExpense": 356,
        "totalOperatingExpense": 706,
        "totalOtherIncomeExpenseNet": 0
      },
      {
        "costOfGoodsSold": 2290,
        "depreciationAmortization": 356,
        "dilutedAverageSharesOutstanding": 444.4,
        "dilutedEPS": 0.81,
        "ebit": 678,
        "grossIncome": 1387,
        "interestExpense": 87,
        "interestIncomeExpense": -103,
        "minorityInterest": 1,
        "netIncome": 362,
        "netIncomeAfterTaxes": 361,
        "nonRecurringItems": -5,
        "period": "2017-06-30",
        "pretaxIncome": 570,
        "provisionforIncomeTaxes": 209,
        "revenue": 3677,
        "sgaExpense": 353,
        "totalOperatingExpense": 709
      },
      {
        "costOfGoodsSold": 2166,
        "depreciationAmortization": 328,
        "dilutedAverageSharesOutstanding": 444.1,
        "dilutedEPS": 0.67,
        "ebit": 556,
        "grossIncome": 1274,
        "interestExpense": 89,
        "interestIncomeExpense": -124,
        "minorityInterest": 1,
        "netIncome": 298,
        "netIncomeAfterTaxes": 297,
        "nonRecurringItems": 2,
        "period": "2017-03-31",
        "pretaxIncome": 434,
        "provisionforIncomeTaxes": 137,
        "revenue": 3440,
        "sgaExpense": 390,
        "totalOperatingExpense": 718
      },
      {
        "costOfGoodsSold": 2147,
        "depreciationAmortization": 313,
        "dilutedAverageSharesOutstanding": 444.7,
        "dilutedEPS": 0.75,
        "ebit": 622,
        "grossIncome": 1313,
        "interestExpense": 92,
        "interestIncomeExpense": -106,
        "minorityInterest": 1,
        "netIncome": 335,
        "netIncomeAfterTaxes": 334,
        "nonRecurringItems": -5,
        "period": "2016-12-31",
        "pretaxIncome": 510,
        "provisionforIncomeTaxes": 176,
        "revenue": 3460,
        "sgaExpense": 378,
        "totalOperatingExpense": 691,
        "totalOtherIncomeExpenseNet": -1
      },
      {
        "costOfGoodsSold": 2216,
        "depreciationAmortization": 336,
        "dilutedAverageSharesOutstanding": 445.7,
        "dilutedEPS": 0.68,
        "ebit": 666,
        "grossIncome": 1332,
        "interestExpense": 91,
        "interestIncomeExpense": -103,
        "minorityInterest": -2,
        "netIncome": 302,
        "netIncomeAfterTaxes": 304,
        "nonRecurringItems": -106,
        "period": "2016-09-30",
        "pretaxIncome": 457,
        "provisionforIncomeTaxes": 153,
        "revenue": 3548,
        "sgaExpense": 330,
        "totalOperatingExpense": 666,
        "totalOtherIncomeExpenseNet": 0
      },
      {
        "costOfGoodsSold": 2130,
        "depreciationAmortization": 340,
        "dilutedAverageSharesOutstanding": 446.7,
        "dilutedEPS": 0.64,
        "ebit": 615,
        "grossIncome": 1295,
        "interestExpense": 90,
        "interestIncomeExpense": -109,
        "minorityInterest": 1,
        "netIncome": 287,
        "netIncomeAfterTaxes": 286,
        "nonRecurringItems": -7,
        "period": "2016-06-30",
        "pretaxIncome": 459,
        "provisionforIncomeTaxes": 173,
        "revenue": 3425,
        "sgaExpense": 340,
        "totalOperatingExpense": 680,
        "totalOtherIncomeExpenseNet": -40
      },
      {
        "costOfGoodsSold": 1993,
        "depreciationAmortization": 312,
        "dilutedAverageSharesOutstanding": 448.6,
        "dilutedEPS": 0.58,
        "ebit": 509,
        "grossIncome": 1183,
        "interestExpense": 92,
        "interestIncomeExpense": -122,
        "minorityInterest": 2,
        "netIncome": 258,
        "netIncomeAfterTaxes": 256,
        "nonRecurringItems": -2,
        "period": "2016-03-31",
        "pretaxIncome": 396,
        "provisionforIncomeTaxes": 140,
        "revenue": 3176,
        "sgaExpense": 362,
        "totalOperatingExpense": 674,
        "totalOtherIncomeExpenseNet": 11
      },
      {
        "costOfGoodsSold": 2027,
        "depreciationAmortization": 301,
        "dilutedAverageSharesOutstanding": 451.1,
        "dilutedEPS": 0.61,
        "ebit": 575,
        "grossIncome": 1219,
        "interestExpense": 91,
        "interestIncomeExpense": -97,
        "minorityInterest": 0,
        "netIncome": 273,
        "netIncomeAfterTaxes": 273,
        "nonRecurringItems": -76,
        "period": "2015-12-31",
        "pretaxIncome": 397,
        "provisionforIncomeTaxes": 124,
        "revenue": 3246,
        "sgaExpense": 343,
        "totalOperatingExpense": 644,
        "totalOtherIncomeExpenseNet": -5
      },
      {
        "costOfGoodsSold": 2095,
        "depreciationAmortization": 330,
        "dilutedAverageSharesOutstanding": 452.7,
        "dilutedEPS": 0.74,
        "ebit": 605,
        "grossIncome": 1265,
        "interestExpense": 91,
        "interestIncomeExpense": -85,
        "minorityInterest": -2,
        "netIncome": 335,
        "netIncomeAfterTaxes": 337,
        "nonRecurringItems": -4,
        "period": "2015-09-30",
        "pretaxIncome": 496,
        "provisionforIncomeTaxes": 159,
        "revenue": 3360,
        "sgaExpense": 330,
        "totalOperatingExpense": 660,
        "totalOtherIncomeExpenseNet": -20
      }
    ],
    "symbol": "WM"
  }
}