{
  "symbol": "POOL",
  "statement": "ic",
  "frequency": "annual",
  "timestamp": "2025-09-19T14:05:37.535961",
  "data": {
    "financials": [
      {
        "costOfGoodsSold": 3735.606,
        "dilutedAverageSharesOutstanding": 38.228,
        "dilutedEPS": 11.3026,
        "ebit": 617.204,
        "equityEarningsAffiliates": 0.207,
        "grossIncome": 1575.347,
        "interestIncomeExpense": -50.25,
        "netIncome": 432.075,
        "netIncomeAfterTaxes": 434.118,
        "period": "2024-12-31",
        "pretaxIncome": 566.954,
        "provisionforIncomeTaxes": 132.836,
        "revenue": 5310.953,
        "sgaExpense": 958.143,
        "totalOperatingExpense": 958.143,
        "year": 2024
      },
      {
        "costOfGoodsSold": 3881.551,
        "dilutedAverageSharesOutstanding": 38.997,
        "dilutedEPS": 13.3461,
        "ebit": 746.567,
        "equityEarningsAffiliates": 0.177,
        "grossIncome": 1660.044,
        "interestIncomeExpense": -58.431,
        "netIncome": 520.458,
        "netIncomeAfterTaxes": 523.052,
        "period": "2023-12-31",
        "pretaxIncome": 688.136,
        "provisionforIncomeTaxes": 165.084,
        "revenue": 5541.595,
        "sgaExpense": 913.477,
        "totalOperatingExpense": 913.477,
        "year": 2023
      },
      {
        "costOfGoodsSold": 4246.3,
        "dilutedAverageSharesOutstanding": 39.8,
        "dilutedEPS": 18.7,
        "ebit": 1026.4,
        "equityEarningsAffiliates": 0.4,
        "grossIncome": 1933.4,
        "interestIncomeExpense": -40.9,
        "netIncome": 744.3,
        "netIncomeAfterTaxes": 748.1,
        "nonRecurringItems": -0.6,
        "period": "2022-12-31",
        "pretaxIncome": 984.9,
        "provisionforIncomeTaxes": 236.8,
        "revenue": 6179.7,
        "sgaExpense": 907,
        "totalOperatingExpense": 907,
        "year": 2022
      },
      {
        "costOfGoodsSold": 3678.5,
        "dilutedAverageSharesOutstanding": 40.5,
        "dilutedEPS": 16.07,
        "ebit": 830.3,
        "equityEarningsAffiliates": 0.3,
        "grossIncome": 1617.1,
        "interestIncomeExpense": -8.6,
        "netIncome": 650.6,
        "netIncomeAfterTaxes": 650.3,
        "nonRecurringItems": 2.5,
        "period": "2021-12-31",
        "pretaxIncome": 824.1,
        "provisionforIncomeTaxes": 173.8,
        "revenue": 5295.6,
        "sgaExpense": 786.8,
        "totalOperatingExpense": 786.8,
        "year": 2021
      },
      {
        "costOfGoodsSold": 2805.7,
        "dilutedAverageSharesOutstanding": 40.9,
        "dilutedEPS": 8.97,
        "ebit": 470.9,
        "equityEarningsAffiliates": 0.3,
        "grossIncome": 1130.9,
        "interestIncomeExpense": -12.4,
        "netIncome": 366.7,
        "netIncomeAfterTaxes": 366.4,
        "nonRecurringItems": -6.9,
        "period": "2020-12-31",
        "pretaxIncome": 451.7,
        "provisionforIncomeTaxes": 85.2,
        "revenue": 3936.6,
        "sgaExpense": 659.9,
        "totalOperatingExpense": 660,
        "year": 2020
      },
      {
        "costOfGoodsSold": 2274.6,
        "dilutedAverageSharesOutstanding": 40.9,
        "dilutedEPS": 6.4,
        "ebit": 341.2,
        "equityEarningsAffiliates": 0.3,
        "grossIncome": 924.9,
        "interestIncomeExpense": -23.8,
        "minorityInterest": 0,
        "netIncome": 261.6,
        "netIncomeAfterTaxes": 261.3,
        "period": "2019-12-31",
        "pretaxIncome": 317.5,
        "provisionforIncomeTaxes": 56.2,
        "revenue": 3199.5,
        "sgaExpense": 583.7,
        "totalOperatingExpense": 583.7,
        "year": 2019
      },
      {
        "costOfGoodsSold": 2127.9,
        "dilutedAverageSharesOutstanding": 41.7,
        "dilutedEPS": 5.62,
        "ebit": 313.9,
        "equityEarningsAffiliates": 0.2,
        "grossIncome": 870.2,
        "interestIncomeExpense": -20.9,
        "minorityInterest": 0,
        "netIncome": 234.5,
        "netIncomeAfterTaxes": 234.2,
        "period": "2018-12-31",
        "pretaxIncome": 293,
        "provisionforIncomeTaxes": 58.8,
        "revenue": 2998.1,
        "sgaExpense": 556.3,
        "totalOperatingExpense": 556.3,
        "year": 2018
      },
      {
        "costOfGoodsSold": 1982.9,
        "dilutedAverageSharesOutstanding": 42.4,
        "dilutedEPS": 4.51,
        "ebit": 284.4,
        "equityEarningsAffiliates": 0.1,
        "grossIncome": 805.3,
        "interestIncomeExpense": -15.2,
        "minorityInterest": 0.3,
        "netIncome": 191.6,
        "netIncomeAfterTaxes": 179.2,
        "period": "2017-12-31",
        "pretaxIncome": 269.2,
        "provisionforIncomeTaxes": 90,
        "revenue": 2788.2,
        "sgaExpense": 520.9,
        "totalOperatingExpense": 520.9,
        "year": 2017
      },
      {
        "costOfGoodsSold": 1829.7,
        "dilutedAverageSharesOutstanding": 43,
        "dilutedEPS": 3.47,
        "ebit": 255.9,
        "equityEarningsAffiliates": 0.2,
        "grossIncome": 741.1,
        "interestIncomeExpense": -14.5,
        "minorityInterest": 0.4,
        "netIncome": 149,
        "netIncomeAfterTaxes": 148.4,
        "period": "2016-12-31",
        "pretaxIncome": 241.4,
        "provisionforIncomeTaxes": 92.9,
        "revenue": 2570.8,
        "sgaExpense": 485.2,
        "totalOperatingExpense": 485.2,
        "year": 2016
      },
      {
        "costOfGoodsSold": 1687.5,
        "dilutedAverageSharesOutstanding": 44.3,
        "dilutedEPS": 2.9,
        "ebit": 216.2,
        "equityEarningsAffiliates": 0.2,
        "grossIncome": 675.6,
        "interestIncomeExpense": -8.1,
        "minorityInterest": 0.1,
        "netIncome": 128.3,
        "netIncomeAfterTaxes": 128,
        "period": "2015-12-31",
        "pretaxIncome": 208.2,
        "provisionforIncomeTaxes": 80.1,
        "revenue": 2363.1,
        "sgaExpense": 459.4,
        "totalOperatingExpense": 459.4,
        "year": 2015
      }
    ],
    "symbol": "POOL"
  }
}