{
  "symbol": "MPWR",
  "statement": "ic",
  "frequency": "annual",
  "timestamp": "2025-09-19T14:04:15.438617",
  "data": {
    "financials": [
      {
        "costOfGoodsSold": 986.23,
        "dilutedAverageSharesOutstanding": 48.835,
        "dilutedEPS": 36.5865,
        "ebit": 539.758,
        "grossIncome": 1220.87,
        "interestIncomeExpense": 27.093,
        "netIncome": 1786.7,
        "netIncomeAfterTaxes": 1786.7,
        "nonRecurringItems": -0.4,
        "period": "2024-12-31",
        "pretaxIncome": 572.912,
        "provisionforIncomeTaxes": -1213.788,
        "researchDevelopment": 324.748,
        "revenue": 2207.1,
        "sgaExpense": 356.364,
        "totalOperatingExpense": 681.112,
        "totalOtherIncomeExpenseNet": 6.461,
        "year": 2024
      },
      {
        "costOfGoodsSold": 799.953,
        "dilutedAverageSharesOutstanding": 48.771,
        "dilutedEPS": 8.7629,
        "ebit": 481.736,
        "grossIncome": 1021.119,
        "interestIncomeExpense": 24.787,
        "netIncome": 427.374,
        "netIncomeAfterTaxes": 427.374,
        "period": "2023-12-31",
        "pretaxIncome": 505.841,
        "provisionforIncomeTaxes": 78.467,
        "researchDevelopment": 263.643,
        "revenue": 1821.072,
        "sgaExpense": 275.74,
        "totalOperatingExpense": 539.383,
        "totalOtherIncomeExpenseNet": -0.682,
        "year": 2023
      },
      {
        "costOfGoodsSold": 745.6,
        "dilutedAverageSharesOutstanding": 48.4,
        "dilutedEPS": 9.05,
        "ebit": 534.8,
        "grossIncome": 1048.6,
        "interestIncomeExpense": 14.8,
        "netIncome": 437.7,
        "netIncomeAfterTaxes": 437.7,
        "nonRecurringItems": -8,
        "period": "2022-12-31",
        "pretaxIncome": 524.9,
        "provisionforIncomeTaxes": 87.3,
        "researchDevelopment": 240.2,
        "revenue": 1794.1,
        "sgaExpense": 273.6,
        "totalOperatingExpense": 513.8,
        "totalOtherIncomeExpenseNet": -16.7,
        "year": 2022
      },
      {
        "costOfGoodsSold": 522.3,
        "dilutedAverageSharesOutstanding": 47.9,
        "dilutedEPS": 5.05,
        "ebit": 268.6,
        "grossIncome": 685.5,
        "interestIncomeExpense": 10.9,
        "netIncome": 242,
        "netIncomeAfterTaxes": 242,
        "nonRecurringItems": -6.2,
        "period": "2021-12-31",
        "pretaxIncome": 272.2,
        "provisionforIncomeTaxes": 30.2,
        "researchDevelopment": 190.6,
        "revenue": 1207.8,
        "sgaExpense": 226.2,
        "totalOperatingExpense": 416.9,
        "totalOtherIncomeExpenseNet": -1.1,
        "year": 2021
      },
      {
        "costOfGoodsSold": 378.5,
        "dilutedAverageSharesOutstanding": 47,
        "dilutedEPS": 3.5,
        "ebit": 166.7,
        "grossIncome": 466,
        "interestIncomeExpense": 8,
        "netIncome": 164.4,
        "netIncomeAfterTaxes": 164.4,
        "nonRecurringItems": -7.8,
        "period": "2020-12-31",
        "pretaxIncome": 169.3,
        "provisionforIncomeTaxes": 5,
        "researchDevelopment": 137.6,
        "revenue": 844.5,
        "sgaExpense": 161.7,
        "totalOperatingExpense": 299.3,
        "totalOtherIncomeExpenseNet": 2.5,
        "year": 2020
      },
      {
        "costOfGoodsSold": 281.6,
        "dilutedAverageSharesOutstanding": 45.8,
        "dilutedEPS": 2.37,
        "ebit": 105.1,
        "gainLossOnDispositionOfAssets": 0.7,
        "grossIncome": 346.3,
        "interestIncomeExpense": 7,
        "netIncome": 108.8,
        "netIncomeAfterTaxes": 110.8,
        "nonRecurringItems": -2.5,
        "period": "2019-12-31",
        "pretaxIncome": 113.1,
        "provisionforIncomeTaxes": 2.3,
        "researchDevelopment": 107.8,
        "revenue": 627.9,
        "sgaExpense": 133.5,
        "totalOperatingExpense": 241.3,
        "totalOtherIncomeExpenseNet": 2.9,
        "year": 2019
      },
      {
        "costOfGoodsSold": 259.7,
        "dilutedAverageSharesOutstanding": 44.6,
        "dilutedEPS": 2.36,
        "ebit": 115.4,
        "grossIncome": 322.7,
        "interestIncomeExpense": 7.3,
        "netIncome": 105.3,
        "netIncomeAfterTaxes": 106.6,
        "nonRecurringItems": -1.9,
        "period": "2018-12-31",
        "pretaxIncome": 118.5,
        "provisionforIncomeTaxes": 11.9,
        "researchDevelopment": 93.5,
        "revenue": 582.4,
        "sgaExpense": 113.8,
        "totalOperatingExpense": 207.3,
        "totalOtherIncomeExpenseNet": -2.3,
        "year": 2018
      },
      {
        "costOfGoodsSold": 212.6,
        "dilutedAverageSharesOutstanding": 43.6,
        "dilutedEPS": 1.49,
        "ebit": 78.6,
        "grossIncome": 258.3,
        "interestIncomeExpense": 4.8,
        "netIncome": 65.2,
        "netIncomeAfterTaxes": 116.9,
        "nonRecurringItems": -1.2,
        "period": "2017-12-31",
        "pretaxIncome": 82.9,
        "provisionforIncomeTaxes": -34,
        "researchDevelopment": 82.4,
        "revenue": 470.9,
        "sgaExpense": 97.3,
        "totalOperatingExpense": 179.7,
        "totalOtherIncomeExpenseNet": 0.7,
        "year": 2017
      },
      {
        "costOfGoodsSold": 177.8,
        "dilutedAverageSharesOutstanding": 41.9,
        "dilutedEPS": 1.26,
        "ebit": 54.2,
        "grossIncome": 210.9,
        "interestIncomeExpense": 2.8,
        "netIncome": 52.7,
        "netIncomeAfterTaxes": 52.7,
        "nonRecurringItems": 0.2,
        "period": "2016-12-31",
        "pretaxIncome": 57.3,
        "provisionforIncomeTaxes": 4.5,
        "researchDevelopment": 73.6,
        "revenue": 388.7,
        "sgaExpense": 83,
        "totalOperatingExpense": 156.6,
        "year": 2016
      },
      {
        "costOfGoodsSold": 152.9,
        "dilutedAverageSharesOutstanding": 40.9,
        "dilutedEPS": 0.86,
        "ebit": 42.1,
        "grossIncome": 180.2,
        "interestIncomeExpense": 1.4,
        "netIncome": 35.2,
        "netIncomeAfterTaxes": 35.2,
        "nonRecurringItems": -1,
        "period": "2015-12-31",
        "pretaxIncome": 42.5,
        "provisionforIncomeTaxes": 7.3,
        "researchDevelopment": 65.8,
        "revenue": 333.1,
        "sgaExpense": 72.3,
        "totalOperatingExpense": 138.1,
        "year": 2015
      }
    ],
    "symbol": "MPWR"
  }
}