{
  "symbol": "TER",
  "statement": "ic",
  "frequency": "annual",
  "timestamp": "2025-09-19T14:07:23.582376",
  "data": {
    "financials": [
      {
        "costOfGoodsSold": 1170.953,
        "depreciationAmortization": 18.764,
        "dilutedAverageSharesOutstanding": 163.314,
        "dilutedEPS": 3.321,
        "ebit": 552.24,
        "equityEarningsAffiliates": -7.211,
        "grossIncome": 1648.927,
        "interestExpense": 3.587,
        "interestIncomeExpense": 28.585,
        "netIncome": 542.372,
        "netIncomeAfterTaxes": 549.583,
        "nonRecurringItems": 41.548,
        "period": "2024-12-31",
        "pretaxIncome": 609.086,
        "provisionforIncomeTaxes": 59.503,
        "researchDevelopment": 460.876,
        "revenue": 2819.88,
        "sgaExpense": 617.047,
        "totalOperatingExpense": 1096.687,
        "totalOtherIncomeExpenseNet": -13.287,
        "year": 2024
      },
      {
        "costOfGoodsSold": 1139.55,
        "depreciationAmortization": 18.999,
        "dilutedAverageSharesOutstanding": 164.304,
        "dilutedEPS": 2.7312,
        "ebit": 522.345,
        "grossIncome": 1536.748,
        "interestExpense": 3.806,
        "interestIncomeExpense": 31.342,
        "netIncome": 448.752,
        "netIncomeAfterTaxes": 448.752,
        "nonRecurringItems": -21.277,
        "period": "2023-12-31",
        "pretaxIncome": 525.572,
        "provisionforIncomeTaxes": 76.82,
        "researchDevelopment": 418.089,
        "revenue": 2676.298,
        "sgaExpense": 577.315,
        "totalOperatingExpense": 1014.403,
        "totalOtherIncomeExpenseNet": -6.838,
        "year": 2023
      },
      {
        "costOfGoodsSold": 1287.894,
        "depreciationAmortization": 19.333,
        "dilutedAverageSharesOutstanding": 169.734,
        "dilutedEPS": 4.2154,
        "ebit": 849.124,
        "grossIncome": 1867.151,
        "interestExpense": 3.719,
        "interestIncomeExpense": -6.24,
        "netIncome": 715.501,
        "netIncomeAfterTaxes": 715.501,
        "nonRecurringItems": -17.185,
        "period": "2022-12-31",
        "pretaxIncome": 840.385,
        "provisionforIncomeTaxes": 124.884,
        "researchDevelopment": 440.591,
        "revenue": 3155.045,
        "sgaExpense": 558.103,
        "totalOperatingExpense": 1018.027,
        "totalOtherIncomeExpenseNet": 14.686,
        "year": 2022
      },
      {
        "costOfGoodsSold": 1496.225,
        "depreciationAmortization": 21.456,
        "dilutedAverageSharesOutstanding": 183.625,
        "dilutedEPS": 5.5253,
        "ebit": 1210.032,
        "grossIncome": 2206.656,
        "interestExpense": 17.82,
        "interestIncomeExpense": -8.793,
        "netIncome": 1014.589,
        "netIncomeAfterTaxes": 1014.589,
        "nonRecurringItems": -38.14,
        "period": "2021-12-31",
        "pretaxIncome": 1160.955,
        "provisionforIncomeTaxes": 146.366,
        "researchDevelopment": 427.609,
        "revenue": 3702.881,
        "sgaExpense": 547.559,
        "totalOperatingExpense": 996.624,
        "totalOtherIncomeExpenseNet": -2.144,
        "year": 2021
      },
      {
        "costOfGoodsSold": 1335.7,
        "depreciationAmortization": 30.8,
        "dilutedAverageSharesOutstanding": 183,
        "dilutedEPS": 4.28,
        "ebit": 916,
        "grossIncome": 1785.7,
        "interestExpense": 24.182,
        "interestIncomeExpense": -10.3,
        "netIncome": 784.1,
        "netIncomeAfterTaxes": 784.1,
        "nonRecurringItems": 12.4,
        "period": "2020-12-31",
        "pretaxIncome": 901,
        "provisionforIncomeTaxes": 116.9,
        "researchDevelopment": 375,
        "revenue": 3121.5,
        "sgaExpense": 464,
        "totalOperatingExpense": 869.8,
        "totalOtherIncomeExpenseNet": -17.1,
        "year": 2020
      },
      {
        "costOfGoodsSold": 955.1,
        "depreciationAmortization": 40.1,
        "dilutedAverageSharesOutstanding": 179.5,
        "dilutedEPS": 2.6,
        "ebit": 541.9,
        "grossIncome": 1339.8,
        "interestExpense": 22.224,
        "interestIncomeExpense": 0.8,
        "netIncome": 467.5,
        "netIncomeAfterTaxes": 467.5,
        "nonRecurringItems": 11.8,
        "period": "2019-12-31",
        "pretaxIncome": 525.8,
        "provisionforIncomeTaxes": 58.3,
        "researchDevelopment": 322.8,
        "revenue": 2295,
        "sgaExpense": 435,
        "totalOperatingExpense": 798,
        "totalOtherIncomeExpenseNet": -28.6,
        "year": 2019
      },
      {
        "costOfGoodsSold": 880.4,
        "depreciationAmortization": 39.2,
        "dilutedAverageSharesOutstanding": 192.6,
        "dilutedEPS": 2.34,
        "ebit": 489,
        "grossIncome": 1220.4,
        "interestExpense": 21.78,
        "interestIncomeExpense": 1.1,
        "netIncome": 451.8,
        "netIncomeAfterTaxes": 402.3,
        "nonRecurringItems": -15.2,
        "period": "2018-12-31",
        "pretaxIncome": 467.8,
        "provisionforIncomeTaxes": 65.5,
        "researchDevelopment": 301.5,
        "revenue": 2100.8,
        "sgaExpense": 390.7,
        "totalOperatingExpense": 731.4,
        "totalOtherIncomeExpenseNet": -7.1,
        "year": 2018
      },
      {
        "costOfGoodsSold": 915.2,
        "depreciationAmortization": 30.5,
        "dilutedAverageSharesOutstanding": 201.6,
        "dilutedEPS": 1.27,
        "ebit": 534.7,
        "grossIncome": 1221.5,
        "interestExpense": 21.363,
        "interestIncomeExpense": -2.7,
        "netIncome": 257.7,
        "netIncomeAfterTaxes": 442,
        "nonRecurringItems": -9.4,
        "period": "2017-12-31",
        "pretaxIncome": 524.4,
        "provisionforIncomeTaxes": 82.4,
        "researchDevelopment": 307.3,
        "revenue": 2136.6,
        "sgaExpense": 348.9,
        "totalOperatingExpense": 686.7,
        "totalOtherIncomeExpenseNet": 1.8,
        "year": 2017
      },
      {
        "costOfGoodsSold": 794.6,
        "depreciationAmortization": 52.6,
        "dilutedAverageSharesOutstanding": 202.6,
        "dilutedEPS": -0.21,
        "ebit": 297.2,
        "grossIncome": 958.6,
        "interestExpense": 3.137,
        "interestIncomeExpense": -3,
        "netIncome": -43.4,
        "netIncomeAfterTaxes": -43.4,
        "nonRecurringItems": -360.2,
        "period": "2016-12-31",
        "pretaxIncome": -55.1,
        "provisionforIncomeTaxes": -11.6,
        "researchDevelopment": 292.2,
        "revenue": 1753.3,
        "sgaExpense": 316.5,
        "totalOperatingExpense": 661.4,
        "totalOtherIncomeExpenseNet": 10.9,
        "year": 2016
      },
      {
        "costOfGoodsSold": 723.9,
        "depreciationAmortization": 69,
        "dilutedAverageSharesOutstanding": 213.3,
        "dilutedEPS": 0.97,
        "ebit": 248.1,
        "grossIncome": 915.6,
        "interestExpense": 1.876,
        "interestIncomeExpense": 2.3,
        "netIncome": 206.5,
        "netIncomeAfterTaxes": 206.5,
        "nonRecurringItems": -5.1,
        "period": "2015-12-31",
        "pretaxIncome": 253.1,
        "provisionforIncomeTaxes": 46.6,
        "researchDevelopment": 292.3,
        "revenue": 1639.6,
        "sgaExpense": 306.3,
        "totalOperatingExpense": 667.6,
        "totalOtherIncomeExpenseNet": 7.9,
        "year": 2015
      }
    ],
    "symbol": "TER"
  }
}