{
  "symbol": "YUM",
  "statement": "ic",
  "frequency": "annual",
  "timestamp": "2025-09-19T14:09:05.049682",
  "data": {
    "financials": [
      {
        "costOfGoodsSold": 3947,
        "dilutedAverageSharesOutstanding": 285,
        "dilutedEPS": 5.214,
        "ebit": 2528,
        "grossIncome": 3602,
        "interestExpense": 542,
        "interestIncomeExpense": -516,
        "netIncome": 1486,
        "netIncomeAfterTaxes": 1486,
        "nonRecurringItems": -119,
        "otherOperatingExpensesTotal": -22,
        "period": "2024-12-31",
        "pretaxIncome": 1900,
        "provisionforIncomeTaxes": 414,
        "revenue": 7549,
        "sgaExpense": 1096,
        "totalOperatingExpense": 1074,
        "totalOtherIncomeExpenseNet": 7,
        "year": 2024
      },
      {
        "costOfGoodsSold": 3580,
        "dilutedAverageSharesOutstanding": 285,
        "dilutedEPS": 5.6035,
        "ebit": 2327,
        "grossIncome": 3496,
        "interestExpense": 602,
        "interestIncomeExpense": -511,
        "netIncome": 1597,
        "netIncomeAfterTaxes": 1597,
        "nonRecurringItems": -4,
        "otherOperatingExpensesTotal": -3,
        "period": "2023-12-31",
        "pretaxIncome": 1818,
        "provisionforIncomeTaxes": 221,
        "revenue": 7076,
        "sgaExpense": 1172,
        "totalOperatingExpense": 1169,
        "totalOtherIncomeExpenseNet": 6,
        "year": 2023
      },
      {
        "costOfGoodsSold": 3535,
        "dilutedAverageSharesOutstanding": 290,
        "dilutedEPS": 4.569,
        "ebit": 2189,
        "grossIncome": 3307,
        "interestExpense": 558,
        "interestIncomeExpense": -507,
        "netIncome": 1325,
        "netIncomeAfterTaxes": 1325,
        "nonRecurringItems": -12,
        "otherOperatingExpensesTotal": -12,
        "period": "2022-12-31",
        "pretaxIncome": 1662,
        "provisionforIncomeTaxes": 337,
        "revenue": 6842,
        "sgaExpense": 1130,
        "totalOperatingExpense": 1118,
        "totalOtherIncomeExpenseNet": -8,
        "year": 2022
      },
      {
        "costOfGoodsSold": 3418,
        "dilutedAverageSharesOutstanding": 302,
        "dilutedEPS": 5.2152,
        "ebit": 2113,
        "grossIncome": 3166,
        "interestExpense": 551,
        "interestIncomeExpense": -444,
        "netIncome": 1575,
        "netIncomeAfterTaxes": 1575,
        "nonRecurringItems": 11,
        "period": "2021-12-31",
        "pretaxIncome": 1674,
        "provisionforIncomeTaxes": 99,
        "revenue": 6584,
        "sgaExpense": 1053,
        "totalOperatingExpense": 1053,
        "totalOtherIncomeExpenseNet": -6,
        "year": 2021
      },
      {
        "costOfGoodsSold": 2965,
        "dilutedAverageSharesOutstanding": 307,
        "dilutedEPS": 2.94,
        "ebit": 1654,
        "grossIncome": 2687,
        "interestExpense": 558,
        "interestIncomeExpense": -451,
        "netIncome": 904,
        "netIncomeAfterTaxes": 904,
        "nonRecurringItems": -171,
        "otherOperatingExpensesTotal": 5,
        "period": "2020-12-31",
        "pretaxIncome": 1020,
        "provisionforIncomeTaxes": 116,
        "revenue": 5652,
        "sgaExpense": 1028,
        "totalOperatingExpense": 1033,
        "totalOtherIncomeExpenseNet": -12,
        "year": 2020
      },
      {
        "costOfGoodsSold": 2783,
        "dilutedAverageSharesOutstanding": 313,
        "dilutedEPS": 4.13,
        "ebit": 1897,
        "grossIncome": 2814,
        "interestExpense": 519,
        "interestIncomeExpense": -552,
        "netIncome": 1294,
        "netIncomeAfterTaxes": 1294,
        "nonRecurringItems": 32,
        "period": "2019-12-31",
        "pretaxIncome": 1373,
        "provisionforIncomeTaxes": 79,
        "revenue": 5597,
        "sgaExpense": 917,
        "totalOperatingExpense": 917,
        "totalOtherIncomeExpenseNet": -4,
        "year": 2019
      },
      {
        "costOfGoodsSold": 3030,
        "dilutedAverageSharesOutstanding": 329,
        "dilutedEPS": 4.68,
        "ebit": 1771,
        "grossIncome": 2658,
        "interestExpense": 496,
        "interestIncomeExpense": -444,
        "netIncome": 1542,
        "netIncomeAfterTaxes": 1476,
        "nonRecurringItems": 526,
        "period": "2018-12-31",
        "pretaxIncome": 1839,
        "provisionforIncomeTaxes": 363,
        "revenue": 5688,
        "sgaExpense": 887,
        "totalOperatingExpense": 887,
        "totalOtherIncomeExpenseNet": -14,
        "year": 2018
      },
      {
        "costOfGoodsSold": 2279,
        "dilutedAverageSharesOutstanding": 355,
        "dilutedEPS": 3.77,
        "ebit": 1687,
        "grossIncome": 3599,
        "interestExpense": 473,
        "interestIncomeExpense": -444,
        "netIncome": 1340,
        "netIncomeAfterTaxes": 1774,
        "nonRecurringItems": 1078,
        "otherOperatingExpensesTotal": 1,
        "period": "2017-12-31",
        "pretaxIncome": 2274,
        "provisionforIncomeTaxes": 500,
        "researchDevelopment": 22,
        "revenue": 5878,
        "sgaExpense": 1889,
        "totalOperatingExpense": 1912,
        "totalOtherIncomeExpenseNet": -47,
        "year": 2017
      },
      {
        "costOfGoodsSold": 2574,
        "dilutedAverageSharesOutstanding": 400,
        "dilutedEPS": 4.1,
        "ebit": 1537,
        "grossIncome": 3782,
        "interestExpense": 331,
        "interestIncomeExpense": -299,
        "netIncome": 1643,
        "netIncomeAfterTaxes": 1018,
        "nonRecurringItems": 139,
        "period": "2016-12-31",
        "pretaxIncome": 1345,
        "provisionforIncomeTaxes": 327,
        "researchDevelopment": 24,
        "revenue": 6356,
        "sgaExpense": 2221,
        "totalOperatingExpense": 2245,
        "totalOtherIncomeExpenseNet": -32,
        "year": 2016
      },
      {
        "costOfGoodsSold": 2705,
        "dilutedAverageSharesOutstanding": 443,
        "dilutedEPS": 2.89,
        "ebit": 1493,
        "grossIncome": 3713,
        "interestExpense": 153,
        "interestIncomeExpense": -161,
        "netIncome": 1283,
        "netIncomeAfterTaxes": 926,
        "nonRecurringItems": -39,
        "period": "2015-12-26",
        "pretaxIncome": 1253,
        "provisionforIncomeTaxes": 327,
        "researchDevelopment": 25,
        "revenue": 6418,
        "sgaExpense": 2195,
        "totalOperatingExpense": 2220,
        "totalOtherIncomeExpenseNet": -40,
        "year": 2015
      }
    ],
    "symbol": "YUM"
  }
}