{
  "symbol": "TPL",
  "statement": "ic",
  "frequency": "annual",
  "timestamp": "2025-09-19T14:07:28.516813",
  "data": {
    "financials": [
      {
        "costOfGoodsSold": 46.124,
        "depreciationAmortization": 25.162,
        "dilutedAverageSharesOutstanding": 23.02,
        "dilutedEPS": 19.72,
        "ebit": 539.138,
        "grossIncome": 659.699,
        "netIncome": 453.96,
        "netIncomeAfterTaxes": 453.96,
        "period": "2024-12-31",
        "pretaxIncome": 578.821,
        "provisionforIncomeTaxes": 124.861,
        "revenue": 705.823,
        "sgaExpense": 95.399,
        "totalOperatingExpense": 120.561,
        "totalOtherIncomeExpenseNet": 39.683,
        "year": 2024
      },
      {
        "costOfGoodsSold": 33.566,
        "depreciationAmortization": 14.757,
        "dilutedAverageSharesOutstanding": 23.06,
        "dilutedEPS": 17.59,
        "ebit": 486.053,
        "grossIncome": 598.029,
        "netIncome": 405.645,
        "netIncomeAfterTaxes": 405.645,
        "period": "2023-12-31",
        "pretaxIncome": 517.561,
        "provisionforIncomeTaxes": 111.916,
        "revenue": 631.595,
        "sgaExpense": 97.219,
        "totalOperatingExpense": 111.976,
        "totalOtherIncomeExpenseNet": 31.508,
        "year": 2023
      },
      {
        "costOfGoodsSold": 17.463,
        "depreciationAmortization": 15.376,
        "dilutedAverageSharesOutstanding": 23.181,
        "dilutedEPS": 19.26,
        "ebit": 562.307,
        "grossIncome": 649.959,
        "netIncome": 446.362,
        "netIncomeAfterTaxes": 446.362,
        "otherOperatingExpensesTotal": 0.055,
        "period": "2022-12-31",
        "pretaxIncome": 568.855,
        "provisionforIncomeTaxes": 122.493,
        "revenue": 667.422,
        "sgaExpense": 72.221,
        "totalOperatingExpense": 87.652,
        "totalOtherIncomeExpenseNet": 6.548,
        "year": 2022
      },
      {
        "costOfGoodsSold": 13.233,
        "depreciationAmortization": 16.257,
        "dilutedAverageSharesOutstanding": 23.256,
        "dilutedEPS": 11.61,
        "ebit": 362.393,
        "grossIncome": 437.725,
        "netIncome": 269.98,
        "netIncomeAfterTaxes": 269.98,
        "otherOperatingExpensesTotal": 0,
        "period": "2021-12-31",
        "pretaxIncome": 363.017,
        "provisionforIncomeTaxes": 93.037,
        "revenue": 450.958,
        "sgaExpense": 59.075,
        "totalOperatingExpense": 75.332,
        "totalOtherIncomeExpenseNet": 0.624,
        "year": 2021
      },
      {
        "costOfGoodsSold": 14.233,
        "depreciationAmortization": 14.395,
        "dilutedAverageSharesOutstanding": 23.269,
        "dilutedEPS": 7.57,
        "ebit": 217.261,
        "grossIncome": 288.331,
        "netIncome": 176.049,
        "netIncomeAfterTaxes": 176.049,
        "otherOperatingExpensesTotal": 3.973,
        "period": "2020-12-31",
        "pretaxIncome": 219.662,
        "provisionforIncomeTaxes": 43.613,
        "revenue": 302.564,
        "sgaExpense": 52.702,
        "totalOperatingExpense": 71.07,
        "totalOtherIncomeExpenseNet": 2.401,
        "year": 2020
      },
      {
        "costOfGoodsSold": 20.808,
        "depreciationAmortization": 8.906,
        "dilutedAverageSharesOutstanding": 23.27,
        "dilutedEPS": 13.7,
        "ebit": 399.573,
        "grossIncome": 469.688,
        "netIncome": 318.728,
        "netIncomeAfterTaxes": 318.728,
        "period": "2019-12-31",
        "pretaxIncome": 402.255,
        "provisionforIncomeTaxes": 83.527,
        "revenue": 490.496,
        "sgaExpense": 61.209,
        "totalOperatingExpense": 70.115,
        "totalOtherIncomeExpenseNet": 2.682,
        "year": 2019
      },
      {
        "costOfGoodsSold": 11.168,
        "depreciationAmortization": 2.583,
        "dilutedAverageSharesOutstanding": 23.362,
        "dilutedEPS": 8.98,
        "ebit": 260.834,
        "grossIncome": 289.052,
        "netIncome": 209.736,
        "netIncomeAfterTaxes": 209.736,
        "period": "2018-12-31",
        "pretaxIncome": 261.75,
        "provisionforIncomeTaxes": 52.014,
        "revenue": 300.22,
        "sgaExpense": 25.635,
        "totalOperatingExpense": 28.218,
        "totalOtherIncomeExpenseNet": 0.916,
        "year": 2018
      },
      {
        "costOfGoodsSold": 0.491,
        "depreciationAmortization": 0.376,
        "dilutedAverageSharesOutstanding": 23.564,
        "dilutedEPS": 4.12,
        "ebit": 144.947,
        "grossIncome": 154.143,
        "netIncome": 97.231,
        "netIncomeAfterTaxes": 97.128,
        "period": "2017-12-31",
        "pretaxIncome": 145.061,
        "provisionforIncomeTaxes": 47.933,
        "revenue": 154.634,
        "sgaExpense": 8.82,
        "totalOperatingExpense": 9.196,
        "totalOtherIncomeExpenseNet": 0.114,
        "year": 2017
      },
      {
        "costOfGoodsSold": 0,
        "depreciationAmortization": 0.043,
        "dilutedAverageSharesOutstanding": 23.967,
        "dilutedEPS": 1.76,
        "ebit": 62.911,
        "grossIncome": 66.109,
        "netIncome": 42.275,
        "netIncomeAfterTaxes": 42.275,
        "period": "2016-12-31",
        "pretaxIncome": 62.896,
        "provisionforIncomeTaxes": 20.621,
        "revenue": 66.109,
        "sgaExpense": 3.155,
        "totalOperatingExpense": 3.198,
        "totalOtherIncomeExpenseNet": -0.015,
        "year": 2016
      },
      {
        "costOfGoodsSold": 0.01,
        "depreciationAmortization": 0.025,
        "dilutedAverageSharesOutstanding": 24.593,
        "dilutedEPS": 2.03,
        "ebit": 75.256,
        "grossIncome": 79.404,
        "interestIncomeExpense": 0.027,
        "netIncome": 50.039,
        "netIncomeAfterTaxes": 50.039,
        "period": "2015-12-31",
        "pretaxIncome": 75.283,
        "provisionforIncomeTaxes": 25.245,
        "revenue": 79.415,
        "sgaExpense": 4.123,
        "totalOperatingExpense": 4.149,
        "year": 2015
      }
    ],
    "symbol": "TPL"
  }
}