{
  "symbol": "HPE",
  "statement": "ic",
  "frequency": "quarterly",
  "timestamp": "2025-09-19T14:01:29.292291",
  "data": {
    "financials": [
      {
        "costOfGoodsSold": 6464,
        "depreciationAmortization": 126,
        "dilutedAverageSharesOutstanding": 1421,
        "dilutedEPS": 0.19,
        "ebit": 428,
        "grossIncome": 2672,
        "interestIncomeExpense": -13,
        "netIncome": 276,
        "netIncomeAfterTaxes": 305,
        "nonRecurringItems": -127,
        "period": "2025-07-31",
        "pretaxIncome": 288,
        "provisionforIncomeTaxes": -17,
        "researchDevelopment": 622,
        "revenue": 9136,
        "sgaExpense": 1496,
        "totalOperatingExpense": 2244
      },
      {
        "costOfGoodsSold": 5458,
        "depreciationAmortization": 37,
        "dilutedAverageSharesOutstanding": 1322,
        "dilutedEPS": -0.82,
        "ebit": 294,
        "grossIncome": 2169,
        "interestIncomeExpense": 64,
        "netIncome": -1079,
        "netIncomeAfterTaxes": -1050,
        "nonRecurringItems": -1403,
        "period": "2025-04-30",
        "pretaxIncome": -1045,
        "provisionforIncomeTaxes": 5,
        "researchDevelopment": 540,
        "revenue": 7627,
        "sgaExpense": 1298,
        "totalOperatingExpense": 1875
      },
      {
        "costOfGoodsSold": 5559,
        "depreciationAmortization": 38,
        "dilutedAverageSharesOutstanding": 1409,
        "dilutedEPS": 0.42,
        "ebit": 514,
        "grossIncome": 2295,
        "interestIncomeExpense": 58,
        "netIncome": 598,
        "netIncomeAfterTaxes": 627,
        "nonRecurringItems": 161,
        "period": "2025-01-31",
        "pretaxIncome": 733,
        "provisionforIncomeTaxes": 106,
        "researchDevelopment": 475,
        "revenue": 7854,
        "sgaExpense": 1268,
        "totalOperatingExpense": 1781
      },
      {
        "costOfGoodsSold": 5852,
        "depreciationAmortization": 69,
        "dilutedAverageSharesOutstanding": 1373,
        "dilutedEPS": 0.99,
        "ebit": 799,
        "grossIncome": 2606,
        "interestIncomeExpense": -9,
        "netIncome": 1341,
        "netIncomeAfterTaxes": 1366,
        "nonRecurringItems": 627,
        "period": "2024-10-31",
        "pretaxIncome": 1417,
        "provisionforIncomeTaxes": 51,
        "researchDevelopment": 527,
        "revenue": 8458,
        "sgaExpense": 1211,
        "totalOperatingExpense": 1807
      },
      {
        "costOfGoodsSold": 5271,
        "depreciationAmortization": 60,
        "dilutedAverageSharesOutstanding": 1332,
        "dilutedEPS": 0.38,
        "ebit": 603,
        "grossIncome": 2439,
        "interestIncomeExpense": 61,
        "netIncome": 512,
        "netIncomeAfterTaxes": 512,
        "nonRecurringItems": -56,
        "period": "2024-07-31",
        "pretaxIncome": 608,
        "provisionforIncomeTaxes": 96,
        "researchDevelopment": 547,
        "revenue": 7710,
        "sgaExpense": 1229,
        "totalOperatingExpense": 1836
      },
      {
        "costOfGoodsSold": 4828,
        "depreciationAmortization": 67,
        "dilutedAverageSharesOutstanding": 1325,
        "dilutedEPS": 0.24,
        "ebit": 504,
        "grossIncome": 2376,
        "interestIncomeExpense": 20,
        "netIncome": 314,
        "netIncomeAfterTaxes": 314,
        "nonRecurringItems": -79,
        "period": "2024-04-30",
        "pretaxIncome": 445,
        "provisionforIncomeTaxes": 131,
        "researchDevelopment": 590,
        "revenue": 7204,
        "sgaExpense": 1215,
        "totalOperatingExpense": 1872
      },
      {
        "costOfGoodsSold": 4298,
        "depreciationAmortization": 71,
        "dilutedAverageSharesOutstanding": 1316,
        "dilutedEPS": 0.29,
        "ebit": 588,
        "grossIncome": 2457,
        "interestIncomeExpense": -42,
        "netIncome": 387,
        "netIncomeAfterTaxes": 387,
        "nonRecurringItems": -63,
        "period": "2024-01-31",
        "pretaxIncome": 483,
        "provisionforIncomeTaxes": 96,
        "researchDevelopment": 582,
        "revenue": 6755,
        "sgaExpense": 1216,
        "totalOperatingExpense": 1869
      },
      {
        "costOfGoodsSold": 4792,
        "depreciationAmortization": 72,
        "dilutedAverageSharesOutstanding": 1313,
        "dilutedEPS": 0.49,
        "ebit": 577,
        "grossIncome": 2559,
        "interestIncomeExpense": 38,
        "netIncome": 642,
        "netIncomeAfterTaxes": 642,
        "nonRecurringItems": -65,
        "period": "2023-10-31",
        "pretaxIncome": 549,
        "provisionforIncomeTaxes": -93,
        "researchDevelopment": 578,
        "revenue": 7351,
        "sgaExpense": 1332,
        "totalOperatingExpense": 1982,
        "totalOtherIncomeExpenseNet": -1
      },
      {
        "costOfGoodsSold": 4492,
        "depreciationAmortization": 72,
        "dilutedAverageSharesOutstanding": 1316,
        "dilutedEPS": 0.35,
        "ebit": 558,
        "grossIncome": 2510,
        "interestIncomeExpense": 23,
        "netIncome": 464,
        "netIncomeAfterTaxes": 464,
        "nonRecurringItems": -42,
        "period": "2023-07-31",
        "pretaxIncome": 536,
        "provisionforIncomeTaxes": 72,
        "researchDevelopment": 578,
        "revenue": 7002,
        "sgaExpense": 1302,
        "totalOperatingExpense": 1952,
        "totalOtherIncomeExpenseNet": -3
      },
      {
        "costOfGoodsSold": 4461,
        "depreciationAmortization": 71,
        "dilutedAverageSharesOutstanding": 1318,
        "dilutedEPS": 0.32,
        "ebit": 602,
        "grossIncome": 2512,
        "interestIncomeExpense": -5,
        "netIncome": 418,
        "netIncomeAfterTaxes": 418,
        "nonRecurringItems": -76,
        "period": "2023-04-30",
        "pretaxIncome": 522,
        "provisionforIncomeTaxes": 104,
        "researchDevelopment": 570,
        "revenue": 6973,
        "sgaExpense": 1269,
        "totalOperatingExpense": 1910,
        "totalOtherIncomeExpenseNet": 1
      },
      {
        "costOfGoodsSold": 5151,
        "depreciationAmortization": 73,
        "dilutedAverageSharesOutstanding": 1315,
        "dilutedEPS": 0.38,
        "ebit": 705,
        "grossIncome": 2658,
        "interestIncomeExpense": 33,
        "netIncome": 501,
        "netIncomeAfterTaxes": 501,
        "nonRecurringItems": -115,
        "period": "2023-01-31",
        "pretaxIncome": 623,
        "provisionforIncomeTaxes": 122,
        "researchDevelopment": 623,
        "revenue": 7809,
        "sgaExpense": 1257,
        "totalOperatingExpense": 1953,
        "totalOtherIncomeExpenseNet": 0
      },
      {
        "costOfGoodsSold": 5278,
        "depreciationAmortization": 73,
        "dilutedAverageSharesOutstanding": 1294,
        "dilutedEPS": -0.23,
        "ebit": 743,
        "grossIncome": 2593,
        "interestIncomeExpense": -26,
        "netIncome": -304,
        "netIncomeAfterTaxes": -304,
        "nonRecurringItems": -1102,
        "period": "2022-10-31",
        "pretaxIncome": -357,
        "provisionforIncomeTaxes": -53,
        "researchDevelopment": 515,
        "revenue": 7871,
        "sgaExpense": 1262,
        "totalOperatingExpense": 1850,
        "totalOtherIncomeExpenseNet": 28
      },
      {
        "costOfGoodsSold": 4555,
        "depreciationAmortization": 73,
        "dilutedAverageSharesOutstanding": 1323,
        "dilutedEPS": 0.31,
        "ebit": 585,
        "grossIncome": 2396,
        "interestIncomeExpense": -6,
        "netIncome": 409,
        "netIncomeAfterTaxes": 409,
        "nonRecurringItems": -149,
        "period": "2022-07-31",
        "pretaxIncome": 464,
        "provisionforIncomeTaxes": 55,
        "researchDevelopment": 509,
        "revenue": 6951,
        "sgaExpense": 1229,
        "totalOperatingExpense": 1811,
        "totalOtherIncomeExpenseNet": 34
      },
      {
        "costOfGoodsSold": 4540,
        "depreciationAmortization": 74,
        "dilutedAverageSharesOutstanding": 1329,
        "dilutedEPS": 0.19,
        "ebit": 333,
        "grossIncome": 2173,
        "interestIncomeExpense": 33,
        "netIncome": 250,
        "netIncomeAfterTaxes": 250,
        "nonRecurringItems": -126,
        "period": "2022-04-30",
        "pretaxIncome": 276,
        "provisionforIncomeTaxes": 26,
        "researchDevelopment": 517,
        "revenue": 6713,
        "sgaExpense": 1249,
        "totalOperatingExpense": 1840,
        "totalOtherIncomeExpenseNet": 36
      },
      {
        "costOfGoodsSold": 4617,
        "depreciationAmortization": 73,
        "dilutedAverageSharesOutstanding": 1325,
        "dilutedEPS": 0.39,
        "ebit": 566,
        "grossIncome": 2344,
        "interestIncomeExpense": 26,
        "netIncome": 513,
        "netIncomeAfterTaxes": 513,
        "nonRecurringItems": -135,
        "period": "2022-01-31",
        "pretaxIncome": 493,
        "provisionforIncomeTaxes": -20,
        "researchDevelopment": 504,
        "revenue": 6961,
        "sgaExpense": 1201,
        "totalOperatingExpense": 1778,
        "totalOtherIncomeExpenseNet": 36
      },
      {
        "costOfGoodsSold": 4935,
        "depreciationAmortization": 78,
        "dilutedAverageSharesOutstanding": 1336,
        "dilutedEPS": 1.91,
        "ebit": 559,
        "grossIncome": 2419,
        "interestIncomeExpense": -35,
        "netIncome": 2553,
        "netIncomeAfterTaxes": 2553,
        "nonRecurringItems": 2149,
        "period": "2021-10-31",
        "pretaxIncome": 2688,
        "provisionforIncomeTaxes": 135,
        "researchDevelopment": 502,
        "revenue": 7354,
        "sgaExpense": 1280,
        "totalOperatingExpense": 1860,
        "totalOtherIncomeExpenseNet": 15
      },
      {
        "costOfGoodsSold": 4515,
        "depreciationAmortization": 82,
        "dilutedAverageSharesOutstanding": 1338,
        "dilutedEPS": 0.29,
        "ebit": 503,
        "grossIncome": 2382,
        "interestIncomeExpense": 29,
        "netIncome": 392,
        "netIncomeAfterTaxes": 392,
        "nonRecurringItems": -144,
        "period": "2021-07-31",
        "pretaxIncome": 406,
        "provisionforIncomeTaxes": 14,
        "researchDevelopment": 506,
        "revenue": 6897,
        "sgaExpense": 1291,
        "totalOperatingExpense": 1879,
        "totalOtherIncomeExpenseNet": 18
      },
      {
        "costOfGoodsSold": 4413,
        "depreciationAmortization": 84,
        "dilutedAverageSharesOutstanding": 1331,
        "dilutedEPS": 0.19,
        "ebit": 501,
        "grossIncome": 2287,
        "interestIncomeExpense": -7,
        "netIncome": 259,
        "netIncomeAfterTaxes": 259,
        "nonRecurringItems": -221,
        "period": "2021-04-30",
        "pretaxIncome": 288,
        "provisionforIncomeTaxes": 29,
        "researchDevelopment": 503,
        "revenue": 6700,
        "sgaExpense": 1199,
        "totalOperatingExpense": 1786,
        "totalOtherIncomeExpenseNet": 15
      },
      {
        "costOfGoodsSold": 4545,
        "depreciationAmortization": 110,
        "dilutedAverageSharesOutstanding": 1315,
        "dilutedEPS": 0.17,
        "ebit": 551,
        "grossIncome": 2288,
        "interestIncomeExpense": -18,
        "netIncome": 223,
        "netIncomeAfterTaxes": 223,
        "nonRecurringItems": -345,
        "period": "2021-01-31",
        "pretaxIncome": 205,
        "provisionforIncomeTaxes": -18,
        "researchDevelopment": 468,
        "revenue": 6833,
        "sgaExpense": 1159,
        "totalOperatingExpense": 1737,
        "totalOtherIncomeExpenseNet": 17
      },
      {
        "costOfGoodsSold": 5002,
        "depreciationAmortization": 80,
        "dilutedAverageSharesOutstanding": 1294,
        "dilutedEPS": 0.12,
        "ebit": 473,
        "grossIncome": 2206,
        "interestIncomeExpense": -40,
        "netIncome": 157,
        "netIncomeAfterTaxes": 157,
        "nonRecurringItems": -343,
        "period": "2020-10-31",
        "pretaxIncome": 125,
        "provisionforIncomeTaxes": -32,
        "researchDevelopment": 484,
        "revenue": 7208,
        "sgaExpense": 1169,
        "totalOperatingExpense": 1733,
        "totalOtherIncomeExpenseNet": 35
      },
      {
        "costOfGoodsSold": 4749,
        "depreciationAmortization": 95,
        "dilutedAverageSharesOutstanding": 1300,
        "dilutedEPS": 0.01,
        "ebit": 386,
        "grossIncome": 2067,
        "interestIncomeExpense": -44,
        "netIncome": 9,
        "netIncomeAfterTaxes": 9,
        "nonRecurringItems": -404,
        "period": "2020-07-31",
        "pretaxIncome": -34,
        "provisionforIncomeTaxes": -43,
        "researchDevelopment": 455,
        "revenue": 6816,
        "sgaExpense": 1131,
        "totalOperatingExpense": 1681,
        "totalOtherIncomeExpenseNet": 28
      },
      {
        "costOfGoodsSold": 4095,
        "depreciationAmortization": 84,
        "dilutedAverageSharesOutstanding": 1291,
        "dilutedEPS": -0.64,
        "ebit": 271,
        "grossIncome": 1914,
        "interestIncomeExpense": -78,
        "netIncome": -821,
        "netIncomeAfterTaxes": -821,
        "nonRecurringItems": -1140,
        "period": "2020-04-30",
        "pretaxIncome": -911,
        "provisionforIncomeTaxes": -90,
        "researchDevelopment": 450,
        "revenue": 6009,
        "sgaExpense": 1109,
        "totalOperatingExpense": 1643,
        "totalOtherIncomeExpenseNet": 36
      },
      {
        "costOfGoodsSold": 4667,
        "depreciationAmortization": 120,
        "dilutedAverageSharesOutstanding": 1315,
        "dilutedEPS": 0.25,
        "ebit": 459,
        "grossIncome": 2282,
        "interestIncomeExpense": 14,
        "netIncome": 333,
        "netIncomeAfterTaxes": 333,
        "nonRecurringItems": -132,
        "period": "2020-01-31",
        "pretaxIncome": 378,
        "provisionforIncomeTaxes": 45,
        "researchDevelopment": 485,
        "revenue": 6949,
        "sgaExpense": 1218,
        "totalOperatingExpense": 1823,
        "totalOtherIncomeExpenseNet": 37
      },
      {
        "costOfGoodsSold": 4822,
        "depreciationAmortization": 68,
        "dilutedAverageSharesOutstanding": 1324,
        "dilutedEPS": 0.36,
        "ebit": 658,
        "grossIncome": 2393,
        "interestIncomeExpense": -39,
        "netIncome": 480,
        "netIncomeAfterTaxes": 603,
        "nonRecurringItems": -198,
        "period": "2019-10-31",
        "pretaxIncome": 723,
        "provisionforIncomeTaxes": 120,
        "researchDevelopment": 438,
        "revenue": 7215,
        "sgaExpense": 1229,
        "totalOperatingExpense": 1735,
        "totalOtherIncomeExpenseNet": 302
      },
      {
        "costOfGoodsSold": 4768,
        "depreciationAmortization": 58,
        "dilutedAverageSharesOutstanding": 1334,
        "dilutedEPS": -0.01,
        "ebit": 657,
        "grossIncome": 2449,
        "interestIncomeExpense": -67,
        "netIncome": -27,
        "netIncomeAfterTaxes": -13,
        "nonRecurringItems": -733,
        "period": "2019-07-31",
        "pretaxIncome": -265,
        "provisionforIncomeTaxes": -252,
        "researchDevelopment": 481,
        "revenue": 7217,
        "sgaExpense": 1253,
        "totalOperatingExpense": 1792,
        "totalOtherIncomeExpenseNet": -122
      },
      {
        "costOfGoodsSold": 4845,
        "depreciationAmortization": 69,
        "dilutedAverageSharesOutstanding": 1382,
        "dilutedEPS": 0.3,
        "ebit": 565,
        "grossIncome": 2305,
        "interestIncomeExpense": -15,
        "netIncome": 419,
        "netIncomeAfterTaxes": 381,
        "nonRecurringItems": -131,
        "period": "2019-04-30",
        "pretaxIncome": 440,
        "provisionforIncomeTaxes": 59,
        "researchDevelopment": 457,
        "revenue": 7150,
        "sgaExpense": 1214,
        "totalOperatingExpense": 1740,
        "totalOtherIncomeExpenseNet": 21
      },
      {
        "costOfGoodsSold": 5207,
        "depreciationAmortization": 72,
        "dilutedAverageSharesOutstanding": 1412,
        "dilutedEPS": 0.12,
        "ebit": 597,
        "grossIncome": 2346,
        "interestIncomeExpense": -36,
        "netIncome": 177,
        "netIncomeAfterTaxes": 566,
        "nonRecurringItems": -141,
        "period": "2019-01-31",
        "pretaxIncome": 655,
        "provisionforIncomeTaxes": 89,
        "researchDevelopment": 466,
        "revenue": 7553,
        "sgaExpense": 1211,
        "totalOperatingExpense": 1749,
        "totalOtherIncomeExpenseNet": 235
      },
      {
        "costOfGoodsSold": 5550,
        "depreciationAmortization": 72,
        "dilutedAverageSharesOutstanding": 1460,
        "dilutedEPS": -0.51,
        "ebit": 592,
        "grossIncome": 2396,
        "interestIncomeExpense": -96,
        "netIncome": -757,
        "netIncomeAfterTaxes": 696,
        "nonRecurringItems": -41,
        "period": "2018-10-31",
        "pretaxIncome": 576,
        "provisionforIncomeTaxes": -120,
        "researchDevelopment": 443,
        "revenue": 7946,
        "sgaExpense": 1289,
        "totalOperatingExpense": 1804,
        "totalOtherIncomeExpenseNet": 121
      },
      {
        "costOfGoodsSold": 5399,
        "depreciationAmortization": 72,
        "dilutedAverageSharesOutstanding": 1531,
        "dilutedEPS": 0.29,
        "ebit": 637,
        "grossIncome": 2365,
        "interestIncomeExpense": -53,
        "netIncome": 451,
        "netIncomeAfterTaxes": 419,
        "nonRecurringItems": -145,
        "period": "2018-07-31",
        "pretaxIncome": 465,
        "provisionforIncomeTaxes": 46,
        "researchDevelopment": 435,
        "revenue": 7764,
        "sgaExpense": 1221,
        "totalOperatingExpense": 1728,
        "totalOtherIncomeExpenseNet": 26
      },
      {
        "costOfGoodsSold": 5210,
        "depreciationAmortization": 72,
        "dilutedAverageSharesOutstanding": 1582,
        "dilutedEPS": 0.49,
        "ebit": 538,
        "grossIncome": 2258,
        "interestIncomeExpense": -88,
        "netIncome": 778,
        "netIncomeAfterTaxes": 975,
        "nonRecurringItems": -597,
        "period": "2018-04-30",
        "pretaxIncome": -116,
        "provisionforIncomeTaxes": -1091,
        "researchDevelopment": 403,
        "revenue": 7468,
        "sgaExpense": 1245,
        "totalOperatingExpense": 1720,
        "totalOtherIncomeExpenseNet": 31
      },
      {
        "costOfGoodsSold": 5505,
        "depreciationAmortization": 78,
        "dilutedAverageSharesOutstanding": 1619,
        "dilutedEPS": 0.88,
        "ebit": 484,
        "grossIncome": 2169,
        "interestIncomeExpense": 1,
        "netIncome": 1436,
        "netIncomeAfterTaxes": 676,
        "nonRecurringItems": -1175,
        "period": "2018-01-31",
        "pretaxIncome": -657,
        "provisionforIncomeTaxes": -1333,
        "researchDevelopment": 389,
        "revenue": 7674,
        "sgaExpense": 1218,
        "totalOperatingExpense": 1685,
        "totalOtherIncomeExpenseNet": 33
      },
      {
        "costOfGoodsSold": 5408,
        "depreciationAmortization": 86,
        "dilutedAverageSharesOutstanding": 1728,
        "dilutedEPS": 0.3,
        "ebit": 504,
        "grossIncome": 2252,
        "interestIncomeExpense": -75,
        "netIncome": 524,
        "netIncomeAfterTaxes": 378,
        "nonRecurringItems": -791,
        "period": "2017-10-31",
        "pretaxIncome": -301,
        "provisionforIncomeTaxes": -679,
        "researchDevelopment": 368,
        "revenue": 7660,
        "sgaExpense": 1294,
        "totalOperatingExpense": 1748,
        "totalOtherIncomeExpenseNet": 61
      },
      {
        "costOfGoodsSold": 5306,
        "depreciationAmortization": 97,
        "dilutedAverageSharesOutstanding": 1667,
        "dilutedEPS": 0.09,
        "ebit": 423,
        "grossIncome": 2195,
        "interestIncomeExpense": -86,
        "netIncome": 165,
        "netIncomeAfterTaxes": 285,
        "nonRecurringItems": -212,
        "period": "2017-07-31",
        "pretaxIncome": 125,
        "provisionforIncomeTaxes": -160,
        "researchDevelopment": 390,
        "revenue": 7501,
        "sgaExpense": 1285,
        "totalOperatingExpense": 1772
      },
      {
        "costOfGoodsSold": 4799,
        "depreciationAmortization": 72,
        "dilutedAverageSharesOutstanding": 1658,
        "dilutedEPS": -0.36,
        "ebit": 332,
        "grossIncome": 2009,
        "interestIncomeExpense": -89,
        "netIncome": -612,
        "netIncomeAfterTaxes": -478,
        "nonRecurringItems": -130,
        "period": "2017-04-30",
        "pretaxIncome": 113,
        "provisionforIncomeTaxes": 591,
        "researchDevelopment": 376,
        "revenue": 6808,
        "sgaExpense": 1229,
        "totalOperatingExpense": 1677
      },
      {
        "costOfGoodsSold": 4689,
        "depreciationAmortization": 66,
        "dilutedAverageSharesOutstanding": 1700,
        "dilutedEPS": 0.15,
        "ebit": 587,
        "grossIncome": 2213,
        "interestIncomeExpense": -100,
        "netIncome": 267,
        "netIncomeAfterTaxes": 251,
        "nonRecurringItems": -152,
        "period": "2017-01-31",
        "pretaxIncome": 335,
        "provisionforIncomeTaxes": 84,
        "researchDevelopment": 356,
        "revenue": 6902,
        "sgaExpense": 1204,
        "totalOperatingExpense": 1626
      },
      {
        "costOfGoodsSold": 4550,
        "dilutedAverageSharesOutstanding": 1712,
        "dilutedEPS": 0.17,
        "ebit": 302,
        "grossIncome": 684,
        "interestIncomeExpense": -93,
        "netIncome": 302,
        "netIncomeAfterTaxes": 96,
        "nonRecurringItems": 344,
        "otherOperatingExpensesTotal": -59,
        "period": "2016-10-31",
        "pretaxIncome": 553,
        "provisionforIncomeTaxes": 457,
        "researchDevelopment": -40,
        "revenue": 5234,
        "sgaExpense": 481,
        "totalOperatingExpense": 382
      },
      {
        "costOfGoodsSold": 5089,
        "depreciationAmortization": 111,
        "dilutedAverageSharesOutstanding": 1715,
        "dilutedEPS": 1.32,
        "ebit": 679,
        "grossIncome": 2916,
        "interestIncomeExpense": -141,
        "netIncome": 2272,
        "netIncomeAfterTaxes": 2457,
        "nonRecurringItems": 2026,
        "period": "2016-07-31",
        "pretaxIncome": 2564,
        "provisionforIncomeTaxes": 107,
        "researchDevelopment": 551,
        "revenue": 8005,
        "sgaExpense": 1575,
        "totalOperatingExpense": 2237
      },
      {
        "costOfGoodsSold": 5467,
        "depreciationAmortization": 101,
        "dilutedAverageSharesOutstanding": 1751,
        "dilutedEPS": 0.18,
        "ebit": 672,
        "grossIncome": 3042,
        "interestIncomeExpense": -52,
        "netIncome": 320,
        "netIncomeAfterTaxes": 322,
        "nonRecurringItems": -290,
        "period": "2016-04-30",
        "pretaxIncome": 330,
        "provisionforIncomeTaxes": 8,
        "researchDevelopment": 621,
        "revenue": 8509,
        "sgaExpense": 1648,
        "totalOperatingExpense": 2370
      },
      {
        "costOfGoodsSold": 5401,
        "depreciationAmortization": 119,
        "dilutedAverageSharesOutstanding": 1758,
        "dilutedEPS": 0.15,
        "ebit": 754,
        "grossIncome": 3131,
        "interestIncomeExpense": -74,
        "netIncome": 267,
        "netIncomeAfterTaxes": 362,
        "nonRecurringItems": -267,
        "period": "2016-01-31",
        "pretaxIncome": 413,
        "provisionforIncomeTaxes": 51,
        "researchDevelopment": 582,
        "revenue": 8532,
        "sgaExpense": 1676,
        "totalOperatingExpense": 2377
      },
      {
        "costOfGoodsSold": 9463,
        "depreciationAmortization": 220,
        "dilutedAverageSharesOutstanding": 1702,
        "dilutedEPS": 0.81,
        "ebit": 1075,
        "grossIncome": 3985,
        "interestIncomeExpense": -9,
        "netIncome": 1385,
        "netIncomeAfterTaxes": 1385,
        "nonRecurringItems": -956,
        "period": "2015-10-31",
        "pretaxIncome": 110,
        "provisionforIncomeTaxes": -1275,
        "researchDevelopment": 652,
        "revenue": 13448,
        "sgaExpense": 2038,
        "totalOperatingExpense": 2910
      }
    ],
    "symbol": "HPE"
  }
}