{
  "symbol": "NOC",
  "statement": "ic",
  "frequency": "quarterly",
  "timestamp": "2025-09-19T14:04:47.032701",
  "data": {
    "financials": [
      {
        "costOfGoodsSold": 8141,
        "dilutedAverageSharesOutstanding": 144,
        "dilutedEPS": 8.1528,
        "ebit": 1194,
        "grossIncome": 2210,
        "interestExpense": 173,
        "interestIncomeExpense": -173,
        "netIncome": 1174,
        "netIncomeAfterTaxes": 1174,
        "nonRecurringItems": 231,
        "period": "2025-06-30",
        "pretaxIncome": 1427,
        "provisionforIncomeTaxes": 253,
        "revenue": 10351,
        "sgaExpense": 1016,
        "totalOperatingExpense": 1016,
        "totalOtherIncomeExpenseNet": 175
      },
      {
        "costOfGoodsSold": 7888,
        "dilutedAverageSharesOutstanding": 144.9,
        "dilutedEPS": 3.3195,
        "ebit": 573,
        "grossIncome": 1580,
        "interestExpense": 156,
        "interestIncomeExpense": -156,
        "netIncome": 481,
        "netIncomeAfterTaxes": 481,
        "period": "2025-03-31",
        "pretaxIncome": 578,
        "provisionforIncomeTaxes": 97,
        "revenue": 9468,
        "sgaExpense": 1007,
        "totalOperatingExpense": 1007,
        "totalOtherIncomeExpenseNet": 161
      },
      {
        "costOfGoodsSold": 8754,
        "dilutedAverageSharesOutstanding": 145.8,
        "dilutedEPS": 8.6694,
        "ebit": 1089,
        "grossIncome": 1932,
        "interestExpense": 160,
        "interestIncomeExpense": -160,
        "netIncome": 1264,
        "netIncomeAfterTaxes": 1264,
        "period": "2024-12-31",
        "pretaxIncome": 1551,
        "provisionforIncomeTaxes": 287,
        "revenue": 10686,
        "sgaExpense": 843,
        "totalOperatingExpense": 843,
        "totalOtherIncomeExpenseNet": 622
      },
      {
        "costOfGoodsSold": 7890,
        "dilutedAverageSharesOutstanding": 146.5,
        "dilutedEPS": 7.0034,
        "ebit": 1120,
        "grossIncome": 2106,
        "interestExpense": 161,
        "interestIncomeExpense": -161,
        "netIncome": 1026,
        "netIncomeAfterTaxes": 1026,
        "period": "2024-09-30",
        "pretaxIncome": 1188,
        "provisionforIncomeTaxes": 162,
        "revenue": 9996,
        "sgaExpense": 986,
        "totalOperatingExpense": 986,
        "totalOtherIncomeExpenseNet": 229
      },
      {
        "costOfGoodsSold": 8027,
        "dilutedAverageSharesOutstanding": 147.7,
        "dilutedEPS": 6.3643,
        "ebit": 1090,
        "grossIncome": 2191,
        "interestExpense": 154,
        "interestIncomeExpense": -154,
        "netIncome": 940,
        "netIncomeAfterTaxes": 940,
        "period": "2024-06-30",
        "pretaxIncome": 1146,
        "provisionforIncomeTaxes": 206,
        "revenue": 10218,
        "sgaExpense": 1101,
        "totalOperatingExpense": 1101,
        "totalOtherIncomeExpenseNet": 210
      },
      {
        "costOfGoodsSold": 8000,
        "dilutedAverageSharesOutstanding": 149.3,
        "dilutedEPS": 6.3228,
        "ebit": 1071,
        "grossIncome": 2133,
        "interestExpense": 146,
        "interestIncomeExpense": -146,
        "netIncome": 944,
        "netIncomeAfterTaxes": 944,
        "period": "2024-03-31",
        "pretaxIncome": 1131,
        "provisionforIncomeTaxes": 187,
        "revenue": 10133,
        "sgaExpense": 1062,
        "totalOperatingExpense": 1062,
        "totalOtherIncomeExpenseNet": 206
      },
      {
        "costOfGoodsSold": 10153,
        "dilutedAverageSharesOutstanding": 150.6,
        "dilutedEPS": -3.5525,
        "ebit": -393,
        "grossIncome": 485,
        "interestExpense": 128,
        "interestIncomeExpense": -128,
        "netIncome": -535,
        "netIncomeAfterTaxes": -535,
        "nonRecurringItems": 0,
        "period": "2023-12-31",
        "pretaxIncome": -757,
        "provisionforIncomeTaxes": -222,
        "revenue": 10638,
        "sgaExpense": 878,
        "totalOperatingExpense": 878,
        "totalOtherIncomeExpenseNet": -236
      },
      {
        "costOfGoodsSold": 7734,
        "dilutedAverageSharesOutstanding": 152,
        "dilutedEPS": 6.18,
        "ebit": 1016,
        "grossIncome": 2041,
        "interestExpense": 141,
        "interestIncomeExpense": -141,
        "netIncome": 937,
        "netIncomeAfterTaxes": 937,
        "period": "2023-09-30",
        "pretaxIncome": 1118,
        "provisionforIncomeTaxes": 181,
        "revenue": 9775,
        "sgaExpense": 1025,
        "totalOperatingExpense": 1025,
        "totalOtherIncomeExpenseNet": 243
      },
      {
        "costOfGoodsSold": 7536,
        "dilutedAverageSharesOutstanding": 152,
        "dilutedEPS": 5.34,
        "ebit": 967,
        "grossIncome": 2040,
        "interestExpense": 147,
        "interestIncomeExpense": -147,
        "netIncome": 812,
        "netIncomeAfterTaxes": 812,
        "period": "2023-06-30",
        "pretaxIncome": 987,
        "provisionforIncomeTaxes": 175,
        "revenue": 9576,
        "sgaExpense": 1073,
        "totalOperatingExpense": 1073,
        "totalOtherIncomeExpenseNet": 167
      },
      {
        "costOfGoodsSold": 7316,
        "dilutedAverageSharesOutstanding": 153,
        "dilutedEPS": 5.5,
        "ebit": 947,
        "grossIncome": 1985,
        "interestExpense": 129,
        "interestIncomeExpense": -129,
        "netIncome": 842,
        "netIncomeAfterTaxes": 842,
        "period": "2023-03-31",
        "pretaxIncome": 998,
        "provisionforIncomeTaxes": 156,
        "revenue": 9301,
        "sgaExpense": 1038,
        "totalOperatingExpense": 1038,
        "totalOtherIncomeExpenseNet": 180
      },
      {
        "costOfGoodsSold": 8209,
        "dilutedAverageSharesOutstanding": 155,
        "dilutedEPS": 13.41,
        "ebit": 906,
        "grossIncome": 1824,
        "interestExpense": 120,
        "interestIncomeExpense": -120,
        "netIncome": 2080,
        "netIncomeAfterTaxes": 2080,
        "nonRecurringItems": 0,
        "period": "2022-12-31",
        "pretaxIncome": 2452,
        "provisionforIncomeTaxes": 372,
        "revenue": 10033,
        "sgaExpense": 918,
        "totalOperatingExpense": 918,
        "totalOtherIncomeExpenseNet": 1666
      },
      {
        "costOfGoodsSold": 7153,
        "dilutedAverageSharesOutstanding": 155,
        "dilutedEPS": 5.89,
        "ebit": 844,
        "grossIncome": 1818,
        "interestExpense": 122,
        "interestIncomeExpense": -122,
        "netIncome": 915,
        "netIncomeAfterTaxes": 915,
        "nonRecurringItems": 0,
        "period": "2022-09-30",
        "pretaxIncome": 1090,
        "provisionforIncomeTaxes": 175,
        "revenue": 8971,
        "sgaExpense": 974,
        "totalOperatingExpense": 974,
        "totalOtherIncomeExpenseNet": 368
      },
      {
        "costOfGoodsSold": 6842,
        "dilutedAverageSharesOutstanding": 156,
        "dilutedEPS": 6.06,
        "ebit": 954,
        "grossIncome": 1959,
        "interestExpense": 131,
        "interestIncomeExpense": -131,
        "netIncome": 946,
        "netIncomeAfterTaxes": 946,
        "nonRecurringItems": 0,
        "period": "2022-06-30",
        "pretaxIncome": 1150,
        "provisionforIncomeTaxes": 204,
        "revenue": 8801,
        "sgaExpense": 1005,
        "totalOperatingExpense": 1005,
        "totalOtherIncomeExpenseNet": 327
      },
      {
        "costOfGoodsSold": 6924,
        "dilutedAverageSharesOutstanding": 157,
        "dilutedEPS": 6.1,
        "ebit": 897,
        "grossIncome": 1873,
        "interestExpense": 133,
        "interestIncomeExpense": -133,
        "netIncome": 955,
        "netIncomeAfterTaxes": 955,
        "nonRecurringItems": 0,
        "period": "2022-03-31",
        "pretaxIncome": 1144,
        "provisionforIncomeTaxes": 189,
        "revenue": 8797,
        "sgaExpense": 976,
        "totalOperatingExpense": 976,
        "totalOtherIncomeExpenseNet": 380
      },
      {
        "costOfGoodsSold": 7088,
        "dilutedAverageSharesOutstanding": 158,
        "dilutedEPS": 17.15,
        "ebit": 742,
        "grossIncome": 1551,
        "interestExpense": 133,
        "interestIncomeExpense": -133,
        "netIncome": 2710,
        "netIncomeAfterTaxes": 2710,
        "nonRecurringItems": 0,
        "period": "2021-12-31",
        "pretaxIncome": 3345,
        "provisionforIncomeTaxes": 635,
        "revenue": 8639,
        "sgaExpense": 809,
        "totalOperatingExpense": 809,
        "totalOtherIncomeExpenseNet": 2736
      },
      {
        "costOfGoodsSold": 6786,
        "dilutedAverageSharesOutstanding": 160,
        "dilutedEPS": 6.63,
        "ebit": 1043,
        "grossIncome": 1934,
        "interestExpense": 132,
        "interestIncomeExpense": -132,
        "netIncome": 1063,
        "netIncomeAfterTaxes": 1063,
        "nonRecurringItems": 0,
        "period": "2021-09-30",
        "pretaxIncome": 1275,
        "provisionforIncomeTaxes": 212,
        "revenue": 8720,
        "sgaExpense": 891,
        "totalOperatingExpense": 891,
        "totalOtherIncomeExpenseNet": 364
      },
      {
        "costOfGoodsSold": 7108,
        "dilutedAverageSharesOutstanding": 162,
        "dilutedEPS": 6.42,
        "ebit": 1044,
        "grossIncome": 2043,
        "interestExpense": 136,
        "interestIncomeExpense": -136,
        "netIncome": 1037,
        "netIncomeAfterTaxes": 1037,
        "nonRecurringItems": 0,
        "period": "2021-06-30",
        "pretaxIncome": 1302,
        "provisionforIncomeTaxes": 265,
        "revenue": 9151,
        "sgaExpense": 999,
        "totalOperatingExpense": 999,
        "totalOtherIncomeExpenseNet": 394
      },
      {
        "costOfGoodsSold": 7417,
        "dilutedAverageSharesOutstanding": 164,
        "dilutedEPS": 13.38,
        "ebit": 842,
        "grossIncome": 1740,
        "interestExpense": 155,
        "interestIncomeExpense": -155,
        "netIncome": 2195,
        "netIncomeAfterTaxes": 2195,
        "nonRecurringItems": 1926,
        "period": "2021-03-31",
        "pretaxIncome": 3016,
        "provisionforIncomeTaxes": 821,
        "revenue": 9157,
        "sgaExpense": 898,
        "totalOperatingExpense": 898,
        "totalOtherIncomeExpenseNet": 403
      },
      {
        "costOfGoodsSold": 8122,
        "dilutedAverageSharesOutstanding": 167,
        "dilutedEPS": 1.97,
        "ebit": 1152,
        "grossIncome": 2090,
        "interestExpense": 160,
        "interestIncomeExpense": -160,
        "netIncome": 330,
        "netIncomeAfterTaxes": 330,
        "period": "2020-12-31",
        "pretaxIncome": 305,
        "provisionforIncomeTaxes": -25,
        "revenue": 10212,
        "sgaExpense": 938,
        "totalOperatingExpense": 938,
        "totalOtherIncomeExpenseNet": -687
      },
      {
        "costOfGoodsSold": 7243,
        "dilutedAverageSharesOutstanding": 167,
        "dilutedEPS": 5.89,
        "ebit": 985,
        "grossIncome": 1840,
        "interestExpense": 154,
        "interestIncomeExpense": -154,
        "netIncome": 986,
        "netIncomeAfterTaxes": 986,
        "period": "2020-09-30",
        "pretaxIncome": 1167,
        "provisionforIncomeTaxes": 181,
        "revenue": 9083,
        "sgaExpense": 855,
        "totalOperatingExpense": 855,
        "totalOtherIncomeExpenseNet": 336
      },
      {
        "costOfGoodsSold": 7058,
        "dilutedAverageSharesOutstanding": 167,
        "dilutedEPS": 6.01,
        "ebit": 994,
        "grossIncome": 1826,
        "interestExpense": 154,
        "interestIncomeExpense": -154,
        "netIncome": 1005,
        "netIncomeAfterTaxes": 1005,
        "period": "2020-06-30",
        "pretaxIncome": 1203,
        "provisionforIncomeTaxes": 198,
        "revenue": 8884,
        "sgaExpense": 832,
        "totalOperatingExpense": 832,
        "totalOtherIncomeExpenseNet": 363
      },
      {
        "costOfGoodsSold": 6898,
        "dilutedAverageSharesOutstanding": 168,
        "dilutedEPS": 5.15,
        "ebit": 934,
        "grossIncome": 1722,
        "interestExpense": 125,
        "interestIncomeExpense": -125,
        "netIncome": 868,
        "netIncomeAfterTaxes": 868,
        "period": "2020-03-31",
        "pretaxIncome": 1053,
        "provisionforIncomeTaxes": 185,
        "revenue": 8620,
        "sgaExpense": 788,
        "totalOperatingExpense": 788,
        "totalOtherIncomeExpenseNet": 244
      },
      {
        "costOfGoodsSold": 6615,
        "dilutedAverageSharesOutstanding": 168,
        "dilutedEPS": -2.43,
        "ebit": 1136,
        "grossIncome": 2106,
        "interestExpense": 130,
        "interestIncomeExpense": -130,
        "netIncome": -409,
        "netIncomeAfterTaxes": -409,
        "period": "2019-12-31",
        "pretaxIncome": -569,
        "provisionforIncomeTaxes": -160,
        "revenue": 8721,
        "sgaExpense": 970,
        "totalOperatingExpense": 970,
        "totalOtherIncomeExpenseNet": -1575
      },
      {
        "costOfGoodsSold": 6748,
        "dilutedAverageSharesOutstanding": 170,
        "dilutedEPS": 5.49,
        "ebit": 951,
        "grossIncome": 1727,
        "interestExpense": 123,
        "interestIncomeExpense": -123,
        "netIncome": 933,
        "netIncomeAfterTaxes": 933,
        "period": "2019-09-30",
        "pretaxIncome": 1055,
        "provisionforIncomeTaxes": 122,
        "revenue": 8475,
        "sgaExpense": 776,
        "totalOperatingExpense": 776,
        "totalOtherIncomeExpenseNet": 227
      },
      {
        "costOfGoodsSold": 6726,
        "dilutedAverageSharesOutstanding": 170,
        "dilutedEPS": 5.06,
        "ebit": 946,
        "grossIncome": 1730,
        "interestExpense": 137,
        "interestIncomeExpense": -137,
        "netIncome": 861,
        "netIncomeAfterTaxes": 861,
        "period": "2019-06-30",
        "pretaxIncome": 1028,
        "provisionforIncomeTaxes": 167,
        "revenue": 8456,
        "sgaExpense": 784,
        "totalOperatingExpense": 784,
        "totalOtherIncomeExpenseNet": 219
      },
      {
        "costOfGoodsSold": 6493,
        "dilutedAverageSharesOutstanding": 171,
        "dilutedEPS": 5.06,
        "ebit": 936,
        "grossIncome": 1696,
        "interestExpense": 138,
        "interestIncomeExpense": -138,
        "netIncome": 863,
        "netIncomeAfterTaxes": 863,
        "period": "2019-03-31",
        "pretaxIncome": 1034,
        "provisionforIncomeTaxes": 171,
        "revenue": 8189,
        "sgaExpense": 760,
        "totalOperatingExpense": 760,
        "totalOtherIncomeExpenseNet": 236
      },
      {
        "costOfGoodsSold": 6469,
        "dilutedAverageSharesOutstanding": 173,
        "dilutedEPS": 2.06,
        "ebit": 943,
        "grossIncome": 1687,
        "interestExpense": 142,
        "interestIncomeExpense": -142,
        "netIncome": 356,
        "netIncomeAfterTaxes": 356,
        "period": "2018-12-31",
        "pretaxIncome": 403,
        "provisionforIncomeTaxes": 47,
        "revenue": 8156,
        "sgaExpense": 744,
        "totalOperatingExpense": 744,
        "totalOtherIncomeExpenseNet": -398
      },
      {
        "costOfGoodsSold": 6096,
        "dilutedAverageSharesOutstanding": 175,
        "dilutedEPS": 7.11,
        "ebit": 1172,
        "grossIncome": 1989,
        "interestExpense": 133,
        "interestIncomeExpense": -133,
        "netIncome": 1244,
        "netIncomeAfterTaxes": 1244,
        "period": "2018-09-30",
        "pretaxIncome": 1364,
        "provisionforIncomeTaxes": 120,
        "revenue": 8085,
        "sgaExpense": 817,
        "totalOperatingExpense": 817,
        "totalOtherIncomeExpenseNet": 325
      },
      {
        "costOfGoodsSold": 5563,
        "dilutedAverageSharesOutstanding": 175,
        "dilutedEPS": 4.5,
        "ebit": 817,
        "grossIncome": 1556,
        "interestExpense": 144,
        "interestIncomeExpense": -144,
        "netIncome": 789,
        "netIncomeAfterTaxes": 789,
        "period": "2018-06-30",
        "pretaxIncome": 976,
        "provisionforIncomeTaxes": 187,
        "revenue": 7119,
        "sgaExpense": 739,
        "totalOperatingExpense": 739,
        "totalOtherIncomeExpenseNet": 303
      },
      {
        "costOfGoodsSold": 5176,
        "dilutedAverageSharesOutstanding": 175,
        "dilutedEPS": 4.79,
        "ebit": 848,
        "grossIncome": 1559,
        "interestExpense": 143,
        "interestIncomeExpense": -143,
        "netIncome": 840,
        "netIncomeAfterTaxes": 840,
        "period": "2018-03-31",
        "pretaxIncome": 999,
        "provisionforIncomeTaxes": 159,
        "revenue": 6735,
        "sgaExpense": 711,
        "totalOperatingExpense": 711,
        "totalOtherIncomeExpenseNet": 294
      },
      {
        "costOfGoodsSold": 5257,
        "dilutedAverageSharesOutstanding": 176,
        "dilutedEPS": 5.8,
        "ebit": 646,
        "grossIncome": 1295,
        "interestExpense": 136,
        "interestIncomeExpense": -136,
        "netIncome": 1021,
        "netIncomeAfterTaxes": 1306,
        "period": "2017-12-31",
        "pretaxIncome": 1847,
        "provisionforIncomeTaxes": 541,
        "revenue": 6552,
        "sgaExpense": 649,
        "totalOperatingExpense": 649,
        "totalOtherIncomeExpenseNet": 1337
      },
      {
        "costOfGoodsSold": 5053,
        "dilutedAverageSharesOutstanding": 175,
        "dilutedEPS": 3.67,
        "ebit": 837,
        "grossIncome": 1516,
        "interestExpense": 73,
        "interestIncomeExpense": -73,
        "netIncome": 643,
        "netIncomeAfterTaxes": 643,
        "period": "2017-09-30",
        "pretaxIncome": 782,
        "provisionforIncomeTaxes": 139,
        "revenue": 6569,
        "sgaExpense": 679,
        "totalOperatingExpense": 679,
        "totalOtherIncomeExpenseNet": 18
      },
      {
        "costOfGoodsSold": 4914,
        "dilutedAverageSharesOutstanding": 176,
        "dilutedEPS": 3.16,
        "ebit": 873,
        "grossIncome": 1559,
        "interestExpense": 76,
        "interestIncomeExpense": -76,
        "netIncome": 555,
        "netIncomeAfterTaxes": 555,
        "period": "2017-06-30",
        "pretaxIncome": 812,
        "provisionforIncomeTaxes": 257,
        "revenue": 6473,
        "sgaExpense": 686,
        "totalOperatingExpense": 686,
        "totalOtherIncomeExpenseNet": 15
      },
      {
        "costOfGoodsSold": 4850,
        "dilutedAverageSharesOutstanding": 176,
        "dilutedEPS": 3.69,
        "ebit": 862,
        "grossIncome": 1560,
        "interestExpense": 75,
        "interestIncomeExpense": -75,
        "netIncome": 650,
        "netIncomeAfterTaxes": 650,
        "period": "2017-03-31",
        "pretaxIncome": 788,
        "provisionforIncomeTaxes": 138,
        "revenue": 6410,
        "sgaExpense": 698,
        "totalOperatingExpense": 698,
        "totalOtherIncomeExpenseNet": 1
      },
      {
        "costOfGoodsSold": 4920,
        "dilutedAverageSharesOutstanding": 178,
        "dilutedEPS": 2.96,
        "ebit": 831,
        "grossIncome": 1477,
        "interestExpense": 77,
        "interestIncomeExpense": -77,
        "netIncome": 525,
        "netIncomeAfterTaxes": 525,
        "period": "2016-12-31",
        "pretaxIncome": 748,
        "provisionforIncomeTaxes": 223,
        "revenue": 6397,
        "sgaExpense": 646,
        "totalOperatingExpense": 646,
        "totalOtherIncomeExpenseNet": -6
      },
      {
        "costOfGoodsSold": 4667,
        "dilutedAverageSharesOutstanding": 180,
        "dilutedEPS": 3.35,
        "ebit": 826,
        "grossIncome": 1488,
        "interestExpense": 74,
        "interestIncomeExpense": -74,
        "netIncome": 602,
        "netIncomeAfterTaxes": 602,
        "period": "2016-09-30",
        "pretaxIncome": 769,
        "provisionforIncomeTaxes": 167,
        "revenue": 6155,
        "sgaExpense": 662,
        "totalOperatingExpense": 662,
        "totalOtherIncomeExpenseNet": 17
      },
      {
        "costOfGoodsSold": 4583,
        "dilutedAverageSharesOutstanding": 182,
        "dilutedEPS": 2.85,
        "ebit": 797,
        "grossIncome": 1417,
        "interestExpense": 74,
        "interestIncomeExpense": -74,
        "netIncome": 517,
        "netIncomeAfterTaxes": 517,
        "period": "2016-06-30",
        "pretaxIncome": 730,
        "provisionforIncomeTaxes": 213,
        "revenue": 6000,
        "sgaExpense": 620,
        "totalOperatingExpense": 620,
        "totalOtherIncomeExpenseNet": 7
      },
      {
        "costOfGoodsSold": 4561,
        "dilutedAverageSharesOutstanding": 183,
        "dilutedEPS": 3.03,
        "ebit": 739,
        "grossIncome": 1395,
        "interestExpense": 76,
        "interestIncomeExpense": -76,
        "netIncome": 556,
        "netIncomeAfterTaxes": 556,
        "period": "2016-03-31",
        "pretaxIncome": 676,
        "provisionforIncomeTaxes": 120,
        "revenue": 5956,
        "sgaExpense": 656,
        "totalOperatingExpense": 656,
        "totalOtherIncomeExpenseNet": 13
      },
      {
        "costOfGoodsSold": 4378,
        "dilutedAverageSharesOutstanding": 184,
        "dilutedEPS": 2.49,
        "ebit": 689,
        "grossIncome": 1316,
        "interestExpense": 75,
        "interestIncomeExpense": -75,
        "netIncome": 459,
        "netIncomeAfterTaxes": 459,
        "period": "2015-12-31",
        "pretaxIncome": 621,
        "provisionforIncomeTaxes": 162,
        "revenue": 5694,
        "sgaExpense": 627,
        "totalOperatingExpense": 627,
        "totalOtherIncomeExpenseNet": 7
      },
      {
        "costOfGoodsSold": 4522,
        "dilutedAverageSharesOutstanding": 188,
        "dilutedEPS": 2.75,
        "ebit": 794,
        "grossIncome": 1457,
        "interestExpense": 75,
        "interestIncomeExpense": -75,
        "netIncome": 516,
        "netIncomeAfterTaxes": 516,
        "period": "2015-09-30",
        "pretaxIncome": 729,
        "provisionforIncomeTaxes": 213,
        "revenue": 5979,
        "sgaExpense": 663,
        "totalOperatingExpense": 663,
        "totalOtherIncomeExpenseNet": 10
      }
    ],
    "symbol": "NOC"
  }
}