{
  "symbol": "IT",
  "statement": "ic",
  "frequency": "quarterly",
  "timestamp": "2025-09-19T14:00:50.967367",
  "data": {
    "financials": [
      {
        "costOfGoodsSold": 531.731,
        "depreciationAmortization": 50.739,
        "dilutedAverageSharesOutstanding": 77.359,
        "dilutedEPS": 3.1125,
        "ebit": 327.096,
        "grossIncome": 1154.723,
        "interestExpense": 11.801,
        "interestIncomeExpense": -11.801,
        "netIncome": 240.783,
        "netIncomeAfterTaxes": 240.783,
        "nonRecurringItems": 0,
        "period": "2025-06-30",
        "pretaxIncome": 317.793,
        "provisionforIncomeTaxes": 77.01,
        "revenue": 1686.454,
        "sgaExpense": 776.888,
        "totalOperatingExpense": 827.627,
        "totalOtherIncomeExpenseNet": 2.498
      },
      {
        "costOfGoodsSold": 475.03,
        "depreciationAmortization": 50.76,
        "dilutedAverageSharesOutstanding": 77.79,
        "dilutedEPS": 2.7117,
        "ebit": 278.032,
        "grossIncome": 1059.1,
        "interestExpense": 13.413,
        "interestIncomeExpense": -13.413,
        "netIncome": 210.939,
        "netIncomeAfterTaxes": 210.939,
        "nonRecurringItems": 0,
        "period": "2025-03-31",
        "pretaxIncome": 267.008,
        "provisionforIncomeTaxes": 56.069,
        "revenue": 1534.13,
        "sgaExpense": 730.308,
        "totalOperatingExpense": 781.068,
        "totalOtherIncomeExpenseNet": 2.389
      },
      {
        "costOfGoodsSold": 574.925,
        "depreciationAmortization": 51.222,
        "dilutedAverageSharesOutstanding": 78.02,
        "dilutedEPS": 5.1086,
        "ebit": 325.691,
        "grossIncome": 1140.194,
        "interestExpense": 73.876,
        "interestIncomeExpense": -12.318,
        "netIncome": 398.573,
        "netIncomeAfterTaxes": 398.573,
        "nonRecurringItems": -7.896,
        "period": "2024-12-31",
        "pretaxIncome": 301.648,
        "provisionforIncomeTaxes": -96.925,
        "revenue": 1715.119,
        "sgaExpense": 763.281,
        "totalOperatingExpense": 814.503,
        "totalOtherIncomeExpenseNet": -3.829
      },
      {
        "costOfGoodsSold": 475.342,
        "depreciationAmortization": 51.252,
        "dilutedAverageSharesOutstanding": 77.968,
        "dilutedEPS": 5.32,
        "ebit": 248.383,
        "grossIncome": 1008.964,
        "interestExpense": 17.961,
        "interestIncomeExpense": -17.961,
        "netIncome": 415.049,
        "netIncomeAfterTaxes": 415.049,
        "nonRecurringItems": -2.559,
        "period": "2024-09-30",
        "pretaxIncome": 526.872,
        "provisionforIncomeTaxes": 111.823,
        "revenue": 1484.306,
        "sgaExpense": 709.329,
        "totalOperatingExpense": 760.581,
        "totalOtherIncomeExpenseNet": 299.009
      },
      {
        "costOfGoodsSold": 513.314,
        "depreciationAmortization": 50.534,
        "dilutedAverageSharesOutstanding": 78.288,
        "dilutedEPS": 2.93,
        "ebit": 319.141,
        "grossIncome": 1081.746,
        "interestExpense": 19.99,
        "interestIncomeExpense": -19.99,
        "netIncome": 229.548,
        "netIncomeAfterTaxes": 229.548,
        "nonRecurringItems": -0.358,
        "period": "2024-06-30",
        "pretaxIncome": 299.297,
        "provisionforIncomeTaxes": 69.749,
        "revenue": 1595.06,
        "sgaExpense": 712.071,
        "totalOperatingExpense": 762.605,
        "totalOtherIncomeExpenseNet": 0.504
      },
      {
        "costOfGoodsSold": 459.441,
        "depreciationAmortization": 49.307,
        "dilutedAverageSharesOutstanding": 78.964,
        "dilutedEPS": 2.67,
        "ebit": 274.845,
        "grossIncome": 1013.485,
        "interestExpense": 19.219,
        "interestIncomeExpense": -19.219,
        "netIncome": 210.545,
        "netIncomeAfterTaxes": 210.545,
        "nonRecurringItems": -0.96,
        "period": "2024-03-31",
        "pretaxIncome": 259.557,
        "provisionforIncomeTaxes": 49.012,
        "revenue": 1472.926,
        "sgaExpense": 689.333,
        "totalOperatingExpense": 738.64,
        "totalOtherIncomeExpenseNet": 4.891
      },
      {
        "costOfGoodsSold": 529.842,
        "depreciationAmortization": 49.323,
        "dilutedAverageSharesOutstanding": 79.134,
        "dilutedEPS": 2.64,
        "ebit": 304.596,
        "grossIncome": 1056.276,
        "interestIncomeExpense": -20.477,
        "netIncome": 208.631,
        "netIncomeAfterTaxes": 208.631,
        "nonRecurringItems": -3.183,
        "period": "2023-12-31",
        "pretaxIncome": 277.254,
        "provisionforIncomeTaxes": 68.623,
        "revenue": 1586.118,
        "sgaExpense": 702.357,
        "totalOperatingExpense": 751.68,
        "totalOtherIncomeExpenseNet": -3.682
      },
      {
        "costOfGoodsSold": 450.841,
        "depreciationAmortization": 48.536,
        "dilutedAverageSharesOutstanding": 79.52,
        "dilutedEPS": 2.26,
        "ebit": 249.18,
        "grossIncome": 957.943,
        "interestIncomeExpense": -21.82,
        "netIncome": 180.009,
        "netIncomeAfterTaxes": 180.009,
        "nonRecurringItems": -4.763,
        "period": "2023-09-30",
        "pretaxIncome": 224.474,
        "provisionforIncomeTaxes": 44.465,
        "revenue": 1408.784,
        "sgaExpense": 660.227,
        "totalOperatingExpense": 708.763,
        "totalOtherIncomeExpenseNet": 1.877
      },
      {
        "costOfGoodsSold": 487.418,
        "depreciationAmortization": 46.613,
        "dilutedAverageSharesOutstanding": 79.82,
        "dilutedEPS": 2.48,
        "ebit": 298.986,
        "grossIncome": 1015.767,
        "interestIncomeExpense": -24.558,
        "netIncome": 198.043,
        "netIncomeAfterTaxes": 198.043,
        "nonRecurringItems": -15.879,
        "period": "2023-06-30",
        "pretaxIncome": 264.124,
        "provisionforIncomeTaxes": 66.081,
        "revenue": 1503.185,
        "sgaExpense": 670.168,
        "totalOperatingExpense": 716.781,
        "totalOtherIncomeExpenseNet": 5.575
      },
      {
        "costOfGoodsSold": 435.139,
        "depreciationAmortization": 46.631,
        "dilutedAverageSharesOutstanding": 80.282,
        "dilutedEPS": 3.68,
        "ebit": 278.709,
        "grossIncome": 973.73,
        "interestIncomeExpense": -27.391,
        "netIncome": 295.783,
        "netIncomeAfterTaxes": 295.783,
        "nonRecurringItems": 129.248,
        "period": "2023-03-31",
        "pretaxIncome": 381.277,
        "provisionforIncomeTaxes": 85.494,
        "revenue": 1408.869,
        "sgaExpense": 648.39,
        "totalOperatingExpense": 695.021,
        "totalOtherIncomeExpenseNet": 0.711
      },
      {
        "costOfGoodsSold": 475.366,
        "depreciationAmortization": 48.682,
        "dilutedAverageSharesOutstanding": 80.149,
        "dilutedEPS": 3.2,
        "ebit": 352.071,
        "grossIncome": 1029.351,
        "interestIncomeExpense": -29.924,
        "netIncome": 256.814,
        "netIncomeAfterTaxes": 256.814,
        "nonRecurringItems": -19.752,
        "period": "2022-12-31",
        "pretaxIncome": 304.123,
        "provisionforIncomeTaxes": 47.309,
        "revenue": 1504.717,
        "sgaExpense": 628.598,
        "totalOperatingExpense": 677.28,
        "totalOtherIncomeExpenseNet": 1.728
      },
      {
        "costOfGoodsSold": 416.837,
        "depreciationAmortization": 47.251,
        "dilutedAverageSharesOutstanding": 80.059,
        "dilutedEPS": 2.17,
        "ebit": 256.749,
        "grossIncome": 915.031,
        "interestIncomeExpense": -30.286,
        "netIncome": 173.545,
        "netIncomeAfterTaxes": 173.545,
        "nonRecurringItems": -3.331,
        "period": "2022-09-30",
        "pretaxIncome": 232.062,
        "provisionforIncomeTaxes": 58.517,
        "revenue": 1331.868,
        "sgaExpense": 611.031,
        "totalOperatingExpense": 658.282,
        "totalOtherIncomeExpenseNet": 8.93
      },
      {
        "costOfGoodsSold": 424.535,
        "depreciationAmortization": 47.664,
        "dilutedAverageSharesOutstanding": 80.974,
        "dilutedEPS": 2.53,
        "ebit": 311.011,
        "grossIncome": 951.986,
        "interestIncomeExpense": -29.719,
        "netIncome": 204.925,
        "netIncomeAfterTaxes": 204.925,
        "nonRecurringItems": -13.889,
        "period": "2022-06-30",
        "pretaxIncome": 275.951,
        "provisionforIncomeTaxes": 71.026,
        "revenue": 1376.521,
        "sgaExpense": 593.311,
        "totalOperatingExpense": 640.975,
        "totalOtherIncomeExpenseNet": 8.548
      },
      {
        "costOfGoodsSold": 377.033,
        "depreciationAmortization": 48.349,
        "dilutedAverageSharesOutstanding": 82.973,
        "dilutedEPS": 2.08,
        "ebit": 243.354,
        "grossIncome": 885.707,
        "interestIncomeExpense": -31.394,
        "netIncome": 172.515,
        "netIncomeAfterTaxes": 172.515,
        "nonRecurringItems": -26.107,
        "period": "2022-03-31",
        "pretaxIncome": 215.059,
        "provisionforIncomeTaxes": 42.544,
        "revenue": 1262.74,
        "sgaExpense": 594.004,
        "totalOperatingExpense": 642.353,
        "totalOtherIncomeExpenseNet": 29.206
      },
      {
        "costOfGoodsSold": 399.587,
        "depreciationAmortization": 51.656,
        "dilutedAverageSharesOutstanding": 83.933,
        "dilutedEPS": 2.49,
        "ebit": 187.746,
        "grossIncome": 906.736,
        "interestIncomeExpense": -23.382,
        "netIncome": 209.359,
        "netIncomeAfterTaxes": 209.359,
        "nonRecurringItems": -2.342,
        "period": "2021-12-31",
        "pretaxIncome": 177.097,
        "provisionforIncomeTaxes": -32.262,
        "revenue": 1306.323,
        "sgaExpense": 667.334,
        "totalOperatingExpense": 718.99,
        "totalOtherIncomeExpenseNet": 15.075
      },
      {
        "costOfGoodsSold": 359.237,
        "depreciationAmortization": 52.48,
        "dilutedAverageSharesOutstanding": 84.766,
        "dilutedEPS": 1.76,
        "ebit": 231.992,
        "grossIncome": 797.045,
        "interestIncomeExpense": -31.199,
        "netIncome": 148.865,
        "netIncomeAfterTaxes": 148.865,
        "nonRecurringItems": -1.771,
        "period": "2021-09-30",
        "pretaxIncome": 198.833,
        "provisionforIncomeTaxes": 49.968,
        "revenue": 1156.282,
        "sgaExpense": 512.573,
        "totalOperatingExpense": 565.053,
        "totalOtherIncomeExpenseNet": -0.189
      },
      {
        "costOfGoodsSold": 350.802,
        "depreciationAmortization": 52.005,
        "dilutedAverageSharesOutstanding": 86.589,
        "dilutedEPS": 3.13,
        "ebit": 276.016,
        "grossIncome": 816.517,
        "interestIncomeExpense": -31.39,
        "netIncome": 271.236,
        "netIncomeAfterTaxes": 271.236,
        "nonRecurringItems": -1.302,
        "period": "2021-06-30",
        "pretaxIncome": 379.187,
        "provisionforIncomeTaxes": 107.951,
        "revenue": 1167.319,
        "sgaExpense": 488.496,
        "totalOperatingExpense": 540.501,
        "totalOtherIncomeExpenseNet": 135.863
      },
      {
        "costOfGoodsSold": 334.467,
        "depreciationAmortization": 56.264,
        "dilutedAverageSharesOutstanding": 89.139,
        "dilutedEPS": 1.84,
        "ebit": 226.052,
        "grossIncome": 769.571,
        "interestIncomeExpense": -10.349,
        "netIncome": 164.1,
        "netIncomeAfterTaxes": 164.1,
        "nonRecurringItems": -0.64,
        "period": "2021-03-31",
        "pretaxIncome": 214.753,
        "provisionforIncomeTaxes": 50.653,
        "revenue": 1104.038,
        "sgaExpense": 487.255,
        "totalOperatingExpense": 543.519,
        "totalOtherIncomeExpenseNet": -0.31
      },
      {
        "costOfGoodsSold": 351.428,
        "depreciationAmortization": 56.381,
        "dilutedAverageSharesOutstanding": 90.062,
        "dilutedEPS": 1.33,
        "ebit": 178.974,
        "grossIncome": 761.331,
        "interestIncomeExpense": -26.367,
        "netIncome": 119.607,
        "netIncomeAfterTaxes": 119.607,
        "nonRecurringItems": -0.844,
        "period": "2020-12-31",
        "pretaxIncome": 156.155,
        "provisionforIncomeTaxes": 36.548,
        "revenue": 1112.759,
        "sgaExpense": 525.976,
        "totalOperatingExpense": 582.357,
        "totalOtherIncomeExpenseNet": 4.392
      },
      {
        "costOfGoodsSold": 329.767,
        "depreciationAmortization": 53.971,
        "dilutedAverageSharesOutstanding": 89.955,
        "dilutedEPS": 0.19,
        "ebit": 89.372,
        "grossIncome": 664.851,
        "interestIncomeExpense": -30.538,
        "netIncome": 16.964,
        "netIncomeAfterTaxes": 16.964,
        "nonRecurringItems": -46.536,
        "period": "2020-09-30",
        "pretaxIncome": 14.167,
        "provisionforIncomeTaxes": -2.797,
        "revenue": 994.618,
        "sgaExpense": 521.508,
        "totalOperatingExpense": 575.479,
        "totalOtherIncomeExpenseNet": 1.869
      },
      {
        "costOfGoodsSold": 322.551,
        "depreciationAmortization": 53.936,
        "dilutedAverageSharesOutstanding": 89.78,
        "dilutedEPS": 0.61,
        "ebit": 101.808,
        "grossIncome": 650.584,
        "interestIncomeExpense": -30.296,
        "netIncome": 55.077,
        "netIncomeAfterTaxes": 55.077,
        "nonRecurringItems": -2.157,
        "period": "2020-06-30",
        "pretaxIncome": 58.956,
        "provisionforIncomeTaxes": 3.879,
        "revenue": 973.135,
        "sgaExpense": 494.84,
        "totalOperatingExpense": 548.776,
        "totalOtherIncomeExpenseNet": -10.399
      },
      {
        "costOfGoodsSold": 341.278,
        "depreciationAmortization": 54.696,
        "dilutedAverageSharesOutstanding": 90.066,
        "dilutedEPS": 0.83,
        "ebit": 126.278,
        "grossIncome": 677.613,
        "interestIncomeExpense": -13.75,
        "netIncome": 75.097,
        "netIncomeAfterTaxes": 75.097,
        "nonRecurringItems": -1.56,
        "period": "2020-03-31",
        "pretaxIncome": 96.854,
        "provisionforIncomeTaxes": 21.757,
        "revenue": 1018.891,
        "sgaExpense": 496.639,
        "totalOperatingExpense": 551.335,
        "totalOtherIncomeExpenseNet": -14.114
      },
      {
        "costOfGoodsSold": 450.868,
        "depreciationAmortization": 53.66,
        "dilutedAverageSharesOutstanding": 90.617,
        "dilutedEPS": 0.75,
        "ebit": 141.446,
        "grossIncome": 752.625,
        "interestIncomeExpense": -23.56,
        "netIncome": 67.701,
        "netIncomeAfterTaxes": 67.701,
        "nonRecurringItems": -5.307,
        "period": "2019-12-31",
        "pretaxIncome": 110.582,
        "provisionforIncomeTaxes": 42.881,
        "revenue": 1203.493,
        "sgaExpense": 557.519,
        "totalOperatingExpense": 611.179,
        "totalOtherIncomeExpenseNet": -1.997
      },
      {
        "costOfGoodsSold": 365.056,
        "depreciationAmortization": 52.398,
        "dilutedAverageSharesOutstanding": 90.887,
        "dilutedEPS": 0.46,
        "ebit": 70.889,
        "grossIncome": 635.446,
        "interestIncomeExpense": -28.44,
        "netIncome": 41.388,
        "netIncomeAfterTaxes": 41.388,
        "nonRecurringItems": -1.742,
        "period": "2019-09-30",
        "pretaxIncome": 53.098,
        "provisionforIncomeTaxes": 11.71,
        "revenue": 1000.502,
        "sgaExpense": 512.159,
        "totalOperatingExpense": 564.557,
        "totalOtherIncomeExpenseNet": 12.391
      },
      {
        "costOfGoodsSold": 387.999,
        "depreciationAmortization": 52.263,
        "dilutedAverageSharesOutstanding": 91.188,
        "dilutedEPS": 1.13,
        "ebit": 115.644,
        "grossIncome": 682.883,
        "interestIncomeExpense": -27.284,
        "netIncome": 103.406,
        "netIncomeAfterTaxes": 103.406,
        "nonRecurringItems": 0.358,
        "period": "2019-06-30",
        "pretaxIncome": 91.006,
        "provisionforIncomeTaxes": -12.4,
        "revenue": 1070.882,
        "sgaExpense": 514.976,
        "totalOperatingExpense": 567.239,
        "totalOtherIncomeExpenseNet": 2.288
      },
      {
        "costOfGoodsSold": 346.645,
        "depreciationAmortization": 53.458,
        "dilutedAverageSharesOutstanding": 91.004,
        "dilutedEPS": 0.23,
        "ebit": 51.571,
        "grossIncome": 623.799,
        "interestIncomeExpense": -23.009,
        "netIncome": 20.795,
        "netIncomeAfterTaxes": 20.795,
        "nonRecurringItems": -4.847,
        "period": "2019-03-31",
        "pretaxIncome": 21.053,
        "provisionforIncomeTaxes": 0.258,
        "revenue": 970.444,
        "sgaExpense": 518.77,
        "totalOperatingExpense": 572.228,
        "totalOtherIncomeExpenseNet": -2.662
      },
      {
        "costOfGoodsSold": 407.842,
        "depreciationAmortization": 52.52,
        "dilutedAverageSharesOutstanding": 91.756,
        "dilutedEPS": 0.91,
        "ebit": 140.461,
        "grossIncome": 681.037,
        "interestIncomeExpense": -32.146,
        "netIncome": 84.02,
        "netIncomeAfterTaxes": 77.92,
        "nonRecurringItems": -3.908,
        "period": "2018-12-31",
        "pretaxIncome": 110.966,
        "provisionforIncomeTaxes": 33.046,
        "revenue": 1088.879,
        "sgaExpense": 488.056,
        "totalOperatingExpense": 540.576,
        "totalOtherIncomeExpenseNet": 6.559
      },
      {
        "costOfGoodsSold": 336.112,
        "depreciationAmortization": 68.187,
        "dilutedAverageSharesOutstanding": 92.148,
        "dilutedEPS": 0.13,
        "ebit": 69.838,
        "grossIncome": 585.562,
        "interestIncomeExpense": -28.124,
        "netIncome": 11.753,
        "netIncomeAfterTaxes": 11.753,
        "nonRecurringItems": -4.074,
        "period": "2018-09-30",
        "pretaxIncome": 37.953,
        "provisionforIncomeTaxes": 26.2,
        "revenue": 921.674,
        "sgaExpense": 447.537,
        "totalOperatingExpense": 515.724,
        "totalOtherIncomeExpenseNet": 0.313
      },
      {
        "costOfGoodsSold": 367.637,
        "depreciationAmortization": 66.838,
        "dilutedAverageSharesOutstanding": 92.156,
        "dilutedEPS": 0.51,
        "ebit": 106.058,
        "grossIncome": 633.699,
        "interestIncomeExpense": -46.511,
        "netIncome": 46.27,
        "netIncomeAfterTaxes": 46.97,
        "nonRecurringItems": 5.498,
        "period": "2018-06-30",
        "pretaxIncome": 75.072,
        "provisionforIncomeTaxes": 28.102,
        "revenue": 1001.336,
        "sgaExpense": 460.803,
        "totalOperatingExpense": 527.641,
        "totalOtherIncomeExpenseNet": 10.027
      },
      {
        "costOfGoodsSold": 357.209,
        "depreciationAmortization": 68.056,
        "dilutedAverageSharesOutstanding": 91.005,
        "dilutedEPS": -0.22,
        "ebit": 50.555,
        "grossIncome": 606.356,
        "interestIncomeExpense": -27.827,
        "netIncome": -19.587,
        "netIncomeAfterTaxes": -19.587,
        "nonRecurringItems": -59.266,
        "period": "2018-03-31",
        "pretaxIncome": -42.871,
        "provisionforIncomeTaxes": -23.284,
        "revenue": 963.565,
        "sgaExpense": 487.745,
        "totalOperatingExpense": 555.801,
        "totalOtherIncomeExpenseNet": -6.333
      },
      {
        "costOfGoodsSold": 398.378,
        "depreciationAmortization": 71.52,
        "dilutedAverageSharesOutstanding": 96.405,
        "dilutedEPS": 1.11,
        "ebit": 77.34,
        "grossIncome": 616.131,
        "interestIncomeExpense": -38.072,
        "netIncome": 107.307,
        "netIncomeAfterTaxes": 47.707,
        "nonRecurringItems": -14.446,
        "period": "2017-12-31",
        "pretaxIncome": 28.377,
        "provisionforIncomeTaxes": -19.33,
        "revenue": 1014.509,
        "sgaExpense": 467.271,
        "totalOperatingExpense": 538.791,
        "totalOtherIncomeExpenseNet": 3.555
      },
      {
        "costOfGoodsSold": 332.207,
        "depreciationAmortization": 68.564,
        "dilutedAverageSharesOutstanding": 90.624,
        "dilutedEPS": -0.53,
        "ebit": 4.951,
        "grossIncome": 495.878,
        "interestIncomeExpense": -36.998,
        "netIncome": -48.18,
        "netIncomeAfterTaxes": -48.18,
        "nonRecurringItems": -29.3,
        "period": "2017-09-30",
        "pretaxIncome": -61.94,
        "provisionforIncomeTaxes": -13.76,
        "revenue": 828.085,
        "sgaExpense": 422.363,
        "totalOperatingExpense": 490.927,
        "totalOtherIncomeExpenseNet": -0.593
      },
      {
        "costOfGoodsSold": 352.004,
        "depreciationAmortization": 83.557,
        "dilutedAverageSharesOutstanding": 89.297,
        "dilutedEPS": -1.03,
        "ebit": -14.456,
        "grossIncome": 491.727,
        "interestIncomeExpense": -44.541,
        "netIncome": -92.281,
        "netIncomeAfterTaxes": -92.281,
        "nonRecurringItems": -83.932,
        "period": "2017-06-30",
        "pretaxIncome": -142.751,
        "provisionforIncomeTaxes": -50.47,
        "revenue": 843.731,
        "sgaExpense": 422.626,
        "totalOperatingExpense": 506.183,
        "totalOtherIncomeExpenseNet": 0.178
      },
      {
        "costOfGoodsSold": 237.609,
        "depreciationAmortization": 16.53,
        "dilutedAverageSharesOutstanding": 84.095,
        "dilutedEPS": 0.43,
        "ebit": 66.786,
        "grossIncome": 387.56,
        "interestIncomeExpense": -6.125,
        "netIncome": 36.433,
        "netIncomeAfterTaxes": 36.433,
        "nonRecurringItems": -13.272,
        "period": "2017-03-31",
        "pretaxIncome": 48.497,
        "provisionforIncomeTaxes": 12.064,
        "revenue": 625.169,
        "sgaExpense": 304.244,
        "totalOperatingExpense": 320.774,
        "totalOtherIncomeExpenseNet": 1.108
      },
      {
        "costOfGoodsSold": 279.063,
        "depreciationAmortization": 15.965,
        "dilutedAverageSharesOutstanding": 83.997,
        "dilutedEPS": 0.79,
        "ebit": 118.327,
        "grossIncome": 424.154,
        "interestIncomeExpense": -11.973,
        "netIncome": 66.485,
        "netIncomeAfterTaxes": 66.485,
        "nonRecurringItems": -9.64,
        "period": "2016-12-31",
        "pretaxIncome": 106.185,
        "provisionforIncomeTaxes": 39.7,
        "revenue": 703.217,
        "sgaExpense": 289.862,
        "totalOperatingExpense": 305.827,
        "totalOtherIncomeExpenseNet": 9.471
      },
      {
        "costOfGoodsSold": 223.122,
        "depreciationAmortization": 15.752,
        "dilutedAverageSharesOutstanding": 83.803,
        "dilutedEPS": 0.36,
        "ebit": 65.283,
        "grossIncome": 350.937,
        "interestIncomeExpense": -6.746,
        "netIncome": 30.484,
        "netIncomeAfterTaxes": 30.484,
        "nonRecurringItems": -16.557,
        "period": "2016-09-30",
        "pretaxIncome": 44.748,
        "provisionforIncomeTaxes": 14.264,
        "revenue": 574.059,
        "sgaExpense": 269.902,
        "totalOperatingExpense": 285.654,
        "totalOtherIncomeExpenseNet": 2.768
      },
      {
        "costOfGoodsSold": 231.422,
        "depreciationAmortization": 15.235,
        "dilutedAverageSharesOutstanding": 83.711,
        "dilutedEPS": 0.62,
        "ebit": 91.332,
        "grossIncome": 378.576,
        "interestIncomeExpense": -7.596,
        "netIncome": 51.626,
        "netIncomeAfterTaxes": 51.626,
        "nonRecurringItems": -8.033,
        "period": "2016-06-30",
        "pretaxIncome": 77.191,
        "provisionforIncomeTaxes": 25.565,
        "revenue": 609.998,
        "sgaExpense": 272.009,
        "totalOperatingExpense": 287.244,
        "totalOtherIncomeExpenseNet": 1.488
      },
      {
        "costOfGoodsSold": 212.041,
        "depreciationAmortization": 15.017,
        "dilutedAverageSharesOutstanding": 83.464,
        "dilutedEPS": 0.54,
        "ebit": 72.797,
        "grossIncome": 345.225,
        "interestIncomeExpense": -6.341,
        "netIncome": 44.987,
        "netIncomeAfterTaxes": 44.987,
        "nonRecurringItems": -8.368,
        "period": "2016-03-31",
        "pretaxIncome": 60.307,
        "provisionforIncomeTaxes": 15.32,
        "revenue": 557.266,
        "sgaExpense": 257.411,
        "totalOperatingExpense": 272.428,
        "totalOtherIncomeExpenseNet": 2.219
      },
      {
        "costOfGoodsSold": 257.217,
        "depreciationAmortization": 15.209,
        "dilutedAverageSharesOutstanding": 83.919,
        "dilutedEPS": 0.78,
        "ebit": 112.533,
        "grossIncome": 386.551,
        "interestIncomeExpense": -6.087,
        "netIncome": 65.763,
        "netIncomeAfterTaxes": 65.763,
        "nonRecurringItems": -10.912,
        "period": "2015-12-31",
        "pretaxIncome": 96.667,
        "provisionforIncomeTaxes": 30.904,
        "revenue": 643.768,
        "sgaExpense": 258.809,
        "totalOperatingExpense": 274.018,
        "totalOtherIncomeExpenseNet": 1.133
      },
      {
        "costOfGoodsSold": 193.602,
        "depreciationAmortization": 11.247,
        "dilutedAverageSharesOutstanding": 84.113,
        "dilutedEPS": 0.36,
        "ebit": 58.962,
        "grossIncome": 306.564,
        "interestIncomeExpense": -8.811,
        "netIncome": 30.366,
        "netIncomeAfterTaxes": 30.366,
        "nonRecurringItems": -6.488,
        "period": "2015-09-30",
        "pretaxIncome": 51.792,
        "provisionforIncomeTaxes": 21.426,
        "revenue": 500.166,
        "sgaExpense": 236.355,
        "totalOperatingExpense": 247.602,
        "totalOtherIncomeExpenseNet": 8.129
      }
    ],
    "symbol": "IT"
  }
}