{
  "symbol": "KHC",
  "statement": "ic",
  "frequency": "quarterly",
  "timestamp": "2025-09-19T14:02:54.936346",
  "data": {
    "financials": [
      {
        "costOfGoodsSold": 4169,
        "dilutedAverageSharesOutstanding": 1185,
        "dilutedEPS": -6.6025,
        "ebit": 1293,
        "grossIncome": 2183,
        "interestExpense": 240,
        "interestIncomeExpense": -204,
        "minorityInterest": -1,
        "netIncome": -7824,
        "netIncomeAfterTaxes": -7823,
        "nonRecurringItems": -9267,
        "period": "2025-06-28",
        "pretaxIncome": -8167,
        "provisionforIncomeTaxes": -344,
        "revenue": 6352,
        "sgaExpense": 890,
        "totalOperatingExpense": 890,
        "totalOtherIncomeExpenseNet": 11
      },
      {
        "costOfGoodsSold": 3937,
        "dilutedAverageSharesOutstanding": 1198,
        "dilutedEPS": 0.5943,
        "ebit": 1200,
        "grossIncome": 2062,
        "interestExpense": 229,
        "interestIncomeExpense": -197,
        "minorityInterest": -2,
        "netIncome": 712,
        "netIncomeAfterTaxes": 714,
        "nonRecurringItems": -4,
        "period": "2025-03-29",
        "pretaxIncome": 1018,
        "provisionforIncomeTaxes": 304,
        "revenue": 5999,
        "sgaExpense": 862,
        "totalOperatingExpense": 862,
        "totalOtherIncomeExpenseNet": 19
      },
      {
        "costOfGoodsSold": 4325,
        "dilutedAverageSharesOutstanding": 1209,
        "dilutedEPS": 1.7626,
        "ebit": 1370,
        "grossIncome": 2251,
        "interestExpense": 227,
        "interestIncomeExpense": -213,
        "minorityInterest": -1,
        "netIncome": 2131,
        "netIncomeAfterTaxes": 2132,
        "nonRecurringItems": -1413,
        "period": "2024-12-28",
        "pretaxIncome": -238,
        "provisionforIncomeTaxes": -2370,
        "revenue": 6576,
        "sgaExpense": 881,
        "totalOperatingExpense": 881,
        "totalOtherIncomeExpenseNet": 18
      },
      {
        "costOfGoodsSold": 4196,
        "dilutedAverageSharesOutstanding": 1210,
        "dilutedEPS": -0.2397,
        "ebit": 1330,
        "grossIncome": 2187,
        "interestExpense": 230,
        "interestIncomeExpense": -219,
        "minorityInterest": 0,
        "netIncome": -290,
        "netIncomeAfterTaxes": -290,
        "nonRecurringItems": -1430,
        "period": "2024-09-28",
        "pretaxIncome": -283,
        "provisionforIncomeTaxes": 7,
        "revenue": 6383,
        "sgaExpense": 857,
        "totalOperatingExpense": 857,
        "totalOtherIncomeExpenseNet": 36
      },
      {
        "costOfGoodsSold": 4181,
        "dilutedAverageSharesOutstanding": 1216,
        "dilutedEPS": 0.0839,
        "ebit": 1379,
        "grossIncome": 2295,
        "interestExpense": 229,
        "interestIncomeExpense": -213,
        "minorityInterest": 2,
        "netIncome": 102,
        "netIncomeAfterTaxes": 100,
        "nonRecurringItems": -856,
        "period": "2024-06-29",
        "pretaxIncome": 348,
        "provisionforIncomeTaxes": 248,
        "revenue": 6476,
        "sgaExpense": 916,
        "totalOperatingExpense": 916,
        "totalOtherIncomeExpenseNet": 38
      },
      {
        "costOfGoodsSold": 4167,
        "dilutedAverageSharesOutstanding": 1223,
        "dilutedEPS": 0.655,
        "ebit": 1299,
        "grossIncome": 2244,
        "interestExpense": 226,
        "interestIncomeExpense": -222,
        "minorityInterest": -3,
        "netIncome": 801,
        "netIncomeAfterTaxes": 804,
        "nonRecurringItems": -77,
        "period": "2024-03-30",
        "pretaxIncome": 1029,
        "provisionforIncomeTaxes": 225,
        "revenue": 6411,
        "sgaExpense": 945,
        "totalOperatingExpense": 945,
        "totalOtherIncomeExpenseNet": 29
      },
      {
        "costOfGoodsSold": 4530,
        "dilutedAverageSharesOutstanding": 1235,
        "dilutedEPS": 0.613,
        "ebit": 1324,
        "grossIncome": 2330,
        "interestExpense": 229,
        "interestIncomeExpense": -218,
        "minorityInterest": 0,
        "netIncome": 757,
        "netIncomeAfterTaxes": 757,
        "nonRecurringItems": -18,
        "period": "2023-12-30",
        "pretaxIncome": 950,
        "provisionforIncomeTaxes": 193,
        "revenue": 6860,
        "sgaExpense": 1006,
        "totalOperatingExpense": 1006,
        "totalOtherIncomeExpenseNet": -138
      },
      {
        "costOfGoodsSold": 4291,
        "dilutedAverageSharesOutstanding": 1235,
        "dilutedEPS": 0.21,
        "ebit": 1346,
        "grossIncome": 2279,
        "interestExpense": 228,
        "interestIncomeExpense": -221,
        "minorityInterest": 8,
        "netIncome": 262,
        "netIncomeAfterTaxes": 254,
        "nonRecurringItems": -693,
        "period": "2023-09-30",
        "pretaxIncome": 460,
        "provisionforIncomeTaxes": 206,
        "revenue": 6570,
        "sgaExpense": 933,
        "totalOperatingExpense": 933,
        "totalOtherIncomeExpenseNet": 28
      },
      {
        "costOfGoodsSold": 4466,
        "dilutedAverageSharesOutstanding": 1235,
        "dilutedEPS": 0.81,
        "ebit": 1352,
        "grossIncome": 2255,
        "interestExpense": 228,
        "interestIncomeExpense": -288,
        "minorityInterest": 2,
        "netIncome": 1000,
        "netIncomeAfterTaxes": 998,
        "nonRecurringItems": 23,
        "period": "2023-07-01",
        "pretaxIncome": 1172,
        "provisionforIncomeTaxes": 174,
        "revenue": 6721,
        "sgaExpense": 903,
        "totalOperatingExpense": 903,
        "totalOtherIncomeExpenseNet": 85
      },
      {
        "costOfGoodsSold": 4370,
        "dilutedAverageSharesOutstanding": 1234,
        "dilutedEPS": 0.68,
        "ebit": 1220,
        "grossIncome": 2119,
        "interestExpense": 227,
        "interestIncomeExpense": -219,
        "minorityInterest": -1,
        "netIncome": 836,
        "netIncomeAfterTaxes": 837,
        "nonRecurringItems": 22,
        "period": "2023-04-01",
        "pretaxIncome": 1051,
        "provisionforIncomeTaxes": 214,
        "revenue": 6489,
        "sgaExpense": 899,
        "totalOperatingExpense": 899,
        "totalOtherIncomeExpenseNet": 28
      },
      {
        "costOfGoodsSold": 5005,
        "dilutedAverageSharesOutstanding": 1235,
        "dilutedEPS": 0.72,
        "ebit": 1248,
        "grossIncome": 2376,
        "interestExpense": 217,
        "interestIncomeExpense": -211,
        "minorityInterest": 3,
        "netIncome": 890,
        "netIncomeAfterTaxes": 887,
        "nonRecurringItems": 2,
        "period": "2022-12-31",
        "pretaxIncome": 1051,
        "provisionforIncomeTaxes": 164,
        "revenue": 7381,
        "sgaExpense": 1128,
        "totalOperatingExpense": 1128,
        "totalOtherIncomeExpenseNet": 12
      },
      {
        "costOfGoodsSold": 4637,
        "dilutedAverageSharesOutstanding": 1235,
        "dilutedEPS": 0.35,
        "ebit": 1059,
        "grossIncome": 1868,
        "interestExpense": 228,
        "interestIncomeExpense": -238,
        "minorityInterest": -3,
        "netIncome": 432,
        "netIncomeAfterTaxes": 435,
        "nonRecurringItems": -308,
        "period": "2022-09-24",
        "pretaxIncome": 545,
        "provisionforIncomeTaxes": 110,
        "revenue": 6505,
        "sgaExpense": 809,
        "totalOperatingExpense": 809,
        "totalOtherIncomeExpenseNet": 32
      },
      {
        "costOfGoodsSold": 4564,
        "dilutedAverageSharesOutstanding": 1235,
        "dilutedEPS": 0.21,
        "ebit": 1170,
        "grossIncome": 1990,
        "interestExpense": 234,
        "interestIncomeExpense": -195,
        "minorityInterest": 0,
        "netIncome": 265,
        "netIncomeAfterTaxes": 265,
        "nonRecurringItems": -626,
        "period": "2022-06-25",
        "pretaxIncome": 399,
        "provisionforIncomeTaxes": 134,
        "revenue": 6554,
        "sgaExpense": 820,
        "totalOperatingExpense": 820,
        "totalOtherIncomeExpenseNet": 50
      },
      {
        "costOfGoodsSold": 4044,
        "dilutedAverageSharesOutstanding": 1234,
        "dilutedEPS": 0.63,
        "ebit": 1183,
        "grossIncome": 2001,
        "interestExpense": 242,
        "interestIncomeExpense": -194,
        "minorityInterest": -5,
        "netIncome": 776,
        "netIncomeAfterTaxes": 781,
        "nonRecurringItems": -69,
        "period": "2022-03-26",
        "pretaxIncome": 971,
        "provisionforIncomeTaxes": 190,
        "revenue": 6045,
        "sgaExpense": 818,
        "totalOperatingExpense": 818,
        "totalOtherIncomeExpenseNet": 51
      },
      {
        "costOfGoodsSold": 4534,
        "dilutedAverageSharesOutstanding": 1224,
        "dilutedEPS": -0.2,
        "ebit": 1306,
        "grossIncome": 2175,
        "interestExpense": 604,
        "interestIncomeExpense": -589,
        "minorityInterest": -2,
        "netIncome": -257,
        "netIncomeAfterTaxes": -490,
        "nonRecurringItems": -1294,
        "period": "2021-12-25",
        "pretaxIncome": -520,
        "provisionforIncomeTaxes": -30,
        "revenue": 6709,
        "sgaExpense": 869,
        "totalOperatingExpense": 869,
        "totalOtherIncomeExpenseNet": 57
      },
      {
        "costOfGoodsSold": 4296,
        "dilutedAverageSharesOutstanding": 1236,
        "dilutedEPS": 0.59,
        "ebit": 1171,
        "grossIncome": 2028,
        "interestExpense": 415,
        "interestIncomeExpense": -408,
        "minorityInterest": -3,
        "netIncome": 733,
        "netIncomeAfterTaxes": 736,
        "nonRecurringItems": 61,
        "period": "2021-09-25",
        "pretaxIncome": 879,
        "provisionforIncomeTaxes": 143,
        "revenue": 6324,
        "sgaExpense": 857,
        "totalOperatingExpense": 857,
        "totalOtherIncomeExpenseNet": 55
      },
      {
        "costOfGoodsSold": 4323,
        "dilutedAverageSharesOutstanding": 1224,
        "dilutedEPS": -0.02,
        "ebit": 1367,
        "grossIncome": 2292,
        "interestExpense": 613,
        "interestIncomeExpense": -604,
        "minorityInterest": -2,
        "netIncome": -27,
        "netIncomeAfterTaxes": -25,
        "nonRecurringItems": -178,
        "period": "2021-06-26",
        "pretaxIncome": 645,
        "provisionforIncomeTaxes": 670,
        "revenue": 6615,
        "sgaExpense": 925,
        "totalOperatingExpense": 925,
        "totalOtherIncomeExpenseNet": 60
      },
      {
        "costOfGoodsSold": 4190,
        "dilutedAverageSharesOutstanding": 1232,
        "dilutedEPS": 0.46,
        "ebit": 1337,
        "grossIncome": 2204,
        "interestExpense": 415,
        "interestIncomeExpense": -416,
        "minorityInterest": -5,
        "netIncome": 563,
        "netIncomeAfterTaxes": 568,
        "nonRecurringItems": -267,
        "period": "2021-03-27",
        "pretaxIncome": 704,
        "provisionforIncomeTaxes": 136,
        "revenue": 6394,
        "sgaExpense": 867,
        "totalOperatingExpense": 867,
        "totalOtherIncomeExpenseNet": 50
      },
      {
        "costOfGoodsSold": 4433,
        "dilutedAverageSharesOutstanding": 1246,
        "dilutedEPS": 0.82,
        "ebit": 1560,
        "grossIncome": 2506,
        "interestExpense": 328,
        "interestIncomeExpense": -328,
        "minorityInterest": -2,
        "netIncome": 1032,
        "netIncomeAfterTaxes": 953,
        "nonRecurringItems": -27,
        "period": "2020-12-26",
        "pretaxIncome": 1286,
        "provisionforIncomeTaxes": 333,
        "revenue": 6939,
        "sgaExpense": 946,
        "totalOperatingExpense": 946,
        "totalOtherIncomeExpenseNet": 81
      },
      {
        "costOfGoodsSold": 4099,
        "dilutedAverageSharesOutstanding": 1229,
        "dilutedEPS": 0.49,
        "ebit": 1456,
        "grossIncome": 2342,
        "interestExpense": 314,
        "interestIncomeExpense": -365,
        "minorityInterest": -1,
        "netIncome": 597,
        "netIncomeAfterTaxes": 598,
        "nonRecurringItems": -309,
        "period": "2020-09-26",
        "pretaxIncome": 906,
        "provisionforIncomeTaxes": 308,
        "revenue": 6441,
        "sgaExpense": 886,
        "totalOperatingExpense": 886,
        "totalOtherIncomeExpenseNet": 124
      },
      {
        "costOfGoodsSold": 4198,
        "dilutedAverageSharesOutstanding": 1223,
        "dilutedEPS": -1.35,
        "ebit": 1538,
        "grossIncome": 2450,
        "interestExpense": 442,
        "interestIncomeExpense": -475,
        "minorityInterest": 1,
        "netIncome": -1651,
        "netIncomeAfterTaxes": -1652,
        "nonRecurringItems": -2877,
        "period": "2020-06-27",
        "pretaxIncome": -1703,
        "provisionforIncomeTaxes": -51,
        "revenue": 6648,
        "sgaExpense": 912,
        "totalOperatingExpense": 912,
        "totalOtherIncomeExpenseNet": 111
      },
      {
        "costOfGoodsSold": 4298,
        "dilutedAverageSharesOutstanding": 1224,
        "dilutedEPS": 0.31,
        "ebit": 996,
        "grossIncome": 1859,
        "interestExpense": 310,
        "interestIncomeExpense": -284,
        "minorityInterest": -3,
        "netIncome": 378,
        "netIncomeAfterTaxes": 381,
        "nonRecurringItems": -228,
        "period": "2020-03-28",
        "pretaxIncome": 541,
        "provisionforIncomeTaxes": 160,
        "revenue": 6157,
        "sgaExpense": 863,
        "totalOperatingExpense": 863,
        "totalOtherIncomeExpenseNet": 57
      },
      {
        "costOfGoodsSold": 4408,
        "dilutedAverageSharesOutstanding": 1227,
        "dilutedEPS": 0.15,
        "ebit": 1316,
        "grossIncome": 2128,
        "interestExpense": 329,
        "interestIncomeExpense": -318,
        "minorityInterest": -1,
        "netIncome": 182,
        "netIncomeAfterTaxes": 183,
        "nonRecurringItems": -728,
        "period": "2019-12-28",
        "pretaxIncome": 327,
        "provisionforIncomeTaxes": 144,
        "revenue": 6536,
        "sgaExpense": 812,
        "totalOperatingExpense": 812,
        "totalOtherIncomeExpenseNet": 57
      },
      {
        "costOfGoodsSold": 4117,
        "dilutedAverageSharesOutstanding": 1223,
        "dilutedEPS": 0.74,
        "ebit": 1206,
        "grossIncome": 1959,
        "interestExpense": 397,
        "interestIncomeExpense": -401,
        "minorityInterest": 1,
        "netIncome": 899,
        "netIncomeAfterTaxes": 898,
        "nonRecurringItems": -26,
        "period": "2019-09-28",
        "pretaxIncome": 1162,
        "provisionforIncomeTaxes": 264,
        "revenue": 6076,
        "sgaExpense": 753,
        "totalOperatingExpense": 753,
        "totalOtherIncomeExpenseNet": 383
      },
      {
        "costOfGoodsSold": 4318,
        "dilutedAverageSharesOutstanding": 1222,
        "dilutedEPS": 0.37,
        "ebit": 1351,
        "grossIncome": 2088,
        "interestExpense": 315,
        "interestIncomeExpense": -324,
        "minorityInterest": 1,
        "netIncome": 449,
        "netIncomeAfterTaxes": 448,
        "nonRecurringItems": -617,
        "period": "2019-06-29",
        "pretaxIncome": 551,
        "provisionforIncomeTaxes": 103,
        "revenue": 6406,
        "sgaExpense": 737,
        "totalOperatingExpense": 737,
        "totalOtherIncomeExpenseNet": 141
      },
      {
        "costOfGoodsSold": 3939,
        "dilutedAverageSharesOutstanding": 1224,
        "dilutedEPS": 0.33,
        "ebit": 1217,
        "grossIncome": 2020,
        "interestExpense": 320,
        "interestIncomeExpense": -330,
        "minorityInterest": 1,
        "netIncome": 405,
        "netIncomeAfterTaxes": 404,
        "nonRecurringItems": -655,
        "period": "2019-03-30",
        "pretaxIncome": 621,
        "provisionforIncomeTaxes": 217,
        "revenue": 5959,
        "sgaExpense": 803,
        "totalOperatingExpense": 803,
        "totalOtherIncomeExpenseNet": 389
      },
      {
        "costOfGoodsSold": 4652,
        "dilutedAverageSharesOutstanding": 1219,
        "dilutedEPS": -10.31,
        "ebit": 1454,
        "grossIncome": 2239,
        "interestExpense": 328,
        "interestIncomeExpense": -315,
        "minorityInterest": 60,
        "netIncome": -12568,
        "netIncomeAfterTaxes": -12630,
        "nonRecurringItems": -15753,
        "period": "2018-12-29",
        "pretaxIncome": -14474,
        "provisionforIncomeTaxes": -1844,
        "revenue": 6891,
        "sgaExpense": 785,
        "totalOperatingExpense": 785,
        "totalOtherIncomeExpenseNet": 140
      },
      {
        "costOfGoodsSold": 4271,
        "dilutedAverageSharesOutstanding": 1226,
        "dilutedEPS": 0.5,
        "ebit": 1323,
        "grossIncome": 2112,
        "interestExpense": 325,
        "interestIncomeExpense": -345,
        "minorityInterest": 1,
        "netIncome": 619,
        "netIncomeAfterTaxes": 680,
        "nonRecurringItems": -249,
        "period": "2018-09-29",
        "pretaxIncome": 819,
        "provisionforIncomeTaxes": 139,
        "revenue": 6383,
        "sgaExpense": 789,
        "totalOperatingExpense": 789,
        "totalOtherIncomeExpenseNet": 90
      },
      {
        "costOfGoodsSold": 4260,
        "dilutedAverageSharesOutstanding": 1226,
        "dilutedEPS": 0.61,
        "ebit": 1691,
        "grossIncome": 2430,
        "interestExpense": 315,
        "interestIncomeExpense": -368,
        "minorityInterest": 1,
        "netIncome": 754,
        "netIncomeAfterTaxes": 817,
        "nonRecurringItems": -398,
        "period": "2018-06-30",
        "pretaxIncome": 1061,
        "provisionforIncomeTaxes": 244,
        "revenue": 6690,
        "sgaExpense": 739,
        "totalOperatingExpense": 739,
        "totalOtherIncomeExpenseNet": 136
      },
      {
        "costOfGoodsSold": 3962,
        "dilutedAverageSharesOutstanding": 1228,
        "dilutedEPS": 0.8,
        "ebit": 1599,
        "grossIncome": 2342,
        "interestExpense": 316,
        "interestIncomeExpense": -280,
        "minorityInterest": 0,
        "netIncome": 1003,
        "netIncomeAfterTaxes": 983,
        "nonRecurringItems": -99,
        "period": "2018-03-31",
        "pretaxIncome": 1273,
        "provisionforIncomeTaxes": 290,
        "revenue": 6304,
        "sgaExpense": 743,
        "totalOperatingExpense": 743,
        "totalOtherIncomeExpenseNet": 53
      },
      {
        "costOfGoodsSold": 4437,
        "dilutedAverageSharesOutstanding": 1225,
        "dilutedEPS": 6.48,
        "ebit": 1686,
        "grossIncome": 2398,
        "interestExpense": 307,
        "interestIncomeExpense": -488,
        "minorityInterest": 7,
        "netIncome": 7945,
        "netIncomeAfterTaxes": 938,
        "nonRecurringItems": -95,
        "period": "2017-12-30",
        "pretaxIncome": 1251,
        "provisionforIncomeTaxes": 313,
        "revenue": 6835,
        "sgaExpense": 712,
        "totalOperatingExpense": 712,
        "totalOtherIncomeExpenseNet": 148
      },
      {
        "costOfGoodsSold": 3992,
        "dilutedAverageSharesOutstanding": 1228,
        "dilutedEPS": 0.77,
        "ebit": 1637,
        "grossIncome": 2288,
        "interestExpense": 305,
        "interestIncomeExpense": -227,
        "minorityInterest": 1,
        "netIncome": 944,
        "netIncomeAfterTaxes": 943,
        "nonRecurringItems": -99,
        "period": "2017-09-30",
        "pretaxIncome": 1359,
        "provisionforIncomeTaxes": 416,
        "revenue": 6280,
        "sgaExpense": 651,
        "totalOperatingExpense": 651,
        "totalOtherIncomeExpenseNet": 48
      },
      {
        "costOfGoodsSold": 4121,
        "dilutedAverageSharesOutstanding": 1229,
        "dilutedEPS": 0.94,
        "ebit": 1798,
        "grossIncome": 2516,
        "interestExpense": 306,
        "interestIncomeExpense": -251,
        "minorityInterest": -1,
        "netIncome": 1159,
        "netIncomeAfterTaxes": 1160,
        "nonRecurringItems": -154,
        "period": "2017-07-01",
        "pretaxIncome": 1590,
        "provisionforIncomeTaxes": 430,
        "revenue": 6637,
        "sgaExpense": 718,
        "totalOperatingExpense": 718,
        "totalOtherIncomeExpenseNet": 197
      },
      {
        "costOfGoodsSold": 4029,
        "dilutedAverageSharesOutstanding": 1229,
        "dilutedEPS": 0.73,
        "ebit": 1568,
        "grossIncome": 2295,
        "interestExpense": 312,
        "interestIncomeExpense": -297,
        "minorityInterest": 2,
        "netIncome": 893,
        "netIncomeAfterTaxes": 891,
        "nonRecurringItems": -135,
        "period": "2017-04-01",
        "pretaxIncome": 1250,
        "provisionforIncomeTaxes": 359,
        "revenue": 6324,
        "sgaExpense": 727,
        "totalOperatingExpense": 727,
        "totalOtherIncomeExpenseNet": 114
      },
      {
        "costOfGoodsSold": 4484,
        "dilutedAverageSharesOutstanding": 1226,
        "dilutedEPS": 0.74,
        "ebit": 1268,
        "grossIncome": 2186,
        "interestExpense": 309,
        "interestIncomeExpense": -262,
        "minorityInterest": 0,
        "netIncome": 908,
        "netIncomeAfterTaxes": 908,
        "nonRecurringItems": -229,
        "period": "2016-12-31",
        "pretaxIncome": 1196,
        "provisionforIncomeTaxes": 288,
        "revenue": 6670,
        "sgaExpense": 918,
        "totalOperatingExpense": 918,
        "totalOtherIncomeExpenseNet": 419
      },
      {
        "costOfGoodsSold": 3897,
        "dilutedAverageSharesOutstanding": 1228,
        "dilutedEPS": 0.69,
        "ebit": 1650,
        "grossIncome": 2370,
        "interestExpense": 310,
        "interestIncomeExpense": -336,
        "minorityInterest": -1,
        "netIncome": 842,
        "netIncomeAfterTaxes": 843,
        "nonRecurringItems": -237,
        "period": "2016-10-02",
        "pretaxIncome": 1105,
        "provisionforIncomeTaxes": 262,
        "revenue": 6267,
        "sgaExpense": 720,
        "totalOperatingExpense": 720,
        "totalOtherIncomeExpenseNet": 28
      },
      {
        "costOfGoodsSold": 4063,
        "dilutedAverageSharesOutstanding": 1227,
        "dilutedEPS": 0.63,
        "ebit": 1920,
        "grossIncome": 2730,
        "interestExpense": 263,
        "interestIncomeExpense": -236,
        "minorityInterest": -5,
        "netIncome": 770,
        "netIncomeAfterTaxes": 955,
        "nonRecurringItems": -284,
        "period": "2016-07-03",
        "pretaxIncome": 1366,
        "provisionforIncomeTaxes": 411,
        "revenue": 6793,
        "sgaExpense": 810,
        "totalOperatingExpense": 810,
        "totalOtherIncomeExpenseNet": -34
      },
      {
        "costOfGoodsSold": 4011,
        "dilutedAverageSharesOutstanding": 1225,
        "dilutedEPS": 0.73,
        "ebit": 1773,
        "grossIncome": 2559,
        "interestExpense": 248,
        "interestIncomeExpense": -328,
        "minorityInterest": -4,
        "netIncome": 896,
        "netIncomeAfterTaxes": 900,
        "nonRecurringItems": -260,
        "period": "2016-04-03",
        "pretaxIncome": 1272,
        "provisionforIncomeTaxes": 372,
        "revenue": 6570,
        "sgaExpense": 786,
        "totalOperatingExpense": 786,
        "totalOtherIncomeExpenseNet": 87
      },
      {
        "costOfGoodsSold": 4720,
        "dilutedAverageSharesOutstanding": 1202,
        "dilutedEPS": 0.24,
        "ebit": 1287,
        "grossIncome": 2404,
        "interestExpense": 265,
        "interestIncomeExpense": -209,
        "minorityInterest": -3,
        "netIncome": 285,
        "netIncomeAfterTaxes": 648,
        "period": "2016-01-03",
        "pretaxIncome": 1030,
        "provisionforIncomeTaxes": 382,
        "revenue": 7124,
        "sgaExpense": 1117,
        "totalOperatingExpense": 1117,
        "totalOtherIncomeExpenseNet": -48
      },
      {
        "costOfGoodsSold": 4492,
        "dilutedAverageSharesOutstanding": 1213,
        "dilutedEPS": -0.25,
        "ebit": 399,
        "grossIncome": 1628,
        "interestExpense": 459,
        "interestIncomeExpense": -408,
        "minorityInterest": -3,
        "netIncome": -303,
        "netIncomeAfterTaxes": -120,
        "period": "2015-09-27",
        "pretaxIncome": -169,
        "provisionforIncomeTaxes": -49,
        "revenue": 6120,
        "sgaExpense": 1229,
        "totalOperatingExpense": 1229,
        "totalOtherIncomeExpenseNet": -160
      }
    ],
    "symbol": "KHC"
  }
}