{
  "symbol": "LHX",
  "statement": "ic",
  "frequency": "quarterly",
  "timestamp": "2025-09-19T14:02:58.284679",
  "data": {
    "financials": [
      {
        "costOfGoodsSold": 4091,
        "depreciationAmortization": 177,
        "dilutedAverageSharesOutstanding": 187.8,
        "dilutedEPS": 2.4388,
        "ebit": 623,
        "grossIncome": 1335,
        "interestExpense": 152,
        "interestIncomeExpense": -152,
        "minorityInterest": 0,
        "netIncome": 458,
        "netIncomeAfterTaxes": 458,
        "nonRecurringItems": -52,
        "period": "2025-06-27",
        "pretaxIncome": 524,
        "provisionforIncomeTaxes": 66,
        "researchDevelopment": 132,
        "revenue": 5426,
        "sgaExpense": 403,
        "totalOperatingExpense": 712,
        "totalOtherIncomeExpenseNet": 105
      },
      {
        "costOfGoodsSold": 3782,
        "depreciationAmortization": 177,
        "dilutedAverageSharesOutstanding": 189.1,
        "dilutedEPS": 2.0412,
        "ebit": 594,
        "grossIncome": 1350,
        "interestExpense": 150,
        "interestIncomeExpense": -150,
        "minorityInterest": 0,
        "netIncome": 386,
        "netIncomeAfterTaxes": 386,
        "nonRecurringItems": -69,
        "period": "2025-03-28",
        "pretaxIncome": 459,
        "provisionforIncomeTaxes": 73,
        "researchDevelopment": 112,
        "revenue": 5132,
        "sgaExpense": 467,
        "totalOperatingExpense": 756,
        "totalOtherIncomeExpenseNet": 84
      },
      {
        "costOfGoodsSold": 4126,
        "depreciationAmortization": 194,
        "dilutedAverageSharesOutstanding": 190.7,
        "dilutedEPS": 2.3755,
        "ebit": 626,
        "grossIncome": 1397,
        "interestExpense": 161,
        "interestIncomeExpense": -161,
        "minorityInterest": -3,
        "netIncome": 453,
        "netIncomeAfterTaxes": 456,
        "nonRecurringItems": -57,
        "period": "2025-01-03",
        "pretaxIncome": 487,
        "provisionforIncomeTaxes": 31,
        "researchDevelopment": 142,
        "revenue": 5523,
        "sgaExpense": 435,
        "totalOperatingExpense": 771,
        "totalOtherIncomeExpenseNet": 79
      },
      {
        "costOfGoodsSold": 3873,
        "depreciationAmortization": 194,
        "dilutedAverageSharesOutstanding": 190.5,
        "dilutedEPS": 2.0997,
        "ebit": 590,
        "grossIncome": 1419,
        "interestExpense": 166,
        "interestIncomeExpense": -166,
        "minorityInterest": -4,
        "netIncome": 400,
        "netIncomeAfterTaxes": 404,
        "nonRecurringItems": -95,
        "period": "2024-09-27",
        "pretaxIncome": 430,
        "provisionforIncomeTaxes": 26,
        "researchDevelopment": 135,
        "revenue": 5292,
        "sgaExpense": 500,
        "totalOperatingExpense": 829,
        "totalOtherIncomeExpenseNet": 101
      },
      {
        "costOfGoodsSold": 3939,
        "depreciationAmortization": 194,
        "dilutedAverageSharesOutstanding": 190.6,
        "dilutedEPS": 1.9203,
        "ebit": 583,
        "grossIncome": 1360,
        "interestExpense": 172,
        "interestIncomeExpense": -172,
        "minorityInterest": -1,
        "netIncome": 366,
        "netIncomeAfterTaxes": 367,
        "nonRecurringItems": -107,
        "period": "2024-06-28",
        "pretaxIncome": 390,
        "provisionforIncomeTaxes": 23,
        "researchDevelopment": 124,
        "revenue": 5299,
        "sgaExpense": 459,
        "totalOperatingExpense": 777,
        "totalOtherIncomeExpenseNet": 86
      },
      {
        "costOfGoodsSold": 3863,
        "depreciationAmortization": 197,
        "dilutedAverageSharesOutstanding": 190.8,
        "dilutedEPS": 1.4832,
        "ebit": 545,
        "grossIncome": 1348,
        "interestExpense": 176,
        "interestIncomeExpense": -176,
        "minorityInterest": -2,
        "netIncome": 283,
        "netIncomeAfterTaxes": 285,
        "nonRecurringItems": -167,
        "period": "2024-03-29",
        "pretaxIncome": 290,
        "provisionforIncomeTaxes": 5,
        "researchDevelopment": 114,
        "revenue": 5211,
        "sgaExpense": 492,
        "totalOperatingExpense": 803,
        "totalOtherIncomeExpenseNet": 88
      },
      {
        "costOfGoodsSold": 3935,
        "depreciationAmortization": 210,
        "dilutedAverageSharesOutstanding": 190.6,
        "dilutedEPS": 0.829,
        "ebit": 604,
        "grossIncome": 1405,
        "interestExpense": 171,
        "interestIncomeExpense": -171,
        "minorityInterest": 32,
        "netIncome": 158,
        "netIncomeAfterTaxes": 126,
        "nonRecurringItems": -450,
        "period": "2023-12-29",
        "pretaxIncome": 76,
        "provisionforIncomeTaxes": -50,
        "researchDevelopment": 124,
        "revenue": 5340,
        "sgaExpense": 467,
        "totalOperatingExpense": 801,
        "totalOtherIncomeExpenseNet": 93
      },
      {
        "costOfGoodsSold": 3608,
        "depreciationAmortization": 185,
        "dilutedAverageSharesOutstanding": 190.1,
        "dilutedEPS": 2.01,
        "ebit": 568,
        "grossIncome": 1307,
        "interestExpense": 159,
        "interestIncomeExpense": -159,
        "minorityInterest": 1,
        "netIncome": 383,
        "netIncomeAfterTaxes": 382,
        "nonRecurringItems": -89,
        "period": "2023-09-29",
        "pretaxIncome": 400,
        "provisionforIncomeTaxes": 18,
        "researchDevelopment": 125,
        "revenue": 4915,
        "sgaExpense": 429,
        "totalOperatingExpense": 739,
        "totalOtherIncomeExpenseNet": 80
      },
      {
        "costOfGoodsSold": 3476,
        "depreciationAmortization": 150,
        "dilutedAverageSharesOutstanding": 190.1,
        "dilutedEPS": 1.84,
        "ebit": 494,
        "grossIncome": 1217,
        "interestExpense": 111,
        "interestIncomeExpense": -111,
        "minorityInterest": -2,
        "netIncome": 349,
        "netIncomeAfterTaxes": 351,
        "nonRecurringItems": -94,
        "period": "2023-06-30",
        "pretaxIncome": 372,
        "provisionforIncomeTaxes": 21,
        "researchDevelopment": 117,
        "revenue": 4693,
        "sgaExpense": 456,
        "totalOperatingExpense": 723,
        "totalOtherIncomeExpenseNet": 83
      },
      {
        "costOfGoodsSold": 3287,
        "depreciationAmortization": 142,
        "dilutedAverageSharesOutstanding": 190.4,
        "dilutedEPS": 1.77,
        "ebit": 474,
        "grossIncome": 1184,
        "interestExpense": 102,
        "interestIncomeExpense": -102,
        "minorityInterest": -2,
        "netIncome": 337,
        "netIncomeAfterTaxes": 339,
        "nonRecurringItems": -81,
        "period": "2023-03-31",
        "pretaxIncome": 373,
        "provisionforIncomeTaxes": 34,
        "researchDevelopment": 114,
        "revenue": 4471,
        "sgaExpense": 454,
        "totalOperatingExpense": 710,
        "totalOtherIncomeExpenseNet": 82
      },
      {
        "costOfGoodsSold": 3316,
        "dilutedAverageSharesOutstanding": 192,
        "dilutedEPS": 2.17,
        "ebit": 513,
        "grossIncome": 1262,
        "interestExpense": 74,
        "interestIncomeExpense": -74,
        "minorityInterest": -1,
        "netIncome": 416,
        "netIncomeAfterTaxes": 417,
        "nonRecurringItems": -18,
        "period": "2022-12-30",
        "pretaxIncome": 533,
        "provisionforIncomeTaxes": 116,
        "revenue": 4578,
        "sgaExpense": 749,
        "totalOperatingExpense": 749,
        "totalOtherIncomeExpenseNet": 112
      },
      {
        "costOfGoodsSold": 3052,
        "dilutedAverageSharesOutstanding": 191.3,
        "dilutedEPS": -1.57,
        "ebit": 473,
        "grossIncome": 1194,
        "interestExpense": 70,
        "interestIncomeExpense": -70,
        "minorityInterest": 1,
        "netIncome": -300,
        "netIncomeAfterTaxes": -301,
        "nonRecurringItems": -823,
        "period": "2022-09-30",
        "pretaxIncome": -321,
        "provisionforIncomeTaxes": -20,
        "revenue": 4246,
        "sgaExpense": 721,
        "totalOperatingExpense": 721,
        "totalOtherIncomeExpenseNet": 99
      },
      {
        "costOfGoodsSold": 2907,
        "dilutedAverageSharesOutstanding": 194,
        "dilutedEPS": 2.43,
        "ebit": 510,
        "grossIncome": 1228,
        "interestExpense": 67,
        "interestIncomeExpense": -67,
        "minorityInterest": 1,
        "netIncome": 471,
        "netIncomeAfterTaxes": 470,
        "nonRecurringItems": -26,
        "period": "2022-07-01",
        "pretaxIncome": 525,
        "provisionforIncomeTaxes": 55,
        "revenue": 4135,
        "sgaExpense": 718,
        "totalOperatingExpense": 718,
        "totalOtherIncomeExpenseNet": 108
      },
      {
        "costOfGoodsSold": 2892,
        "dilutedAverageSharesOutstanding": 195.1,
        "dilutedEPS": 2.43,
        "ebit": 518,
        "grossIncome": 1211,
        "interestExpense": 68,
        "interestIncomeExpense": -68,
        "minorityInterest": 0,
        "netIncome": 475,
        "netIncomeAfterTaxes": 475,
        "nonRecurringItems": -20,
        "period": "2022-04-01",
        "pretaxIncome": 536,
        "provisionforIncomeTaxes": 61,
        "revenue": 4103,
        "sgaExpense": 693,
        "totalOperatingExpense": 693,
        "totalOtherIncomeExpenseNet": 106
      },
      {
        "costOfGoodsSold": 3053,
        "dilutedAverageSharesOutstanding": 197.2,
        "dilutedEPS": 2.45,
        "ebit": 555,
        "grossIncome": 1297,
        "interestExpense": 67,
        "interestIncomeExpense": -67,
        "minorityInterest": 0,
        "netIncome": 484,
        "netIncomeAfterTaxes": 484,
        "nonRecurringItems": -25,
        "period": "2021-12-31",
        "pretaxIncome": 588,
        "provisionforIncomeTaxes": 104,
        "revenue": 4350,
        "sgaExpense": 742,
        "totalOperatingExpense": 742,
        "totalOtherIncomeExpenseNet": 125
      },
      {
        "costOfGoodsSold": 2921,
        "dilutedAverageSharesOutstanding": 201.6,
        "dilutedEPS": 2.39,
        "ebit": 549,
        "grossIncome": 1308,
        "interestExpense": 67,
        "interestIncomeExpense": -67,
        "minorityInterest": 2,
        "netIncome": 481,
        "netIncomeAfterTaxes": 479,
        "nonRecurringItems": -7,
        "period": "2021-10-01",
        "pretaxIncome": 586,
        "provisionforIncomeTaxes": 107,
        "revenue": 4229,
        "sgaExpense": 759,
        "totalOperatingExpense": 759,
        "totalOtherIncomeExpenseNet": 111
      },
      {
        "costOfGoodsSold": 3251,
        "dilutedAverageSharesOutstanding": 205.6,
        "dilutedEPS": 2.01,
        "ebit": 546,
        "grossIncome": 1417,
        "interestExpense": 65,
        "interestIncomeExpense": -65,
        "minorityInterest": 0,
        "netIncome": 413,
        "netIncomeAfterTaxes": 413,
        "nonRecurringItems": -20,
        "period": "2021-07-02",
        "pretaxIncome": 582,
        "provisionforIncomeTaxes": 169,
        "revenue": 4668,
        "sgaExpense": 871,
        "totalOperatingExpense": 871,
        "totalOtherIncomeExpenseNet": 121
      },
      {
        "costOfGoodsSold": 3213,
        "dilutedAverageSharesOutstanding": 208.5,
        "dilutedEPS": 2.25,
        "ebit": 574,
        "grossIncome": 1354,
        "interestExpense": 69,
        "interestIncomeExpense": -66,
        "minorityInterest": 2,
        "netIncome": 468,
        "netIncomeAfterTaxes": 467,
        "nonRecurringItems": -98,
        "period": "2021-04-02",
        "pretaxIncome": 527,
        "provisionforIncomeTaxes": 60,
        "revenue": 4567,
        "sgaExpense": 780,
        "totalOperatingExpense": 780,
        "totalOtherIncomeExpenseNet": 117
      },
      {
        "costOfGoodsSold": 3261,
        "dilutedAverageSharesOutstanding": 211.7,
        "dilutedEPS": 0.91,
        "ebit": 548,
        "grossIncome": 1399,
        "interestExpense": 68,
        "interestIncomeExpense": -64,
        "minorityInterest": 9,
        "netIncome": 193,
        "netIncomeAfterTaxes": 184,
        "nonRecurringItems": -342,
        "period": "2021-01-01",
        "pretaxIncome": 247,
        "provisionforIncomeTaxes": 63,
        "revenue": 4660,
        "sgaExpense": 851,
        "totalOperatingExpense": 851,
        "totalOtherIncomeExpenseNet": 105
      },
      {
        "costOfGoodsSold": 3152,
        "dilutedAverageSharesOutstanding": 215.1,
        "dilutedEPS": 1.99,
        "ebit": 496,
        "grossIncome": 1311,
        "interestExpense": 66,
        "interestIncomeExpense": -62,
        "minorityInterest": -4,
        "netIncome": 426,
        "netIncomeAfterTaxes": 431,
        "nonRecurringItems": -12,
        "period": "2020-10-02",
        "pretaxIncome": 518,
        "provisionforIncomeTaxes": 87,
        "revenue": 4463,
        "sgaExpense": 815,
        "totalOperatingExpense": 815,
        "totalOtherIncomeExpenseNet": 96
      },
      {
        "costOfGoodsSold": 3175,
        "dilutedAverageSharesOutstanding": 217.8,
        "dilutedEPS": 1.3,
        "ebit": 437,
        "grossIncome": 1270,
        "interestExpense": 68,
        "interestIncomeExpense": -65,
        "minorityInterest": 5,
        "netIncome": 283,
        "netIncomeAfterTaxes": 278,
        "nonRecurringItems": -141,
        "period": "2020-07-03",
        "pretaxIncome": 336,
        "provisionforIncomeTaxes": 58,
        "revenue": 4445,
        "sgaExpense": 833,
        "totalOperatingExpense": 833,
        "totalOtherIncomeExpenseNet": 105
      },
      {
        "costOfGoodsSold": 3298,
        "dilutedAverageSharesOutstanding": 219.3,
        "dilutedEPS": 0.99,
        "ebit": 516,
        "grossIncome": 1328,
        "interestExpense": 68,
        "interestIncomeExpense": -63,
        "minorityInterest": 23,
        "netIncome": 217,
        "netIncomeAfterTaxes": 195,
        "nonRecurringItems": -327,
        "period": "2020-04-03",
        "pretaxIncome": 221,
        "provisionforIncomeTaxes": 26,
        "revenue": 4626,
        "sgaExpense": 812,
        "totalOperatingExpense": 812,
        "totalOtherIncomeExpenseNet": 95
      },
      {
        "costOfGoodsSold": 3484,
        "dilutedAverageSharesOutstanding": 224.6,
        "dilutedEPS": 1.75,
        "ebit": 420,
        "grossIncome": 1348,
        "interestExpense": 68,
        "interestIncomeExpense": -65,
        "minorityInterest": -6,
        "netIncome": 393,
        "netIncomeAfterTaxes": 400,
        "nonRecurringItems": 21,
        "period": "2020-01-03",
        "pretaxIncome": 468,
        "provisionforIncomeTaxes": 68,
        "revenue": 4832,
        "sgaExpense": 928,
        "totalOperatingExpense": 928,
        "totalOtherIncomeExpenseNet": 92
      },
      {
        "costOfGoodsSold": 3242,
        "dilutedAverageSharesOutstanding": 225.4,
        "dilutedEPS": 1.9,
        "ebit": 190,
        "grossIncome": 1189,
        "interestExpense": 67,
        "interestIncomeExpense": -58,
        "minorityInterest": -6,
        "netIncome": 429,
        "netIncomeAfterTaxes": 435,
        "nonRecurringItems": 229,
        "period": "2019-09-27",
        "pretaxIncome": 440,
        "provisionforIncomeTaxes": 5,
        "revenue": 4431,
        "sgaExpense": 999,
        "totalOperatingExpense": 999,
        "totalOtherIncomeExpenseNet": 79
      },
      {
        "costOfGoodsSold": 1223,
        "dilutedAverageSharesOutstanding": 121.1,
        "dilutedEPS": 2.21,
        "ebit": 293,
        "grossIncome": 642,
        "interestIncomeExpense": -39,
        "netIncome": 267,
        "netIncomeAfterTaxes": 269,
        "period": "2019-06-28",
        "pretaxIncome": 302,
        "provisionforIncomeTaxes": 33,
        "revenue": 1865,
        "sgaExpense": 349,
        "totalOperatingExpense": 349,
        "totalOtherIncomeExpenseNet": 48
      },
      {
        "costOfGoodsSold": 1139,
        "dilutedAverageSharesOutstanding": 120.3,
        "dilutedEPS": 2.01,
        "ebit": 279,
        "grossIncome": 589,
        "interestIncomeExpense": -42,
        "netIncome": 242,
        "netIncomeAfterTaxes": 243,
        "period": "2019-03-29",
        "pretaxIncome": 283,
        "provisionforIncomeTaxes": 40,
        "revenue": 1728,
        "sgaExpense": 310,
        "totalOperatingExpense": 310,
        "totalOtherIncomeExpenseNet": 46
      },
      {
        "costOfGoodsSold": 1095,
        "dilutedAverageSharesOutstanding": 120,
        "dilutedEPS": 1.88,
        "ebit": 267,
        "grossIncome": 571,
        "interestExpense": 43,
        "interestIncomeExpense": -43,
        "netIncome": 225,
        "netIncomeAfterTaxes": 225,
        "period": "2018-12-28",
        "pretaxIncome": 271,
        "provisionforIncomeTaxes": 46,
        "revenue": 1666,
        "sgaExpense": 304,
        "totalOperatingExpense": 304,
        "totalOtherIncomeExpenseNet": 47
      },
      {
        "costOfGoodsSold": 1010,
        "dilutedAverageSharesOutstanding": 120.6,
        "dilutedEPS": 1.75,
        "ebit": 253,
        "grossIncome": 532,
        "interestExpense": 44,
        "interestIncomeExpense": -43,
        "netIncome": 212,
        "netIncomeAfterTaxes": 216,
        "period": "2018-09-28",
        "pretaxIncome": 257,
        "provisionforIncomeTaxes": 41,
        "revenue": 1542,
        "sgaExpense": 279,
        "totalOperatingExpense": 279,
        "totalOtherIncomeExpenseNet": 47
      },
      {
        "costOfGoodsSold": 1097,
        "dilutedAverageSharesOutstanding": 121.1,
        "dilutedEPS": 1.75,
        "ebit": 272,
        "grossIncome": 564,
        "interestExpense": 46,
        "interestIncomeExpense": -45,
        "netIncome": 213,
        "netIncomeAfterTaxes": 190,
        "period": "2018-06-29",
        "pretaxIncome": 247,
        "provisionforIncomeTaxes": 57,
        "revenue": 1661,
        "sgaExpense": 292,
        "totalOperatingExpense": 292,
        "totalOtherIncomeExpenseNet": 20
      },
      {
        "costOfGoodsSold": 1028,
        "dilutedAverageSharesOutstanding": 121,
        "dilutedEPS": 1.61,
        "ebit": 203,
        "grossIncome": 534,
        "interestExpense": 41,
        "interestIncomeExpense": -41,
        "netIncome": 195,
        "netIncomeAfterTaxes": 166,
        "period": "2018-03-30",
        "pretaxIncome": 208,
        "provisionforIncomeTaxes": 42,
        "revenue": 1562,
        "sgaExpense": 331,
        "totalOperatingExpense": 331,
        "totalOtherIncomeExpenseNet": 46
      },
      {
        "costOfGoodsSold": 1022,
        "dilutedAverageSharesOutstanding": 120.9,
        "dilutedEPS": 1.07,
        "ebit": 222,
        "grossIncome": 513,
        "interestExpense": 42,
        "interestIncomeExpense": -41,
        "netIncome": 130,
        "netIncomeAfterTaxes": 163,
        "period": "2017-12-29",
        "pretaxIncome": 225,
        "provisionforIncomeTaxes": 62,
        "revenue": 1535,
        "sgaExpense": 291,
        "totalOperatingExpense": 291,
        "totalOtherIncomeExpenseNet": 44
      },
      {
        "costOfGoodsSold": 919,
        "dilutedAverageSharesOutstanding": 121.2,
        "dilutedEPS": 1.31,
        "ebit": 223,
        "grossIncome": 491,
        "interestExpense": 41,
        "interestIncomeExpense": -41,
        "netIncome": 159,
        "netIncomeAfterTaxes": 165,
        "period": "2017-09-29",
        "pretaxIncome": 228,
        "provisionforIncomeTaxes": 63,
        "revenue": 1410,
        "sgaExpense": 268,
        "totalOperatingExpense": 268,
        "totalOtherIncomeExpenseNet": 46
      },
      {
        "costOfGoodsSold": 1062,
        "dilutedAverageSharesOutstanding": 122.2,
        "dilutedEPS": 0.98,
        "ebit": 95,
        "grossIncome": 477,
        "interestExpense": 42,
        "interestIncomeExpense": -41,
        "netIncome": 120,
        "netIncomeAfterTaxes": 156,
        "period": "2017-06-30",
        "pretaxIncome": 218,
        "provisionforIncomeTaxes": 62,
        "revenue": 1539,
        "sgaExpense": 382,
        "totalOperatingExpense": 382,
        "totalOtherIncomeExpenseNet": 164
      },
      {
        "costOfGoodsSold": 964,
        "dilutedAverageSharesOutstanding": 124.5,
        "dilutedEPS": 0.68,
        "ebit": 275,
        "grossIncome": 525,
        "interestExpense": 42,
        "interestIncomeExpense": -42,
        "netIncome": 85,
        "netIncomeAfterTaxes": 164,
        "period": "2017-03-31",
        "pretaxIncome": 233,
        "provisionforIncomeTaxes": 69,
        "revenue": 1489,
        "sgaExpense": 250,
        "totalOperatingExpense": 250,
        "totalOtherIncomeExpenseNet": 0
      },
      {
        "costOfGoodsSold": 920,
        "dilutedAverageSharesOutstanding": 125.4,
        "dilutedEPS": 1.41,
        "ebit": 277,
        "grossIncome": 529,
        "interestExpense": 44,
        "interestIncomeExpense": -43,
        "netIncome": 177,
        "netIncomeAfterTaxes": 163,
        "period": "2016-12-30",
        "pretaxIncome": 235,
        "provisionforIncomeTaxes": 72,
        "revenue": 1449,
        "sgaExpense": 252,
        "totalOperatingExpense": 252,
        "totalOtherIncomeExpenseNet": 1
      },
      {
        "costOfGoodsSold": 897,
        "dilutedAverageSharesOutstanding": 125.5,
        "dilutedEPS": 1.27,
        "ebit": 246,
        "grossIncome": 523,
        "interestExpense": 44,
        "interestIncomeExpense": -43,
        "netIncome": 160,
        "netIncomeAfterTaxes": 145,
        "period": "2016-09-30",
        "pretaxIncome": 203,
        "provisionforIncomeTaxes": 58,
        "revenue": 1420,
        "sgaExpense": 277,
        "totalOperatingExpense": 277,
        "totalOtherIncomeExpenseNet": 0
      },
      {
        "costOfGoodsSold": 1005,
        "dilutedAverageSharesOutstanding": 124.1,
        "dilutedEPS": 1.27,
        "ebit": 250,
        "grossIncome": 528,
        "interestExpense": 44,
        "interestIncomeExpense": -43,
        "netIncome": 158,
        "netIncomeAfterTaxes": 142,
        "period": "2016-07-01",
        "pretaxIncome": 217,
        "provisionforIncomeTaxes": 75,
        "revenue": 1533,
        "sgaExpense": 278,
        "totalOperatingExpense": 278,
        "totalOtherIncomeExpenseNet": 10
      },
      {
        "costOfGoodsSold": 1009,
        "dilutedAverageSharesOutstanding": 125.1,
        "dilutedEPS": 1.34,
        "ebit": 268,
        "grossIncome": 541,
        "interestExpense": 46,
        "interestIncomeExpense": -46,
        "netIncome": 168,
        "netIncomeAfterTaxes": 159,
        "period": "2016-04-01",
        "pretaxIncome": 221,
        "provisionforIncomeTaxes": 62,
        "revenue": 1550,
        "sgaExpense": 273,
        "totalOperatingExpense": 273,
        "totalOtherIncomeExpenseNet": -1
      },
      {
        "costOfGoodsSold": 742,
        "dilutedAverageSharesOutstanding": 125.4,
        "dilutedEPS": -1.21,
        "ebit": 279,
        "grossIncome": 457,
        "interestExpense": 46,
        "interestIncomeExpense": -46,
        "netIncome": -152,
        "netIncomeAfterTaxes": 164,
        "period": "2016-01-01",
        "pretaxIncome": 233,
        "provisionforIncomeTaxes": 69,
        "revenue": 1199,
        "sgaExpense": 178,
        "totalOperatingExpense": 178,
        "totalOtherIncomeExpenseNet": 0
      },
      {
        "costOfGoodsSold": 1144,
        "dilutedAverageSharesOutstanding": 123.7,
        "dilutedEPS": 1.18,
        "ebit": 258,
        "grossIncome": 566,
        "interestExpense": 47,
        "interestIncomeExpense": -46,
        "netIncome": 148,
        "netIncomeAfterTaxes": 146,
        "period": "2015-10-02",
        "pretaxIncome": 213,
        "provisionforIncomeTaxes": 67,
        "revenue": 1710,
        "sgaExpense": 308,
        "totalOperatingExpense": 308,
        "totalOtherIncomeExpenseNet": 1
      }
    ],
    "symbol": "LHX"
  }
}