{
  "symbol": "DVN",
  "statement": "ic",
  "frequency": "quarterly",
  "timestamp": "2025-09-19T13:59:05.229516",
  "data": {
    "financials": [
      {
        "costOfGoodsSold": 2256,
        "depreciationAmortization": 914,
        "dilutedAverageSharesOutstanding": 636,
        "dilutedEPS": 1.4135,
        "ebit": 981,
        "grossIncome": 2028,
        "interestExpense": 126,
        "interestIncomeExpense": -112,
        "minorityInterest": -18,
        "netIncome": 899,
        "netIncomeAfterTaxes": 917,
        "nonRecurringItems": 307,
        "period": "2025-06-30",
        "pretaxIncome": 1161,
        "provisionforIncomeTaxes": 244,
        "researchDevelopment": 20,
        "revenue": 4284,
        "sgaExpense": 113,
        "totalOperatingExpense": 1047,
        "totalOtherIncomeExpenseNet": -15
      },
      {
        "costOfGoodsSold": 2348,
        "depreciationAmortization": 912,
        "dilutedAverageSharesOutstanding": 645,
        "dilutedEPS": 0.7659,
        "ebit": 1052,
        "grossIncome": 2104,
        "interestExpense": 127,
        "interestIncomeExpense": -117,
        "minorityInterest": -15,
        "netIncome": 494,
        "netIncomeAfterTaxes": 509,
        "nonRecurringItems": -256,
        "period": "2025-03-31",
        "pretaxIncome": 646,
        "provisionforIncomeTaxes": 137,
        "researchDevelopment": 10,
        "revenue": 4452,
        "sgaExpense": 130,
        "totalOperatingExpense": 1052,
        "totalOtherIncomeExpenseNet": -33
      },
      {
        "costOfGoodsSold": 2283,
        "depreciationAmortization": 971,
        "dilutedAverageSharesOutstanding": 652,
        "dilutedEPS": 0.9801,
        "ebit": 982,
        "grossIncome": 2120,
        "interestExpense": 128,
        "interestIncomeExpense": -112,
        "minorityInterest": -14,
        "netIncome": 639,
        "netIncomeAfterTaxes": 653,
        "nonRecurringItems": 4,
        "period": "2024-12-31",
        "pretaxIncome": 840,
        "provisionforIncomeTaxes": 187,
        "researchDevelopment": 12,
        "revenue": 4403,
        "sgaExpense": 155,
        "totalOperatingExpense": 1138,
        "totalOtherIncomeExpenseNet": -34
      },
      {
        "costOfGoodsSold": 1913,
        "depreciationAmortization": 794,
        "dilutedAverageSharesOutstanding": 623,
        "dilutedEPS": 1.3034,
        "ebit": 1197,
        "grossIncome": 2111,
        "interestExpense": 98,
        "interestIncomeExpense": -79,
        "minorityInterest": -13,
        "netIncome": 812,
        "netIncomeAfterTaxes": 825,
        "nonRecurringItems": -8,
        "period": "2024-09-30",
        "pretaxIncome": 1064,
        "provisionforIncomeTaxes": 239,
        "researchDevelopment": 3,
        "revenue": 4024,
        "sgaExpense": 117,
        "totalOperatingExpense": 914,
        "totalOtherIncomeExpenseNet": -46
      },
      {
        "costOfGoodsSold": 1896,
        "depreciationAmortization": 768,
        "dilutedAverageSharesOutstanding": 628,
        "dilutedEPS": 1.344,
        "ebit": 1136,
        "grossIncome": 2021,
        "interestExpense": 88,
        "interestIncomeExpense": -74,
        "minorityInterest": -11,
        "netIncome": 844,
        "netIncomeAfterTaxes": 855,
        "nonRecurringItems": -15,
        "period": "2024-06-30",
        "pretaxIncome": 1040,
        "provisionforIncomeTaxes": 185,
        "researchDevelopment": 3,
        "revenue": 3917,
        "sgaExpense": 114,
        "totalOperatingExpense": 885,
        "totalOtherIncomeExpenseNet": -7
      },
      {
        "costOfGoodsSold": 1884,
        "depreciationAmortization": 722,
        "dilutedAverageSharesOutstanding": 632,
        "dilutedEPS": 0.943,
        "ebit": 867,
        "grossIncome": 1712,
        "interestExpense": 87,
        "interestIncomeExpense": -74,
        "minorityInterest": -13,
        "netIncome": 596,
        "netIncomeAfterTaxes": 609,
        "nonRecurringItems": -1,
        "period": "2024-03-31",
        "pretaxIncome": 768,
        "provisionforIncomeTaxes": 159,
        "researchDevelopment": 9,
        "revenue": 3596,
        "sgaExpense": 114,
        "totalOperatingExpense": 845,
        "totalOtherIncomeExpenseNet": -24
      },
      {
        "costOfGoodsSold": 1852,
        "depreciationAmortization": 650,
        "dilutedAverageSharesOutstanding": 639,
        "dilutedEPS": 1.8028,
        "ebit": 1528,
        "grossIncome": 2293,
        "interestExpense": 87,
        "interestIncomeExpense": -75,
        "minorityInterest": -9,
        "netIncome": 1152,
        "netIncomeAfterTaxes": 1161,
        "nonRecurringItems": -11,
        "period": "2023-12-31",
        "pretaxIncome": 1430,
        "provisionforIncomeTaxes": 269,
        "researchDevelopment": 4,
        "revenue": 4145,
        "sgaExpense": 111,
        "totalOperatingExpense": 765,
        "totalOtherIncomeExpenseNet": -12
      },
      {
        "costOfGoodsSold": 1917,
        "depreciationAmortization": 651,
        "dilutedAverageSharesOutstanding": 639,
        "dilutedEPS": 1.4241,
        "ebit": 1166,
        "grossIncome": 1919,
        "interestExpense": 93,
        "interestIncomeExpense": -82,
        "minorityInterest": -10,
        "netIncome": 910,
        "netIncomeAfterTaxes": 920,
        "nonRecurringItems": 0,
        "period": "2023-09-30",
        "pretaxIncome": 1072,
        "provisionforIncomeTaxes": 152,
        "researchDevelopment": 3,
        "revenue": 3836,
        "sgaExpense": 99,
        "totalOperatingExpense": 753,
        "totalOtherIncomeExpenseNet": -12
      },
      {
        "costOfGoodsSold": 3568,
        "depreciationAmortization": 1253,
        "dilutedAverageSharesOutstanding": 641,
        "dilutedEPS": 2.6287,
        "ebit": 2245,
        "grossIncome": 3709,
        "interestExpense": 96,
        "interestIncomeExpense": -157,
        "minorityInterest": -16,
        "netIncome": 1685,
        "netIncomeAfterTaxes": 1701,
        "nonRecurringItems": 41,
        "period": "2023-06-30",
        "pretaxIncome": 2121,
        "provisionforIncomeTaxes": 420,
        "researchDevelopment": 13,
        "revenue": 7277,
        "sgaExpense": 198,
        "totalOperatingExpense": 1464,
        "totalOtherIncomeExpenseNet": -8
      },
      {
        "costOfGoodsSold": 1798,
        "depreciationAmortization": 615,
        "dilutedAverageSharesOutstanding": 647,
        "dilutedEPS": 1.5255,
        "ebit": 1301,
        "grossIncome": 2025,
        "interestExpense": 93,
        "interestIncomeExpense": -76,
        "minorityInterest": -8,
        "netIncome": 987,
        "netIncomeAfterTaxes": 1003,
        "nonRecurringItems": 0,
        "period": "2023-03-31",
        "pretaxIncome": 1224,
        "provisionforIncomeTaxes": 221,
        "researchDevelopment": 3,
        "revenue": 3823,
        "sgaExpense": 106,
        "totalOperatingExpense": 724,
        "totalOtherIncomeExpenseNet": -1
      },
      {
        "costOfGoodsSold": 1946,
        "depreciationAmortization": 625,
        "dilutedAverageSharesOutstanding": 650,
        "dilutedEPS": 1.8369,
        "ebit": 1593,
        "grossIncome": 2353,
        "interestExpense": 93,
        "interestIncomeExpense": -77,
        "minorityInterest": -3,
        "netIncome": 1194,
        "netIncomeAfterTaxes": 1204,
        "nonRecurringItems": 29,
        "period": "2022-12-31",
        "pretaxIncome": 1553,
        "provisionforIncomeTaxes": 349,
        "researchDevelopment": 13,
        "revenue": 4299,
        "sgaExpense": 122,
        "totalOperatingExpense": 760,
        "totalOtherIncomeExpenseNet": 8
      },
      {
        "costOfGoodsSold": 2260,
        "depreciationAmortization": 581,
        "dilutedAverageSharesOutstanding": 651,
        "dilutedEPS": 2.8817,
        "ebit": 2492,
        "grossIncome": 3172,
        "interestExpense": 92,
        "interestIncomeExpense": -73,
        "minorityInterest": -7,
        "netIncome": 1876,
        "netIncomeAfterTaxes": 1900,
        "nonRecurringItems": 0,
        "period": "2022-09-30",
        "pretaxIncome": 2465,
        "provisionforIncomeTaxes": 565,
        "researchDevelopment": 4,
        "revenue": 5432,
        "sgaExpense": 95,
        "totalOperatingExpense": 680,
        "totalOtherIncomeExpenseNet": 46
      },
      {
        "costOfGoodsSold": 2429,
        "depreciationAmortization": 528,
        "dilutedAverageSharesOutstanding": 654,
        "dilutedEPS": 2.9281,
        "ebit": 2575,
        "grossIncome": 3197,
        "interestExpense": 93,
        "interestIncomeExpense": -91,
        "minorityInterest": -6,
        "netIncome": 1915,
        "netIncomeAfterTaxes": 1938,
        "nonRecurringItems": 14,
        "period": "2022-06-30",
        "pretaxIncome": 2495,
        "provisionforIncomeTaxes": 557,
        "researchDevelopment": 10,
        "revenue": 5626,
        "sgaExpense": 84,
        "totalOperatingExpense": 622,
        "totalOtherIncomeExpenseNet": -3
      },
      {
        "costOfGoodsSold": 1942,
        "depreciationAmortization": 489,
        "dilutedAverageSharesOutstanding": 658,
        "dilutedEPS": 1.4787,
        "ebit": 1285,
        "grossIncome": 1870,
        "interestExpense": 92,
        "interestIncomeExpense": -91,
        "minorityInterest": -6,
        "netIncome": 973,
        "netIncomeAfterTaxes": 995,
        "nonRecurringItems": -19,
        "period": "2022-03-31",
        "pretaxIncome": 1262,
        "provisionforIncomeTaxes": 267,
        "researchDevelopment": 2,
        "revenue": 3812,
        "sgaExpense": 94,
        "totalOperatingExpense": 585,
        "totalOtherIncomeExpenseNet": 87
      },
      {
        "costOfGoodsSold": 1871,
        "depreciationAmortization": 577,
        "dilutedAverageSharesOutstanding": 662,
        "dilutedEPS": 2.2462,
        "ebit": 1725,
        "grossIncome": 2402,
        "interestExpense": 92,
        "interestIncomeExpense": -92,
        "minorityInterest": -6,
        "netIncome": 1487,
        "netIncomeAfterTaxes": 1512,
        "nonRecurringItems": 21,
        "period": "2021-12-31",
        "pretaxIncome": 1662,
        "provisionforIncomeTaxes": 150,
        "researchDevelopment": 5,
        "revenue": 4273,
        "sgaExpense": 95,
        "totalOperatingExpense": 677,
        "totalOtherIncomeExpenseNet": 8
      },
      {
        "costOfGoodsSold": 1720,
        "depreciationAmortization": 578,
        "dilutedAverageSharesOutstanding": 673,
        "dilutedEPS": 1.2363,
        "ebit": 1070,
        "grossIncome": 1746,
        "interestExpense": 93,
        "interestIncomeExpense": -92,
        "minorityInterest": -6,
        "netIncome": 832,
        "netIncomeAfterTaxes": 844,
        "nonRecurringItems": -18,
        "period": "2021-09-30",
        "pretaxIncome": 964,
        "provisionforIncomeTaxes": 120,
        "researchDevelopment": 3,
        "revenue": 3466,
        "sgaExpense": 95,
        "totalOperatingExpense": 676,
        "totalOtherIncomeExpenseNet": 4
      },
      {
        "costOfGoodsSold": 1478,
        "depreciationAmortization": 536,
        "dilutedAverageSharesOutstanding": 673,
        "dilutedEPS": 0.3759,
        "ebit": 306,
        "grossIncome": 939,
        "interestExpense": 98,
        "interestIncomeExpense": -98,
        "minorityInterest": -5,
        "netIncome": 253,
        "netIncomeAfterTaxes": 261,
        "nonRecurringItems": 74,
        "period": "2021-06-30",
        "pretaxIncome": 304,
        "provisionforIncomeTaxes": 43,
        "researchDevelopment": 3,
        "revenue": 2417,
        "sgaExpense": 94,
        "totalOperatingExpense": 633,
        "totalOtherIncomeExpenseNet": 22
      },
      {
        "costOfGoodsSold": 489,
        "depreciationAmortization": 467,
        "dilutedAverageSharesOutstanding": 651,
        "dilutedEPS": 0.32,
        "ebit": 173,
        "grossIncome": 1273,
        "interestExpense": 105,
        "interestIncomeExpense": -104,
        "minorityInterest": -3,
        "netIncome": 211,
        "netIncomeAfterTaxes": 216,
        "nonRecurringItems": -137,
        "period": "2021-03-31",
        "pretaxIncome": -32,
        "provisionforIncomeTaxes": -248,
        "researchDevelopment": 3,
        "revenue": 1762,
        "sgaExpense": 630,
        "totalOperatingExpense": 1100,
        "totalOtherIncomeExpenseNet": 36
      },
      {
        "costOfGoodsSold": 271,
        "depreciationAmortization": 301,
        "dilutedAverageSharesOutstanding": 377,
        "dilutedEPS": -0.27,
        "ebit": 4,
        "grossIncome": 1009,
        "interestExpense": 64,
        "interestIncomeExpense": -64,
        "minorityInterest": -4,
        "netIncome": -103,
        "netIncomeAfterTaxes": -73,
        "nonRecurringItems": -43,
        "period": "2020-12-31",
        "pretaxIncome": -110,
        "provisionforIncomeTaxes": -37,
        "researchDevelopment": 4,
        "revenue": 1280,
        "sgaExpense": 700,
        "totalOperatingExpense": 1005,
        "totalOtherIncomeExpenseNet": -7
      },
      {
        "costOfGoodsSold": 271,
        "depreciationAmortization": 299,
        "dilutedAverageSharesOutstanding": 377,
        "dilutedEPS": -0.24,
        "ebit": -95,
        "grossIncome": 796,
        "interestExpense": 65,
        "interestIncomeExpense": -60,
        "minorityInterest": -2,
        "netIncome": -94,
        "netIncomeAfterTaxes": -103,
        "nonRecurringItems": -32,
        "period": "2020-09-30",
        "pretaxIncome": -193,
        "provisionforIncomeTaxes": -90,
        "researchDevelopment": 39,
        "revenue": 1067,
        "sgaExpense": 553,
        "totalOperatingExpense": 891,
        "totalOtherIncomeExpenseNet": -6
      },
      {
        "costOfGoodsSold": 263,
        "depreciationAmortization": 299,
        "dilutedAverageSharesOutstanding": 377,
        "dilutedEPS": -1.77,
        "ebit": -598,
        "grossIncome": 131,
        "interestExpense": 65,
        "interestIncomeExpense": -63,
        "minorityInterest": -2,
        "netIncome": -670,
        "netIncomeAfterTaxes": -677,
        "period": "2020-06-30",
        "pretaxIncome": -680,
        "provisionforIncomeTaxes": -3,
        "researchDevelopment": 12,
        "revenue": 394,
        "sgaExpense": 418,
        "totalOperatingExpense": 729,
        "totalOtherIncomeExpenseNet": -19
      },
      {
        "costOfGoodsSold": 318,
        "depreciationAmortization": 401,
        "dilutedAverageSharesOutstanding": 377,
        "dilutedEPS": -4.81,
        "ebit": 576,
        "grossIncome": 1769,
        "interestExpense": 65,
        "interestIncomeExpense": -60,
        "minorityInterest": -1,
        "netIncome": -1817,
        "netIncomeAfterTaxes": -1690,
        "nonRecurringItems": -2666,
        "period": "2020-03-31",
        "pretaxIncome": -2107,
        "provisionforIncomeTaxes": -417,
        "researchDevelopment": 112,
        "revenue": 2087,
        "sgaExpense": 680,
        "totalOperatingExpense": 1193,
        "totalOtherIncomeExpenseNet": 43
      },
      {
        "costOfGoodsSold": 324,
        "depreciationAmortization": 392,
        "dilutedAverageSharesOutstanding": 377,
        "dilutedEPS": -1.7,
        "ebit": 70,
        "grossIncome": 1265,
        "interestExpense": 65,
        "interestIncomeExpense": -93,
        "minorityInterest": -2,
        "netIncome": -643,
        "netIncomeAfterTaxes": 12,
        "nonRecurringItems": -11,
        "otherOperatingExpensesTotal": -10,
        "period": "2019-12-31",
        "pretaxIncome": -21,
        "provisionforIncomeTaxes": -33,
        "researchDevelopment": 29,
        "revenue": 1589,
        "sgaExpense": 784,
        "totalOperatingExpense": 1195,
        "totalOtherIncomeExpenseNet": 13
      },
      {
        "costOfGoodsSold": 294,
        "depreciationAmortization": 381,
        "dilutedAverageSharesOutstanding": 394,
        "dilutedEPS": 0.27,
        "ebit": 262,
        "grossIncome": 1452,
        "interestExpense": 65,
        "interestIncomeExpense": -55,
        "minorityInterest": 0,
        "netIncome": 108,
        "netIncomeAfterTaxes": 136,
        "nonRecurringItems": -9,
        "period": "2019-09-30",
        "pretaxIncome": 190,
        "provisionforIncomeTaxes": 54,
        "researchDevelopment": 18,
        "revenue": 1746,
        "sgaExpense": 791,
        "totalOperatingExpense": 1190,
        "totalOtherIncomeExpenseNet": -8
      },
      {
        "costOfGoodsSold": 296,
        "depreciationAmortization": 374,
        "dilutedAverageSharesOutstanding": 411,
        "dilutedEPS": 1.19,
        "ebit": 302,
        "grossIncome": 1510,
        "interestExpense": 65,
        "interestIncomeExpense": -58,
        "netIncome": 493,
        "netIncomeAfterTaxes": 151,
        "nonRecurringItems": -10,
        "period": "2019-06-30",
        "pretaxIncome": 219,
        "provisionforIncomeTaxes": 68,
        "researchDevelopment": 7,
        "revenue": 1806,
        "sgaExpense": 827,
        "totalOperatingExpense": 1208,
        "totalOtherIncomeExpenseNet": -15
      },
      {
        "costOfGoodsSold": 283,
        "depreciationAmortization": 360,
        "dilutedAverageSharesOutstanding": 428,
        "dilutedEPS": -0.74,
        "ebit": -453,
        "grossIncome": 796,
        "interestExpense": 65,
        "interestIncomeExpense": -54,
        "minorityInterest": 0,
        "netIncome": -317,
        "netIncomeAfterTaxes": -378,
        "nonRecurringItems": -6,
        "period": "2019-03-31",
        "pretaxIncome": -497,
        "provisionforIncomeTaxes": -119,
        "researchDevelopment": 4,
        "revenue": 1079,
        "sgaExpense": 885,
        "totalOperatingExpense": 1249,
        "totalOtherIncomeExpenseNet": 16
      },
      {
        "costOfGoodsSold": -65,
        "depreciationAmortization": 239,
        "dilutedAverageSharesOutstanding": 437,
        "dilutedEPS": 2.61,
        "ebit": 1501,
        "grossIncome": 3004,
        "interestExpense": 68,
        "interestIncomeExpense": -68,
        "minorityInterest": 0,
        "netIncome": 1142,
        "netIncomeAfterTaxes": 1262,
        "nonRecurringItems": 277,
        "period": "2018-12-31",
        "pretaxIncome": 1653,
        "provisionforIncomeTaxes": 391,
        "researchDevelopment": 23,
        "revenue": 2939,
        "sgaExpense": 1241,
        "totalOperatingExpense": 1503,
        "totalOtherIncomeExpenseNet": -57
      },
      {
        "costOfGoodsSold": 417,
        "depreciationAmortization": 342,
        "dilutedAverageSharesOutstanding": 493.4,
        "dilutedEPS": 5.13,
        "ebit": 46,
        "grossIncome": 1739,
        "interestExpense": 68,
        "interestIncomeExpense": -68,
        "minorityInterest": -26,
        "netIncome": 2536,
        "netIncomeAfterTaxes": 156,
        "nonRecurringItems": -2,
        "period": "2018-09-30",
        "pretaxIncome": -15,
        "provisionforIncomeTaxes": -171,
        "researchDevelopment": 22,
        "revenue": 2156,
        "sgaExpense": 1329,
        "totalOperatingExpense": 1693,
        "totalOtherIncomeExpenseNet": 9
      },
      {
        "costOfGoodsSold": 406,
        "depreciationAmortization": 342,
        "dilutedAverageSharesOutstanding": 515,
        "dilutedEPS": -0.82,
        "ebit": -172,
        "grossIncome": 1516,
        "interestExpense": 68,
        "interestIncomeExpense": -68,
        "minorityInterest": -90,
        "netIncome": -426,
        "netIncomeAfterTaxes": -496,
        "nonRecurringItems": -262,
        "period": "2018-06-30",
        "pretaxIncome": -483,
        "provisionforIncomeTaxes": 13,
        "researchDevelopment": 62,
        "revenue": 1922,
        "sgaExpense": 1284,
        "totalOperatingExpense": 1688,
        "totalOtherIncomeExpenseNet": 19
      },
      {
        "costOfGoodsSold": 395,
        "depreciationAmortization": 305,
        "dilutedAverageSharesOutstanding": 516.5,
        "dilutedEPS": -0.38,
        "ebit": 117,
        "grossIncome": 1484,
        "interestExpense": 83,
        "interestIncomeExpense": -83,
        "minorityInterest": -44,
        "netIncome": -197,
        "netIncomeAfterTaxes": -208,
        "nonRecurringItems": -300,
        "period": "2018-03-31",
        "pretaxIncome": -211,
        "provisionforIncomeTaxes": -3,
        "researchDevelopment": 21,
        "revenue": 1879,
        "sgaExpense": 1041,
        "totalOperatingExpense": 1367,
        "totalOtherIncomeExpenseNet": 55
      },
      {
        "costOfGoodsSold": -569,
        "dilutedAverageSharesOutstanding": 522,
        "dilutedEPS": 0.36,
        "ebit": -521,
        "grossIncome": 572,
        "interestExpense": 45,
        "interestIncomeExpense": -95,
        "minorityInterest": -121,
        "netIncome": 190,
        "netIncomeAfterTaxes": -719,
        "nonRecurringItems": 19,
        "otherOperatingExpensesTotal": -131,
        "period": "2017-12-31",
        "pretaxIncome": -687,
        "provisionforIncomeTaxes": 32,
        "researchDevelopment": 137,
        "revenue": 3,
        "sgaExpense": 1087,
        "totalOperatingExpense": 1093,
        "totalOtherIncomeExpenseNet": -90
      },
      {
        "costOfGoodsSold": 448,
        "depreciationAmortization": 370,
        "dilutedAverageSharesOutstanding": 520,
        "dilutedEPS": 0.36,
        "ebit": 45,
        "grossIncome": 1485,
        "interestExpense": 79,
        "interestIncomeExpense": -5,
        "minorityInterest": -19,
        "netIncome": 191,
        "netIncomeAfterTaxes": 194,
        "nonRecurringItems": 170,
        "period": "2017-09-30",
        "pretaxIncome": 207,
        "provisionforIncomeTaxes": 13,
        "researchDevelopment": 57,
        "revenue": 1933,
        "sgaExpense": 1013,
        "totalOperatingExpense": 1440,
        "totalOtherIncomeExpenseNet": -3
      },
      {
        "costOfGoodsSold": 455,
        "depreciationAmortization": 369,
        "dilutedAverageSharesOutstanding": 525.2,
        "dilutedEPS": 0.35,
        "ebit": 254,
        "grossIncome": 1710,
        "interestExpense": 82,
        "interestIncomeExpense": -33,
        "minorityInterest": -26,
        "netIncome": 174,
        "netIncomeAfterTaxes": 212,
        "nonRecurringItems": 22,
        "period": "2017-06-30",
        "pretaxIncome": 207,
        "provisionforIncomeTaxes": -5,
        "researchDevelopment": 57,
        "revenue": 2165,
        "sgaExpense": 1030,
        "totalOperatingExpense": 1456,
        "totalOtherIncomeExpenseNet": -36
      },
      {
        "costOfGoodsSold": 457,
        "depreciationAmortization": 400,
        "dilutedAverageSharesOutstanding": 522.5,
        "dilutedEPS": 0.65,
        "ebit": 374,
        "grossIncome": 1943,
        "interestExpense": 81,
        "interestIncomeExpense": -66,
        "minorityInterest": -14,
        "netIncome": 342,
        "netIncomeAfterTaxes": 308,
        "nonRecurringItems": 8,
        "period": "2017-03-31",
        "pretaxIncome": 313,
        "provisionforIncomeTaxes": 5,
        "researchDevelopment": 95,
        "revenue": 2400,
        "sgaExpense": 1074,
        "totalOperatingExpense": 1569,
        "totalOtherIncomeExpenseNet": -3
      },
      {
        "costOfGoodsSold": 588,
        "depreciationAmortization": 676,
        "dilutedAverageSharesOutstanding": 543,
        "dilutedEPS": 4.74,
        "ebit": -176,
        "grossIncome": 2220,
        "interestExpense": 201,
        "interestIncomeExpense": -142,
        "minorityInterest": 11,
        "netIncome": 2576,
        "netIncomeAfterTaxes": 2566,
        "nonRecurringItems": 3488,
        "otherOperatingExpensesTotal": -527,
        "period": "2016-12-31",
        "pretaxIncome": 2935,
        "provisionforIncomeTaxes": 369,
        "researchDevelopment": 215,
        "revenue": 2808,
        "sgaExpense": 2032,
        "totalOperatingExpense": 2396,
        "totalOtherIncomeExpenseNet": -235
      },
      {
        "costOfGoodsSold": 355,
        "depreciationAmortization": 394,
        "dilutedAverageSharesOutstanding": 521,
        "dilutedEPS": 1.88,
        "ebit": 428,
        "grossIncome": 2527,
        "interestExpense": 139,
        "interestIncomeExpense": -137,
        "minorityInterest": -14,
        "netIncome": 982,
        "netIncomeAfterTaxes": 1007,
        "nonRecurringItems": 953,
        "otherOperatingExpensesTotal": 17,
        "period": "2016-09-30",
        "pretaxIncome": 1178,
        "provisionforIncomeTaxes": 171,
        "revenue": 2882,
        "sgaExpense": 1688,
        "totalOperatingExpense": 2099,
        "totalOtherIncomeExpenseNet": -66
      },
      {
        "costOfGoodsSold": 383,
        "depreciationAmortization": 484,
        "dilutedAverageSharesOutstanding": 552.6,
        "dilutedEPS": -2.82,
        "ebit": 24,
        "grossIncome": 2105,
        "interestExpense": 145,
        "interestIncomeExpense": 84,
        "minorityInterest": -7,
        "netIncome": -1560,
        "netIncomeAfterTaxes": -1563,
        "nonRecurringItems": -1521,
        "otherOperatingExpensesTotal": 4,
        "period": "2016-06-30",
        "pretaxIncome": -1745,
        "provisionforIncomeTaxes": -182,
        "revenue": 2488,
        "sgaExpense": 1593,
        "totalOperatingExpense": 2081,
        "totalOtherIncomeExpenseNet": -332
      },
      {
        "costOfGoodsSold": 477,
        "depreciationAmortization": 542,
        "dilutedAverageSharesOutstanding": 474,
        "dilutedEPS": -6.45,
        "ebit": -218,
        "grossIncome": 1649,
        "interestExpense": 144,
        "interestIncomeExpense": -370,
        "minorityInterest": 412,
        "netIncome": -3056,
        "netIncomeAfterTaxes": -3468,
        "nonRecurringItems": -3282,
        "otherOperatingExpensesTotal": 20,
        "period": "2016-03-31",
        "pretaxIncome": -3685,
        "provisionforIncomeTaxes": -217,
        "revenue": 2126,
        "sgaExpense": 1305,
        "totalOperatingExpense": 1867,
        "totalOtherIncomeExpenseNet": 185
      },
      {
        "costOfGoodsSold": 479,
        "depreciationAmortization": 641,
        "dilutedAverageSharesOutstanding": 430,
        "dilutedEPS": -10.54,
        "ebit": -8,
        "grossIncome": 2407,
        "interestExpense": 136,
        "interestIncomeExpense": -109,
        "minorityInterest": 380,
        "netIncome": -4534,
        "netIncomeAfterTaxes": -4912,
        "nonRecurringItems": -5417,
        "otherOperatingExpensesTotal": 26,
        "period": "2015-12-31",
        "pretaxIncome": -5542,
        "provisionforIncomeTaxes": -630,
        "revenue": 2886,
        "sgaExpense": 1748,
        "totalOperatingExpense": 2415,
        "totalOtherIncomeExpenseNet": -8
      },
      {
        "costOfGoodsSold": 510,
        "depreciationAmortization": 744,
        "dilutedAverageSharesOutstanding": 406,
        "dilutedEPS": -8.64,
        "ebit": 410,
        "grossIncome": 3091,
        "interestExpense": 130,
        "interestIncomeExpense": -67,
        "minorityInterest": 402,
        "netIncome": -3508,
        "netIncomeAfterTaxes": -3909,
        "nonRecurringItems": -5854,
        "otherOperatingExpensesTotal": 11,
        "period": "2015-09-30",
        "pretaxIncome": -5623,
        "provisionforIncomeTaxes": -1714,
        "revenue": 3601,
        "sgaExpense": 1926,
        "totalOperatingExpense": 2681,
        "totalOtherIncomeExpenseNet": -112
      }
    ],
    "symbol": "DVN"
  }
}