{
  "symbol": "EMN",
  "statement": "ic",
  "frequency": "annual",
  "timestamp": "2025-09-19T13:59:30.710227",
  "data": {
    "financials": [
      {
        "costOfGoodsSold": 7092,
        "dilutedAverageSharesOutstanding": 117.9,
        "dilutedEPS": 7.676,
        "ebit": 1340,
        "grossIncome": 2290,
        "interestExpense": 216,
        "interestIncomeExpense": -211,
        "minorityInterest": -3,
        "netIncome": 905,
        "netIncomeAfterTaxes": 908,
        "nonRecurringItems": -51,
        "otherOperatingExpensesTotal": -36,
        "period": "2024-12-31",
        "pretaxIncome": 1078,
        "provisionforIncomeTaxes": 170,
        "researchDevelopment": 250,
        "revenue": 9382,
        "sgaExpense": 736,
        "totalOperatingExpense": 950,
        "year": 2024
      },
      {
        "costOfGoodsSold": 7149,
        "dilutedAverageSharesOutstanding": 119.4,
        "dilutedEPS": 7.4874,
        "ebit": 1017,
        "grossIncome": 2061,
        "interestExpense": 225,
        "interestIncomeExpense": -216,
        "minorityInterest": -2,
        "netIncome": 894,
        "netIncomeAfterTaxes": 896,
        "nonRecurringItems": 286,
        "otherOperatingExpensesTotal": 78,
        "period": "2023-12-31",
        "pretaxIncome": 1087,
        "provisionforIncomeTaxes": 191,
        "researchDevelopment": 239,
        "revenue": 9210,
        "sgaExpense": 727,
        "totalOperatingExpense": 1044,
        "year": 2023
      },
      {
        "costOfGoodsSold": 8443,
        "dilutedAverageSharesOutstanding": 124.9,
        "dilutedEPS": 6.3491,
        "ebit": 1251,
        "grossIncome": 2137,
        "interestExpense": 188,
        "interestIncomeExpense": -179,
        "minorityInterest": -3,
        "netIncome": 793,
        "netIncomeAfterTaxes": 796,
        "nonRecurringItems": -95,
        "otherOperatingExpensesTotal": -104,
        "period": "2022-12-31",
        "pretaxIncome": 977,
        "provisionforIncomeTaxes": 181,
        "researchDevelopment": 264,
        "revenue": 10580,
        "sgaExpense": 726,
        "totalOperatingExpense": 886,
        "year": 2022
      },
      {
        "costOfGoodsSold": 7976,
        "dilutedAverageSharesOutstanding": 137.1,
        "dilutedEPS": 6.2509,
        "ebit": 1874,
        "grossIncome": 2500,
        "interestExpense": 201,
        "interestIncomeExpense": -192,
        "minorityInterest": -10,
        "netIncome": 857,
        "netIncomeAfterTaxes": 867,
        "nonRecurringItems": -600,
        "otherOperatingExpensesTotal": -423,
        "period": "2021-12-31",
        "pretaxIncome": 1082,
        "provisionforIncomeTaxes": 215,
        "researchDevelopment": 254,
        "revenue": 10476,
        "sgaExpense": 795,
        "totalOperatingExpense": 626,
        "year": 2021
      },
      {
        "costOfGoodsSold": 6498,
        "depreciationAmortization": 8,
        "dilutedAverageSharesOutstanding": 137,
        "dilutedEPS": 3.5,
        "ebit": 961,
        "grossIncome": 1975,
        "interestExpense": 214,
        "interestIncomeExpense": -211,
        "minorityInterest": -11,
        "netIncome": 478,
        "netIncomeAfterTaxes": 489,
        "nonRecurringItems": -220,
        "otherOperatingExpensesTotal": 126,
        "period": "2020-12-31",
        "pretaxIncome": 530,
        "provisionforIncomeTaxes": 41,
        "researchDevelopment": 226,
        "revenue": 8473,
        "sgaExpense": 654,
        "totalOperatingExpense": 1014,
        "year": 2020
      },
      {
        "costOfGoodsSold": 7039,
        "dilutedAverageSharesOutstanding": 139,
        "dilutedEPS": 5.48,
        "ebit": 1245,
        "grossIncome": 2234,
        "interestExpense": 221,
        "interestIncomeExpense": -217,
        "minorityInterest": -3,
        "netIncome": 759,
        "netIncomeAfterTaxes": 762,
        "nonRecurringItems": -126,
        "otherOperatingExpensesTotal": 64,
        "period": "2019-12-31",
        "pretaxIncome": 902,
        "provisionforIncomeTaxes": 140,
        "researchDevelopment": 234,
        "revenue": 9273,
        "sgaExpense": 691,
        "totalOperatingExpense": 989,
        "year": 2019
      },
      {
        "costOfGoodsSold": 7672,
        "dilutedAverageSharesOutstanding": 143,
        "dilutedEPS": 7.55,
        "ebit": 1547,
        "grossIncome": 2479,
        "interestExpense": 238,
        "interestIncomeExpense": -230,
        "minorityInterest": -4,
        "netIncome": 1080,
        "netIncomeAfterTaxes": 1064,
        "nonRecurringItems": -7,
        "otherOperatingExpensesTotal": -17,
        "period": "2018-12-31",
        "pretaxIncome": 1310,
        "provisionforIncomeTaxes": 246,
        "researchDevelopment": 235,
        "revenue": 10151,
        "sgaExpense": 714,
        "totalOperatingExpense": 932,
        "year": 2018
      },
      {
        "costOfGoodsSold": 7186,
        "dilutedAverageSharesOutstanding": 146,
        "dilutedEPS": 9.47,
        "ebit": 1537,
        "grossIncome": 2363,
        "interestExpense": 244,
        "interestIncomeExpense": -234,
        "minorityInterest": -4,
        "netIncome": 1384,
        "netIncomeAfterTaxes": 1049,
        "nonRecurringItems": -14,
        "otherOperatingExpensesTotal": -130,
        "period": "2017-12-31",
        "pretaxIncome": 1289,
        "provisionforIncomeTaxes": 240,
        "researchDevelopment": 227,
        "revenue": 9549,
        "sgaExpense": 729,
        "totalOperatingExpense": 826,
        "year": 2017
      },
      {
        "costOfGoodsSold": 6651,
        "dilutedAverageSharesOutstanding": 148,
        "dilutedEPS": 5.77,
        "ebit": 1436,
        "grossIncome": 2357,
        "interestExpense": 258,
        "interestIncomeExpense": -269,
        "minorityInterest": -5,
        "netIncome": 854,
        "netIncomeAfterTaxes": 859,
        "nonRecurringItems": -118,
        "otherOperatingExpensesTotal": -9,
        "period": "2016-12-31",
        "pretaxIncome": 1049,
        "provisionforIncomeTaxes": 190,
        "researchDevelopment": 223,
        "revenue": 9008,
        "sgaExpense": 707,
        "totalOperatingExpense": 921,
        "year": 2016
      },
      {
        "costOfGoodsSold": 7068,
        "dilutedAverageSharesOutstanding": 150,
        "dilutedEPS": 5.66,
        "ebit": 1567,
        "grossIncome": 2580,
        "interestExpense": 266,
        "interestIncomeExpense": -254,
        "minorityInterest": -6,
        "netIncome": 848,
        "netIncomeAfterTaxes": 854,
        "nonRecurringItems": -183,
        "period": "2015-12-31",
        "pretaxIncome": 1129,
        "provisionforIncomeTaxes": 275,
        "researchDevelopment": 242,
        "revenue": 9648,
        "sgaExpense": 771,
        "totalOperatingExpense": 1013,
        "totalOtherIncomeExpenseNet": -1,
        "year": 2015
      }
    ],
    "symbol": "EMN"
  }
}