{
  "symbol": "MSFT",
  "statement": "ic",
  "frequency": "annual",
  "timestamp": "2025-09-19T14:04:03.898817",
  "data": {
    "financials": [
      {
        "costOfGoodsSold": 87831,
        "dilutedAverageSharesOutstanding": 7465,
        "dilutedEPS": 13.64,
        "ebit": 128528,
        "grossIncome": 193893,
        "interestExpense": 2385,
        "interestIncomeExpense": 767,
        "netIncome": 101832,
        "netIncomeAfterTaxes": 101832,
        "nonRecurringItems": -943,
        "period": "2025-06-30",
        "pretaxIncome": 123627,
        "provisionforIncomeTaxes": 21795,
        "researchDevelopment": 32488,
        "revenue": 281724,
        "sgaExpense": 32877,
        "totalOperatingExpense": 65365,
        "totalOtherIncomeExpenseNet": -4725,
        "year": 2025
      },
      {
        "costOfGoodsSold": 74114,
        "dilutedAverageSharesOutstanding": 7469,
        "dilutedEPS": 11.8,
        "ebit": 109433,
        "grossIncome": 171008,
        "interestExpense": 2935,
        "interestIncomeExpense": -121,
        "netIncome": 88136,
        "netIncomeAfterTaxes": 88136,
        "nonRecurringItems": -206,
        "period": "2024-06-30",
        "pretaxIncome": 107787,
        "provisionforIncomeTaxes": 19651,
        "researchDevelopment": 29510,
        "revenue": 245122,
        "sgaExpense": 32065,
        "totalOperatingExpense": 61575,
        "totalOtherIncomeExpenseNet": -1319,
        "year": 2024
      },
      {
        "costOfGoodsSold": 65863,
        "dilutedAverageSharesOutstanding": 7472,
        "dilutedEPS": 9.68,
        "ebit": 89694,
        "grossIncome": 146052,
        "interestExpense": 1968,
        "interestIncomeExpense": 1041,
        "netIncome": 72361,
        "netIncomeAfterTaxes": 72361,
        "nonRecurringItems": -1201,
        "period": "2023-06-30",
        "pretaxIncome": 89311,
        "provisionforIncomeTaxes": 16950,
        "researchDevelopment": 27195,
        "revenue": 211915,
        "sgaExpense": 29163,
        "totalOperatingExpense": 56358,
        "totalOtherIncomeExpenseNet": -223,
        "year": 2023
      },
      {
        "costOfGoodsSold": 62650,
        "dilutedAverageSharesOutstanding": 7540,
        "dilutedEPS": 9.65,
        "ebit": 83383,
        "grossIncome": 135620,
        "interestExpense": 2063,
        "interestIncomeExpense": 466,
        "netIncome": 72738,
        "netIncomeAfterTaxes": 72738,
        "nonRecurringItems": -101,
        "period": "2022-06-30",
        "pretaxIncome": 83716,
        "provisionforIncomeTaxes": 10978,
        "researchDevelopment": 24512,
        "revenue": 198270,
        "sgaExpense": 27725,
        "totalOperatingExpense": 52237,
        "totalOtherIncomeExpenseNet": -32,
        "year": 2022
      },
      {
        "costOfGoodsSold": 52232,
        "dilutedAverageSharesOutstanding": 7608,
        "dilutedEPS": 8.05,
        "ebit": 69916,
        "grossIncome": 115856,
        "interestExpense": 2346,
        "interestIncomeExpense": 1101,
        "netIncome": 61271,
        "netIncomeAfterTaxes": 61271,
        "nonRecurringItems": -13,
        "period": "2021-06-30",
        "pretaxIncome": 71102,
        "provisionforIncomeTaxes": 9831,
        "researchDevelopment": 20716,
        "revenue": 168088,
        "sgaExpense": 25224,
        "totalOperatingExpense": 45940,
        "totalOtherIncomeExpenseNet": 98,
        "year": 2021
      },
      {
        "costOfGoodsSold": 46078,
        "dilutedAverageSharesOutstanding": 7683,
        "dilutedEPS": 5.76,
        "ebit": 52959,
        "grossIncome": 96937,
        "interestExpense": 2591,
        "interestIncomeExpense": 250,
        "netIncome": 44281,
        "netIncomeAfterTaxes": 44281,
        "nonRecurringItems": -133,
        "period": "2020-06-30",
        "pretaxIncome": 53036,
        "provisionforIncomeTaxes": 8755,
        "researchDevelopment": 19269,
        "revenue": 143015,
        "sgaExpense": 24709,
        "totalOperatingExpense": 43978,
        "totalOtherIncomeExpenseNet": -40,
        "year": 2020
      },
      {
        "costOfGoodsSold": 42910,
        "dilutedAverageSharesOutstanding": 7753,
        "dilutedEPS": 5.08,
        "ebit": 42959,
        "grossIncome": 82933,
        "interestExpense": 2686,
        "interestIncomeExpense": 812,
        "netIncome": 39240,
        "netIncomeAfterTaxes": 39397,
        "nonRecurringItems": -26,
        "period": "2019-06-30",
        "pretaxIncome": 43688,
        "provisionforIncomeTaxes": 4291,
        "researchDevelopment": 16876,
        "revenue": 125843,
        "sgaExpense": 23098,
        "totalOperatingExpense": 39974,
        "totalOtherIncomeExpenseNet": -57,
        "year": 2019
      },
      {
        "costOfGoodsSold": 38353,
        "dilutedAverageSharesOutstanding": 7794,
        "dilutedEPS": 2.12,
        "ebit": 35058,
        "grossIncome": 72007,
        "interestExpense": 2733,
        "interestIncomeExpense": 1522,
        "netIncome": 16571,
        "netIncomeAfterTaxes": 30271,
        "nonRecurringItems": -47,
        "period": "2018-06-30",
        "pretaxIncome": 36474,
        "provisionforIncomeTaxes": 6203,
        "researchDevelopment": 14726,
        "revenue": 110360,
        "sgaExpense": 22223,
        "totalOperatingExpense": 36949,
        "totalOtherIncomeExpenseNet": -59,
        "year": 2018
      },
      {
        "costOfGoodsSold": 34261,
        "dilutedAverageSharesOutstanding": 7832,
        "dilutedEPS": 3.25,
        "ebit": 31370,
        "grossIncome": 62310,
        "interestExpense": 2222,
        "interestIncomeExpense": 1182,
        "netIncome": 25489,
        "netIncomeAfterTaxes": 25489,
        "nonRecurringItems": -2400,
        "period": "2017-06-30",
        "pretaxIncome": 29901,
        "provisionforIncomeTaxes": 4412,
        "researchDevelopment": 12292,
        "revenue": 96571,
        "sgaExpense": 18648,
        "totalOperatingExpense": 30940,
        "totalOtherIncomeExpenseNet": -251,
        "year": 2017
      },
      {
        "costOfGoodsSold": 32780,
        "dilutedAverageSharesOutstanding": 8013,
        "dilutedEPS": 2.56,
        "ebit": 27188,
        "grossIncome": 58374,
        "interestExpense": 1243,
        "interestIncomeExpense": 78,
        "netIncome": 20539,
        "netIncomeAfterTaxes": 20539,
        "nonRecurringItems": -1432,
        "period": "2016-06-30",
        "pretaxIncome": 25639,
        "provisionforIncomeTaxes": 5100,
        "researchDevelopment": 11988,
        "revenue": 91154,
        "sgaExpense": 19198,
        "totalOperatingExpense": 31186,
        "totalOtherIncomeExpenseNet": -195,
        "year": 2016
      }
    ],
    "symbol": "MSFT"
  }
}