{
  "symbol": "PNW",
  "statement": "ic",
  "frequency": "annual",
  "timestamp": "2025-09-19T14:05:33.722541",
  "data": {
    "financials": [
      {
        "depreciationAmortization": 895.346,
        "dilutedAverageSharesOutstanding": 116.232,
        "dilutedEPS": 5.23,
        "ebit": 1012.063,
        "gainLossOnDispositionOfAssets": 22.988,
        "interestExpense": 338.852,
        "interestIncomeExpense": -315.948,
        "minorityInterest": -17.224,
        "netIncome": 608.806,
        "netIncomeAfterTaxes": 589.471,
        "operationsMaintenance": 1165.156,
        "otherOperatingExpensesTotal": 229.784,
        "period": "2024-12-31",
        "pretaxIncome": 736.559,
        "provisionforIncomeTaxes": 147.088,
        "purchasedFuelPowerGas": 1822.566,
        "revenue": 5124.915,
        "totalOperatingExpense": 4112.852,
        "totalOtherIncomeExpenseNet": 17.456,
        "year": 2024
      },
      {
        "depreciationAmortization": 794.043,
        "dilutedAverageSharesOutstanding": 113.804,
        "dilutedEPS": 4.4,
        "ebit": 824.64,
        "gainLossOnDispositionOfAssets": 6.205,
        "interestExpense": 278.205,
        "interestIncomeExpense": -254.365,
        "minorityInterest": -17.224,
        "netIncome": 501.557,
        "netIncomeAfterTaxes": 482.223,
        "operationsMaintenance": 1058.725,
        "otherOperatingExpensesTotal": 225.926,
        "period": "2023-12-31",
        "pretaxIncome": 595.693,
        "provisionforIncomeTaxes": 113.47,
        "purchasedFuelPowerGas": 1792.657,
        "revenue": 4695.991,
        "totalOperatingExpense": 3871.351,
        "totalOtherIncomeExpenseNet": 19.213,
        "year": 2023
      },
      {
        "depreciationAmortization": 753.195,
        "dilutedAverageSharesOutstanding": 113.416,
        "dilutedEPS": 4.26,
        "ebit": 731.911,
        "interestExpense": 210.276,
        "interestIncomeExpense": -223.487,
        "minorityInterest": -17.224,
        "netIncome": 483.602,
        "netIncomeAfterTaxes": 464.585,
        "operationsMaintenance": 987.072,
        "otherOperatingExpensesTotal": 222.864,
        "period": "2022-12-31",
        "pretaxIncome": 575.653,
        "provisionforIncomeTaxes": 111.068,
        "purchasedFuelPowerGas": 1629.343,
        "revenue": 4324.385,
        "totalOperatingExpense": 3592.474,
        "totalOtherIncomeExpenseNet": 67.229,
        "year": 2022
      },
      {
        "depreciationAmortization": 650.875,
        "dilutedAverageSharesOutstanding": 113.192,
        "dilutedEPS": 5.46,
        "ebit": 805.31,
        "interestExpense": 191.525,
        "interestIncomeExpense": -186.166,
        "minorityInterest": -17.224,
        "netIncome": 618.72,
        "netIncomeAfterTaxes": 599.386,
        "operationsMaintenance": 954.067,
        "otherOperatingExpensesTotal": 241.032,
        "period": "2021-12-31",
        "pretaxIncome": 746.03,
        "provisionforIncomeTaxes": 146.644,
        "purchasedFuelPowerGas": 1152.551,
        "revenue": 3803.835,
        "totalOperatingExpense": 2998.525,
        "totalOtherIncomeExpenseNet": 126.886,
        "year": 2021
      },
      {
        "depreciationAmortization": 614.4,
        "dilutedAverageSharesOutstanding": 112.9,
        "dilutedEPS": 4.87,
        "ebit": 788.2,
        "interestExpense": 195.195,
        "interestIncomeExpense": -180.6,
        "minorityInterest": -19.5,
        "netIncome": 550.6,
        "netIncomeAfterTaxes": 519.5,
        "operationsMaintenance": 958.9,
        "otherOperatingExpensesTotal": 232.1,
        "period": "2020-12-31",
        "pretaxIncome": 648.2,
        "provisionforIncomeTaxes": 128.7,
        "purchasedFuelPowerGas": 993.4,
        "revenue": 3587,
        "totalOperatingExpense": 2798.8,
        "totalOtherIncomeExpenseNet": 40.7,
        "year": 2020
      },
      {
        "depreciationAmortization": 590.9,
        "dilutedAverageSharesOutstanding": 112.8,
        "dilutedEPS": 4.77,
        "ebit": 587,
        "interestExpense": 185.292,
        "interestIncomeExpense": -91.8,
        "minorityInterest": -19.5,
        "netIncome": 538.3,
        "netIncomeAfterTaxes": 433.7,
        "operationsMaintenance": 941.6,
        "otherOperatingExpensesTotal": 224.5,
        "otherRevenue": 0,
        "period": "2019-12-31",
        "pretaxIncome": 542,
        "provisionforIncomeTaxes": 108.3,
        "purchasedFuelPowerGas": 1127.2,
        "revenue": 3471.2,
        "totalOperatingExpense": 2884.2,
        "totalOtherIncomeExpenseNet": 46.8,
        "year": 2019
      },
      {
        "depreciationAmortization": 582.4,
        "dilutedAverageSharesOutstanding": 112.6,
        "dilutedEPS": 4.53,
        "ebit": 760.7,
        "interestExpense": 165.966,
        "interestIncomeExpense": -144.7,
        "minorityInterest": -19.5,
        "netIncome": 511,
        "netIncomeAfterTaxes": 523.8,
        "operationsMaintenance": 1036.7,
        "otherOperatingExpensesTotal": 222.3,
        "otherRevenue": -2.6,
        "period": "2018-12-31",
        "pretaxIncome": 664.4,
        "provisionforIncomeTaxes": 140.6,
        "purchasedFuelPowerGas": 1089.1,
        "revenue": 3691.2,
        "totalOperatingExpense": 2930.6,
        "totalOtherIncomeExpenseNet": 48.5,
        "year": 2018
      },
      {
        "depreciationAmortization": 534.1,
        "dilutedAverageSharesOutstanding": 112.4,
        "dilutedEPS": 4.34,
        "ebit": 997.8,
        "interestExpense": 150.673,
        "interestIncomeExpense": -239.3,
        "minorityInterest": -19.5,
        "netIncome": 488.5,
        "netIncomeAfterTaxes": 517.3,
        "operationsMaintenance": 949.1,
        "otherOperatingExpensesTotal": 191,
        "otherRevenue": 1.2,
        "period": "2017-12-31",
        "pretaxIncome": 766.2,
        "provisionforIncomeTaxes": 248.9,
        "purchasedFuelPowerGas": 893.3,
        "revenue": 3565.3,
        "totalOperatingExpense": 2567.5,
        "totalOtherIncomeExpenseNet": 7.7,
        "year": 2017
      },
      {
        "depreciationAmortization": 485.8,
        "dilutedAverageSharesOutstanding": 112,
        "dilutedEPS": 3.95,
        "ebit": 830.3,
        "interestExpense": 143.61,
        "interestIncomeExpense": -118.8,
        "minorityInterest": -19.5,
        "netIncome": 442,
        "netIncomeAfterTaxes": 461.5,
        "operationsMaintenance": 911.3,
        "otherOperatingExpensesTotal": 170,
        "otherRevenue": 0.8,
        "period": "2016-12-31",
        "pretaxIncome": 697.9,
        "provisionforIncomeTaxes": 236.4,
        "purchasedFuelPowerGas": 1101.2,
        "revenue": 3498.7,
        "totalOperatingExpense": 2668.4,
        "totalOtherIncomeExpenseNet": -13.6,
        "year": 2016
      },
      {
        "depreciationAmortization": 494.4,
        "dilutedAverageSharesOutstanding": 111.6,
        "dilutedEPS": 3.92,
        "ebit": 963.6,
        "interestExpense": 143.49,
        "interestIncomeExpense": -254.1,
        "minorityInterest": -18.9,
        "netIncome": 437.3,
        "netIncomeAfterTaxes": 456.2,
        "operationsMaintenance": 868.4,
        "otherOperatingExpensesTotal": 176.7,
        "otherRevenue": 0.6,
        "period": "2015-12-31",
        "pretaxIncome": 693.9,
        "provisionforIncomeTaxes": 237.7,
        "purchasedFuelPowerGas": 992.3,
        "revenue": 3495.4,
        "totalOperatingExpense": 2531.8,
        "totalOtherIncomeExpenseNet": -15.6,
        "year": 2015
      }
    ],
    "symbol": "PNW"
  }
}