{
  "symbol": "KDP",
  "statement": "ic",
  "frequency": "quarterly",
  "timestamp": "2025-09-19T14:02:41.818004",
  "data": {
    "financials": [
      {
        "costOfGoodsSold": 1908,
        "depreciationAmortization": 34,
        "dilutedAverageSharesOutstanding": 1362.8,
        "dilutedEPS": 0.4014,
        "ebit": 909,
        "grossIncome": 2255,
        "interestExpense": 180,
        "interestIncomeExpense": -180,
        "netIncome": 547,
        "netIncomeAfterTaxes": 547,
        "nonRecurringItems": -11,
        "otherOperatingExpensesTotal": 1,
        "period": "2025-06-30",
        "pretaxIncome": 718,
        "provisionforIncomeTaxes": 171,
        "revenue": 4163,
        "sgaExpense": 1311,
        "totalOperatingExpense": 1346,
        "totalOtherIncomeExpenseNet": 0
      },
      {
        "costOfGoodsSold": 1650,
        "depreciationAmortization": 34,
        "dilutedAverageSharesOutstanding": 1362.2,
        "dilutedEPS": 0.3795,
        "ebit": 802,
        "grossIncome": 1985,
        "interestExpense": 148,
        "interestIncomeExpense": -148,
        "netIncome": 517,
        "netIncomeAfterTaxes": 517,
        "nonRecurringItems": -1,
        "otherOperatingExpensesTotal": -8,
        "period": "2025-03-31",
        "pretaxIncome": 660,
        "provisionforIncomeTaxes": 143,
        "revenue": 3635,
        "sgaExpense": 1157,
        "totalOperatingExpense": 1183,
        "totalOtherIncomeExpenseNet": 7
      },
      {
        "costOfGoodsSold": 1793,
        "depreciationAmortization": 33,
        "dilutedAverageSharesOutstanding": 1356.2,
        "dilutedEPS": -0.1062,
        "ebit": 811,
        "gainLossOnDispositionOfAssets": 0,
        "grossIncome": 2277,
        "interestExpense": 247,
        "interestIncomeExpense": -247,
        "minorityInterest": 0,
        "netIncome": -144,
        "netIncomeAfterTaxes": -144,
        "nonRecurringItems": -750,
        "otherOperatingExpensesTotal": 199,
        "period": "2024-12-31",
        "pretaxIncome": -154,
        "provisionforIncomeTaxes": -10,
        "revenue": 4070,
        "sgaExpense": 1234,
        "totalOperatingExpense": 1466,
        "totalOtherIncomeExpenseNet": 32
      },
      {
        "costOfGoodsSold": 1751,
        "depreciationAmortization": 33,
        "dilutedAverageSharesOutstanding": 1361.9,
        "dilutedEPS": 0.4523,
        "ebit": 929,
        "grossIncome": 2140,
        "interestExpense": 106,
        "interestIncomeExpense": -106,
        "netIncome": 616,
        "netIncomeAfterTaxes": 616,
        "nonRecurringItems": -27,
        "otherOperatingExpensesTotal": -7,
        "period": "2024-09-30",
        "pretaxIncome": 802,
        "provisionforIncomeTaxes": 186,
        "revenue": 3891,
        "sgaExpense": 1185,
        "totalOperatingExpense": 1211,
        "totalOtherIncomeExpenseNet": 6
      },
      {
        "costOfGoodsSold": 1750,
        "depreciationAmortization": 34,
        "dilutedAverageSharesOutstanding": 1361.2,
        "dilutedEPS": 0.3783,
        "ebit": 891,
        "grossIncome": 2172,
        "interestExpense": 204,
        "interestIncomeExpense": -204,
        "netIncome": 515,
        "netIncomeAfterTaxes": 515,
        "nonRecurringItems": -30,
        "otherOperatingExpensesTotal": 16,
        "period": "2024-06-30",
        "pretaxIncome": 672,
        "provisionforIncomeTaxes": 157,
        "revenue": 3922,
        "sgaExpense": 1231,
        "totalOperatingExpense": 1281,
        "totalOtherIncomeExpenseNet": 15
      },
      {
        "costOfGoodsSold": 1528,
        "depreciationAmortization": 33,
        "dilutedAverageSharesOutstanding": 1387.7,
        "dilutedEPS": 0.3272,
        "ebit": 765,
        "grossIncome": 1940,
        "interestExpense": 178,
        "interestIncomeExpense": -178,
        "netIncome": 454,
        "netIncomeAfterTaxes": 454,
        "otherOperatingExpensesTotal": -1,
        "period": "2024-03-31",
        "pretaxIncome": 594,
        "provisionforIncomeTaxes": 140,
        "revenue": 3468,
        "sgaExpense": 1143,
        "totalOperatingExpense": 1175,
        "totalOtherIncomeExpenseNet": 7
      },
      {
        "costOfGoodsSold": 1683,
        "depreciationAmortization": 34,
        "dilutedAverageSharesOutstanding": 1401.2,
        "dilutedEPS": 0.4946,
        "ebit": 943,
        "gainLossOnDispositionOfAssets": 0,
        "grossIncome": 2184,
        "interestExpense": 64,
        "interestIncomeExpense": -64,
        "minorityInterest": 0,
        "netIncome": 693,
        "netIncomeAfterTaxes": 693,
        "nonRecurringItems": 0,
        "otherOperatingExpensesTotal": -17,
        "period": "2023-12-31",
        "pretaxIncome": 899,
        "provisionforIncomeTaxes": 206,
        "revenue": 3867,
        "sgaExpense": 1224,
        "totalOperatingExpense": 1241,
        "totalOtherIncomeExpenseNet": 20
      },
      {
        "costOfGoodsSold": 1694,
        "depreciationAmortization": 34,
        "dilutedAverageSharesOutstanding": 1406.2,
        "dilutedEPS": 0.3684,
        "ebit": 905,
        "gainLossOnDispositionOfAssets": 0,
        "grossIncome": 2111,
        "interestExpense": 237,
        "interestIncomeExpense": -237,
        "minorityInterest": 0,
        "netIncome": 518,
        "netIncomeAfterTaxes": 518,
        "nonRecurringItems": -9,
        "otherOperatingExpensesTotal": -4,
        "period": "2023-09-30",
        "pretaxIncome": 664,
        "provisionforIncomeTaxes": 146,
        "revenue": 3805,
        "sgaExpense": 1176,
        "totalOperatingExpense": 1206,
        "totalOtherIncomeExpenseNet": 5
      },
      {
        "costOfGoodsSold": 1748,
        "depreciationAmortization": 35,
        "dilutedAverageSharesOutstanding": 1409.1,
        "dilutedEPS": 0.357,
        "ebit": 769,
        "gainLossOnDispositionOfAssets": 0,
        "grossIncome": 2041,
        "interestExpense": 172,
        "interestIncomeExpense": -172,
        "minorityInterest": 0,
        "netIncome": 503,
        "netIncomeAfterTaxes": 503,
        "nonRecurringItems": 0,
        "otherOperatingExpensesTotal": 0,
        "period": "2023-06-30",
        "pretaxIncome": 613,
        "provisionforIncomeTaxes": 110,
        "revenue": 3789,
        "sgaExpense": 1237,
        "totalOperatingExpense": 1272,
        "totalOtherIncomeExpenseNet": 16
      },
      {
        "costOfGoodsSold": 1609,
        "depreciationAmortization": 34,
        "dilutedAverageSharesOutstanding": 1417,
        "dilutedEPS": 0.3296,
        "ebit": 584,
        "gainLossOnDispositionOfAssets": 6,
        "grossIncome": 1744,
        "interestExpense": 23,
        "interestIncomeExpense": -23,
        "minorityInterest": 0,
        "netIncome": 467,
        "netIncomeAfterTaxes": 467,
        "nonRecurringItems": 0,
        "otherOperatingExpensesTotal": -5,
        "period": "2023-03-31",
        "pretaxIncome": 581,
        "provisionforIncomeTaxes": 114,
        "revenue": 3353,
        "sgaExpense": 1131,
        "totalOperatingExpense": 1160,
        "totalOtherIncomeExpenseNet": 14
      },
      {
        "costOfGoodsSold": 1808,
        "depreciationAmortization": 38,
        "dilutedAverageSharesOutstanding": 1427.6,
        "dilutedEPS": 0.318,
        "ebit": 924,
        "grossIncome": 1995,
        "interestExpense": 123,
        "interestIncomeExpense": -123,
        "minorityInterest": 0,
        "netIncome": 453,
        "netIncomeAfterTaxes": 454,
        "nonRecurringItems": -251,
        "otherOperatingExpensesTotal": -70,
        "period": "2022-12-31",
        "pretaxIncome": 558,
        "provisionforIncomeTaxes": 104,
        "revenue": 3803,
        "sgaExpense": 1103,
        "totalOperatingExpense": 1071,
        "totalOtherIncomeExpenseNet": 8
      },
      {
        "costOfGoodsSold": 1718,
        "depreciationAmortization": 33,
        "dilutedAverageSharesOutstanding": 1427.2,
        "dilutedEPS": 0.1268,
        "ebit": 745,
        "grossIncome": 1904,
        "interestExpense": 207,
        "interestIncomeExpense": -207,
        "minorityInterest": 1,
        "netIncome": 180,
        "netIncomeAfterTaxes": 180,
        "nonRecurringItems": -351,
        "otherOperatingExpensesTotal": 0,
        "period": "2022-09-30",
        "pretaxIncome": 183,
        "provisionforIncomeTaxes": 3,
        "revenue": 3622,
        "sgaExpense": 1126,
        "totalOperatingExpense": 1159,
        "totalOtherIncomeExpenseNet": -4
      },
      {
        "costOfGoodsSold": 1775,
        "depreciationAmortization": 33,
        "dilutedAverageSharesOutstanding": 1428.6,
        "dilutedEPS": 0.1533,
        "ebit": 602,
        "grossIncome": 1779,
        "interestExpense": 175,
        "interestIncomeExpense": -175,
        "minorityInterest": 0,
        "netIncome": 218,
        "netIncomeAfterTaxes": 219,
        "nonRecurringItems": -205,
        "otherOperatingExpensesTotal": 1,
        "period": "2022-06-30",
        "pretaxIncome": 213,
        "provisionforIncomeTaxes": -6,
        "revenue": 3554,
        "sgaExpense": 1143,
        "totalOperatingExpense": 1177,
        "totalOtherIncomeExpenseNet": -9
      },
      {
        "costOfGoodsSold": 1424,
        "depreciationAmortization": 34,
        "dilutedAverageSharesOutstanding": 1429.7,
        "dilutedEPS": 0.4099,
        "ebit": 712,
        "grossIncome": 1654,
        "interestExpense": 188,
        "interestIncomeExpense": -138,
        "minorityInterest": 0,
        "netIncome": 585,
        "netIncomeAfterTaxes": 586,
        "nonRecurringItems": 200,
        "otherOperatingExpensesTotal": -38,
        "period": "2022-03-31",
        "pretaxIncome": 765,
        "provisionforIncomeTaxes": 179,
        "revenue": 3078,
        "sgaExpense": 946,
        "totalOperatingExpense": 942,
        "totalOtherIncomeExpenseNet": -9
      },
      {
        "costOfGoodsSold": 1615,
        "depreciationAmortization": 33,
        "dilutedAverageSharesOutstanding": 1429.1,
        "dilutedEPS": 0.5906,
        "ebit": 796,
        "grossIncome": 1776,
        "interestExpense": 119,
        "interestIncomeExpense": 405,
        "minorityInterest": 0,
        "netIncome": 843,
        "netIncomeAfterTaxes": 844,
        "nonRecurringItems": -88,
        "otherOperatingExpensesTotal": -66,
        "period": "2021-12-31",
        "pretaxIncome": 1109,
        "provisionforIncomeTaxes": 265,
        "revenue": 3391,
        "sgaExpense": 1013,
        "totalOperatingExpense": 980,
        "totalOtherIncomeExpenseNet": -4
      },
      {
        "costOfGoodsSold": 1412,
        "depreciationAmortization": 34,
        "dilutedAverageSharesOutstanding": 1428.5,
        "dilutedEPS": 0.3717,
        "ebit": 860,
        "grossIncome": 1838,
        "interestExpense": 116,
        "interestIncomeExpense": -116,
        "minorityInterest": 1,
        "netIncome": 530,
        "netIncomeAfterTaxes": 530,
        "nonRecurringItems": -65,
        "otherOperatingExpensesTotal": 0,
        "period": "2021-09-30",
        "pretaxIncome": 678,
        "provisionforIncomeTaxes": 148,
        "revenue": 3250,
        "sgaExpense": 944,
        "totalOperatingExpense": 978,
        "totalOtherIncomeExpenseNet": -1
      },
      {
        "costOfGoodsSold": 1363,
        "depreciationAmortization": 34,
        "dilutedAverageSharesOutstanding": 1428.1,
        "dilutedEPS": 0.3158,
        "ebit": 787,
        "grossIncome": 1777,
        "interestExpense": 125,
        "interestIncomeExpense": -125,
        "minorityInterest": 0,
        "netIncome": 448,
        "netIncomeAfterTaxes": 451,
        "nonRecurringItems": -53,
        "otherOperatingExpensesTotal": -3,
        "period": "2021-06-30",
        "pretaxIncome": 613,
        "provisionforIncomeTaxes": 162,
        "revenue": 3140,
        "sgaExpense": 959,
        "totalOperatingExpense": 990,
        "totalOtherIncomeExpenseNet": 4
      },
      {
        "costOfGoodsSold": 1290,
        "depreciationAmortization": 33,
        "dilutedAverageSharesOutstanding": 1425.6,
        "dilutedEPS": 0.23,
        "ebit": 709,
        "grossIncome": 1612,
        "interestExpense": 140,
        "interestIncomeExpense": -140,
        "minorityInterest": 0,
        "netIncome": 325,
        "netIncomeAfterTaxes": 329,
        "nonRecurringItems": -174,
        "otherOperatingExpensesTotal": -1,
        "period": "2021-03-31",
        "pretaxIncome": 398,
        "provisionforIncomeTaxes": 69,
        "revenue": 2902,
        "sgaExpense": 871,
        "totalOperatingExpense": 903,
        "totalOtherIncomeExpenseNet": 3
      },
      {
        "costOfGoodsSold": 1347,
        "depreciationAmortization": 33,
        "dilutedAverageSharesOutstanding": 1423.9,
        "dilutedEPS": 0.3,
        "ebit": 848,
        "grossIncome": 1774,
        "interestExpense": 146,
        "interestIncomeExpense": -146,
        "minorityInterest": 0,
        "netIncome": 428,
        "netIncomeAfterTaxes": 430,
        "nonRecurringItems": -148,
        "otherOperatingExpensesTotal": 1,
        "period": "2020-12-31",
        "pretaxIncome": 558,
        "provisionforIncomeTaxes": 128,
        "revenue": 3121,
        "sgaExpense": 892,
        "totalOperatingExpense": 926,
        "totalOtherIncomeExpenseNet": 4
      },
      {
        "costOfGoodsSold": 1297,
        "depreciationAmortization": 34,
        "dilutedAverageSharesOutstanding": 1422.9,
        "dilutedEPS": 0.32,
        "ebit": 849,
        "grossIncome": 1723,
        "interestExpense": 148,
        "interestIncomeExpense": -148,
        "netIncome": 443,
        "netIncomeAfterTaxes": 455,
        "nonRecurringItems": -112,
        "otherOperatingExpensesTotal": 2,
        "period": "2020-09-30",
        "pretaxIncome": 584,
        "provisionforIncomeTaxes": 129,
        "revenue": 3020,
        "sgaExpense": 838,
        "totalOperatingExpense": 874,
        "totalOtherIncomeExpenseNet": -5
      },
      {
        "costOfGoodsSold": 1276,
        "depreciationAmortization": 33,
        "dilutedAverageSharesOutstanding": 1421.5,
        "dilutedEPS": 0.22,
        "ebit": 714,
        "grossIncome": 1588,
        "interestExpense": 157,
        "interestIncomeExpense": -157,
        "netIncome": 298,
        "netIncomeAfterTaxes": 314,
        "nonRecurringItems": -155,
        "otherOperatingExpensesTotal": 0,
        "period": "2020-06-30",
        "pretaxIncome": 406,
        "provisionforIncomeTaxes": 92,
        "revenue": 2864,
        "sgaExpense": 841,
        "totalOperatingExpense": 874,
        "totalOtherIncomeExpenseNet": 4
      },
      {
        "costOfGoodsSold": 1160,
        "depreciationAmortization": 33,
        "dilutedAverageSharesOutstanding": 1420.1,
        "dilutedEPS": 0.11,
        "ebit": 587,
        "grossIncome": 1453,
        "interestExpense": 149,
        "interestIncomeExpense": -181,
        "netIncome": 156,
        "netIncomeAfterTaxes": 157,
        "nonRecurringItems": -164,
        "otherOperatingExpensesTotal": -42,
        "period": "2020-03-31",
        "pretaxIncome": 205,
        "provisionforIncomeTaxes": 48,
        "revenue": 2613,
        "sgaExpense": 875,
        "totalOperatingExpense": 866,
        "totalOtherIncomeExpenseNet": -37
      },
      {
        "costOfGoodsSold": 1241,
        "dilutedAverageSharesOutstanding": 1420,
        "dilutedEPS": 0.29,
        "ebit": 707,
        "grossIncome": 1693,
        "interestExpense": 168,
        "interestIncomeExpense": -153,
        "minorityInterest": 0,
        "netIncome": 406,
        "netIncomeAfterTaxes": 406,
        "nonRecurringItems": -2,
        "otherOperatingExpensesTotal": -31,
        "period": "2019-12-31",
        "pretaxIncome": 550,
        "provisionforIncomeTaxes": 144,
        "revenue": 2934,
        "sgaExpense": 1017,
        "totalOperatingExpense": 986,
        "totalOtherIncomeExpenseNet": -2
      },
      {
        "costOfGoodsSold": 1245,
        "dilutedAverageSharesOutstanding": 1419.4,
        "dilutedEPS": 0.21,
        "ebit": 583,
        "grossIncome": 1625,
        "interestExpense": 158,
        "interestIncomeExpense": -171,
        "minorityInterest": 0,
        "netIncome": 304,
        "netIncomeAfterTaxes": 304,
        "nonRecurringItems": 0,
        "otherOperatingExpensesTotal": 33,
        "period": "2019-09-30",
        "pretaxIncome": 413,
        "provisionforIncomeTaxes": 109,
        "revenue": 2870,
        "sgaExpense": 1009,
        "totalOperatingExpense": 1042,
        "totalOtherIncomeExpenseNet": 1
      },
      {
        "costOfGoodsSold": 1186,
        "dilutedAverageSharesOutstanding": 1419.2,
        "dilutedEPS": 0.22,
        "ebit": 589,
        "grossIncome": 1626,
        "interestExpense": 168,
        "interestIncomeExpense": -172,
        "minorityInterest": 0,
        "netIncome": 314,
        "netIncomeAfterTaxes": 314,
        "nonRecurringItems": 0,
        "otherOperatingExpensesTotal": 11,
        "period": "2019-06-30",
        "pretaxIncome": 416,
        "provisionforIncomeTaxes": 102,
        "revenue": 2812,
        "sgaExpense": 1026,
        "totalOperatingExpense": 1037,
        "totalOtherIncomeExpenseNet": -1
      },
      {
        "costOfGoodsSold": 1106,
        "dilutedAverageSharesOutstanding": 1417.7,
        "dilutedEPS": 0.16,
        "ebit": 484,
        "grossIncome": 1398,
        "interestExpense": 167,
        "interestIncomeExpense": -161,
        "minorityInterest": 0,
        "netIncome": 230,
        "netIncomeAfterTaxes": 230,
        "nonRecurringItems": -9,
        "otherOperatingExpensesTotal": -11,
        "period": "2019-03-31",
        "pretaxIncome": 315,
        "provisionforIncomeTaxes": 85,
        "revenue": 2504,
        "sgaExpense": 925,
        "totalOperatingExpense": 914,
        "totalOtherIncomeExpenseNet": 1
      },
      {
        "costOfGoodsSold": 1255,
        "dilutedAverageSharesOutstanding": 1408.1,
        "dilutedEPS": 0.19,
        "ebit": 573,
        "grossIncome": 1558,
        "interestExpense": 147,
        "interestIncomeExpense": -188,
        "minorityInterest": 0,
        "netIncome": 266,
        "netIncomeAfterTaxes": 261,
        "nonRecurringItems": 0,
        "otherOperatingExpensesTotal": 12,
        "period": "2018-12-31",
        "pretaxIncome": 358,
        "provisionforIncomeTaxes": 97,
        "revenue": 2813,
        "sgaExpense": 973,
        "totalOperatingExpense": 985,
        "totalOtherIncomeExpenseNet": -27
      },
      {
        "costOfGoodsSold": 1367,
        "dilutedAverageSharesOutstanding": 1373.6,
        "dilutedEPS": 0.11,
        "ebit": 339,
        "grossIncome": 1365,
        "interestExpense": 169,
        "interestIncomeExpense": -171,
        "minorityInterest": 0,
        "netIncome": 149,
        "netIncomeAfterTaxes": 149,
        "nonRecurringItems": -11,
        "otherOperatingExpensesTotal": -8,
        "period": "2018-09-30",
        "pretaxIncome": 195,
        "provisionforIncomeTaxes": 46,
        "revenue": 2732,
        "sgaExpense": 1034,
        "totalOperatingExpense": 1026,
        "totalOtherIncomeExpenseNet": 38
      },
      {
        "costOfGoodsSold": 458,
        "dilutedAverageSharesOutstanding": 790.5,
        "dilutedEPS": 0.11,
        "ebit": 167,
        "grossIncome": 491,
        "interestExpense": 83,
        "interestIncomeExpense": -77,
        "minorityInterest": -2,
        "netIncome": 83,
        "netIncomeAfterTaxes": 85,
        "nonRecurringItems": 0,
        "otherOperatingExpensesTotal": 3,
        "period": "2018-06-30",
        "pretaxIncome": 98,
        "provisionforIncomeTaxes": 13,
        "revenue": 949,
        "sgaExpense": 321,
        "totalOperatingExpense": 324,
        "totalOtherIncomeExpenseNet": 8
      },
      {
        "costOfGoodsSold": 467,
        "dilutedAverageSharesOutstanding": 790.5,
        "dilutedEPS": 0.11,
        "ebit": 178,
        "grossIncome": 481,
        "interestExpense": 25,
        "interestIncomeExpense": -17,
        "minorityInterest": -1,
        "netIncome": 88,
        "netIncomeAfterTaxes": 89,
        "nonRecurringItems": -2,
        "otherOperatingExpensesTotal": 3,
        "period": "2018-03-31",
        "pretaxIncome": 140,
        "provisionforIncomeTaxes": 51,
        "revenue": 948,
        "sgaExpense": 300,
        "totalOperatingExpense": 303,
        "totalOtherIncomeExpenseNet": -19
      },
      {
        "costOfGoodsSold": 663,
        "depreciationAmortization": 26,
        "dilutedAverageSharesOutstanding": 180.7,
        "dilutedEPS": 2.81,
        "ebit": 363,
        "equityEarningsAffiliates": -1,
        "grossIncome": 980,
        "interestExpense": 40,
        "interestIncomeExpense": -40,
        "netIncome": 508,
        "netIncomeAfterTaxes": 212,
        "nonRecurringItems": 0,
        "otherOperatingExpensesTotal": -21,
        "period": "2017-12-31",
        "pretaxIncome": 325,
        "provisionforIncomeTaxes": 113,
        "revenue": 1643,
        "sgaExpense": 612,
        "totalOperatingExpense": 617,
        "totalOtherIncomeExpenseNet": 2
      },
      {
        "costOfGoodsSold": 707,
        "depreciationAmortization": 26,
        "dilutedAverageSharesOutstanding": 182.1,
        "dilutedEPS": 1.11,
        "ebit": 367,
        "equityEarningsAffiliates": 0,
        "grossIncome": 1033,
        "interestExpense": 40,
        "interestIncomeExpense": -39,
        "netIncome": 203,
        "netIncomeAfterTaxes": 203,
        "nonRecurringItems": -13,
        "otherOperatingExpensesTotal": 0,
        "period": "2017-09-30",
        "pretaxIncome": 317,
        "provisionforIncomeTaxes": 114,
        "revenue": 1740,
        "sgaExpense": 640,
        "totalOperatingExpense": 666,
        "totalOtherIncomeExpenseNet": 2
      },
      {
        "costOfGoodsSold": 718,
        "depreciationAmortization": 25,
        "dilutedAverageSharesOutstanding": 183.7,
        "dilutedEPS": 1.02,
        "ebit": 373,
        "equityEarningsAffiliates": -1,
        "grossIncome": 1079,
        "interestExpense": 44,
        "interestIncomeExpense": -43,
        "netIncome": 188,
        "netIncomeAfterTaxes": 189,
        "nonRecurringItems": -49,
        "otherOperatingExpensesTotal": -2,
        "period": "2017-06-30",
        "pretaxIncome": 283,
        "provisionforIncomeTaxes": 94,
        "revenue": 1797,
        "sgaExpense": 683,
        "totalOperatingExpense": 706,
        "totalOtherIncomeExpenseNet": 2
      },
      {
        "costOfGoodsSold": 607,
        "depreciationAmortization": 25,
        "dilutedAverageSharesOutstanding": 184.6,
        "dilutedEPS": 0.96,
        "ebit": 285,
        "equityEarningsAffiliates": 0,
        "grossIncome": 903,
        "interestExpense": 40,
        "interestIncomeExpense": -39,
        "netIncome": 177,
        "netIncomeAfterTaxes": 177,
        "otherOperatingExpensesTotal": -28,
        "period": "2017-03-31",
        "pretaxIncome": 248,
        "provisionforIncomeTaxes": 71,
        "revenue": 1510,
        "sgaExpense": 621,
        "totalOperatingExpense": 618,
        "totalOtherIncomeExpenseNet": 2
      },
      {
        "costOfGoodsSold": 627,
        "depreciationAmortization": 25,
        "dilutedAverageSharesOutstanding": 185.1,
        "dilutedEPS": 0.89,
        "ebit": 335,
        "equityEarningsAffiliates": -1,
        "grossIncome": 951,
        "interestExpense": 48,
        "interestIncomeExpense": -47,
        "netIncome": 165,
        "netIncomeAfterTaxes": 166,
        "nonRecurringItems": -31,
        "otherOperatingExpensesTotal": 1,
        "period": "2016-12-31",
        "pretaxIncome": 257,
        "provisionforIncomeTaxes": 91,
        "revenue": 1578,
        "sgaExpense": 590,
        "totalOperatingExpense": 616,
        "totalOtherIncomeExpenseNet": 0
      },
      {
        "costOfGoodsSold": 683,
        "depreciationAmortization": 24,
        "dilutedAverageSharesOutstanding": 185.7,
        "dilutedEPS": 1.29,
        "ebit": 373,
        "equityEarningsAffiliates": -1,
        "grossIncome": 997,
        "interestExpense": 33,
        "interestIncomeExpense": -32,
        "netIncome": 240,
        "netIncomeAfterTaxes": 241,
        "otherOperatingExpensesTotal": -3,
        "period": "2016-09-30",
        "pretaxIncome": 343,
        "provisionforIncomeTaxes": 102,
        "revenue": 1680,
        "sgaExpense": 603,
        "totalOperatingExpense": 624,
        "totalOtherIncomeExpenseNet": 2
      },
      {
        "costOfGoodsSold": 670,
        "depreciationAmortization": 24,
        "dilutedAverageSharesOutstanding": 186.5,
        "dilutedEPS": 1.39,
        "ebit": 412,
        "equityEarningsAffiliates": 0,
        "grossIncome": 1025,
        "interestExpense": 33,
        "interestIncomeExpense": -32,
        "netIncome": 260,
        "netIncomeAfterTaxes": 260,
        "otherOperatingExpensesTotal": -1,
        "period": "2016-06-30",
        "pretaxIncome": 402,
        "provisionforIncomeTaxes": 142,
        "revenue": 1695,
        "sgaExpense": 590,
        "totalOperatingExpense": 613,
        "totalOtherIncomeExpenseNet": 22
      },
      {
        "costOfGoodsSold": 602,
        "depreciationAmortization": 26,
        "dilutedAverageSharesOutstanding": 189,
        "dilutedEPS": 0.96,
        "ebit": 313,
        "equityEarningsAffiliates": 0,
        "grossIncome": 885,
        "interestExpense": 33,
        "interestIncomeExpense": -33,
        "netIncome": 182,
        "netIncomeAfterTaxes": 182,
        "otherOperatingExpensesTotal": 0,
        "period": "2016-03-31",
        "pretaxIncome": 281,
        "provisionforIncomeTaxes": 99,
        "revenue": 1487,
        "sgaExpense": 546,
        "totalOperatingExpense": 572,
        "totalOtherIncomeExpenseNet": 1
      },
      {
        "costOfGoodsSold": 610,
        "depreciationAmortization": 26,
        "dilutedAverageSharesOutstanding": 191.2,
        "dilutedEPS": 0.97,
        "ebit": 322,
        "equityEarningsAffiliates": 0,
        "grossIncome": 936,
        "interestExpense": 34,
        "interestIncomeExpense": -33,
        "netIncome": 185,
        "netIncomeAfterTaxes": 185,
        "otherOperatingExpensesTotal": 5,
        "period": "2015-12-31",
        "pretaxIncome": 291,
        "provisionforIncomeTaxes": 106,
        "revenue": 1546,
        "sgaExpense": 583,
        "totalOperatingExpense": 614,
        "totalOtherIncomeExpenseNet": 2
      },
      {
        "costOfGoodsSold": 673,
        "depreciationAmortization": 26,
        "dilutedAverageSharesOutstanding": 191.5,
        "dilutedEPS": 1.05,
        "ebit": 337,
        "equityEarningsAffiliates": 0,
        "grossIncome": 957,
        "interestExpense": 28,
        "interestIncomeExpense": -28,
        "netIncome": 202,
        "netIncomeAfterTaxes": 202,
        "otherOperatingExpensesTotal": 2,
        "period": "2015-09-30",
        "pretaxIncome": 308,
        "provisionforIncomeTaxes": 106,
        "revenue": 1630,
        "sgaExpense": 592,
        "totalOperatingExpense": 620,
        "totalOtherIncomeExpenseNet": -1
      }
    ],
    "symbol": "KDP"
  }
}