{
  "symbol": "LYV",
  "statement": "ic",
  "frequency": "annual",
  "timestamp": "2025-09-19T14:03:14.856618",
  "data": {
    "financials": [
      {
        "costOfGoodsSold": 16577.254,
        "depreciationAmortization": 549.923,
        "dilutedAverageSharesOutstanding": 236.3525,
        "dilutedEPS": 2.7,
        "ebit": 1268.395,
        "grossIncome": 6578.371,
        "interestExpense": 325.974,
        "interestIncomeExpense": -186.395,
        "minorityInterest": -234.837,
        "netIncome": 638.211,
        "netIncomeAfterTaxes": 1131.124,
        "nonRecurringItems": -446.448,
        "period": "2024-12-31",
        "pretaxIncome": 739.426,
        "provisionforIncomeTaxes": -391.698,
        "revenue": 23155.625,
        "sgaExpense": 4760.053,
        "totalOperatingExpense": 5309.976,
        "totalOtherIncomeExpenseNet": 103.874,
        "year": 2024
      },
      {
        "costOfGoodsSold": 16544.33,
        "depreciationAmortization": 516.797,
        "dilutedAverageSharesOutstanding": 230.9773,
        "dilutedEPS": 1.3398,
        "ebit": 1071.006,
        "grossIncome": 6181.987,
        "interestExpense": 350.244,
        "interestIncomeExpense": -117.881,
        "minorityInterest": -146.905,
        "netIncome": 309.455,
        "netIncomeAfterTaxes": 703.798,
        "nonRecurringItems": -4.577,
        "period": "2023-12-31",
        "pretaxIncome": 913.274,
        "provisionforIncomeTaxes": 209.476,
        "revenue": 22726.317,
        "sgaExpense": 4594.184,
        "totalOperatingExpense": 5110.981,
        "totalOtherIncomeExpenseNet": -35.274,
        "year": 2023
      },
      {
        "costOfGoodsSold": 11750,
        "depreciationAmortization": 450,
        "dilutedAverageSharesOutstanding": 232,
        "dilutedEPS": 0.64,
        "ebit": 701,
        "grossIncome": 4932,
        "interestExpense": 278.483,
        "interestIncomeExpense": -190,
        "minorityInterest": -113,
        "netIncome": 149,
        "netIncomeAfterTaxes": 409,
        "nonRecurringItems": 32,
        "period": "2022-12-31",
        "pretaxIncome": 505,
        "provisionforIncomeTaxes": 96,
        "revenue": 16681,
        "sgaExpense": 3781,
        "totalOperatingExpense": 4231,
        "totalOtherIncomeExpenseNet": -37,
        "year": 2022
      },
      {
        "costOfGoodsSold": 4095,
        "depreciationAmortization": 416,
        "dilutedAverageSharesOutstanding": 217,
        "dilutedEPS": -3.09,
        "ebit": -410,
        "grossIncome": 2173,
        "interestExpense": 282.44,
        "interestIncomeExpense": -273,
        "minorityInterest": -42,
        "netIncome": -671,
        "netIncomeAfterTaxes": -609,
        "nonRecurringItems": 76,
        "period": "2021-12-31",
        "pretaxIncome": -611,
        "provisionforIncomeTaxes": -2,
        "revenue": 6268,
        "sgaExpense": 2167,
        "totalOperatingExpense": 2584,
        "totalOtherIncomeExpenseNet": -4,
        "year": 2021
      },
      {
        "costOfGoodsSold": 1299,
        "depreciationAmortization": 461,
        "dilutedAverageSharesOutstanding": 212,
        "dilutedEPS": -8.12,
        "ebit": -1629,
        "grossIncome": 562,
        "interestExpense": 226.832,
        "interestIncomeExpense": -221,
        "minorityInterest": 103,
        "netIncome": -1723,
        "netIncomeAfterTaxes": -1828,
        "nonRecurringItems": -24,
        "period": "2020-12-31",
        "pretaxIncome": -1857,
        "provisionforIncomeTaxes": -29,
        "revenue": 1861,
        "sgaExpense": 1730,
        "totalOperatingExpense": 2191,
        "totalOtherIncomeExpenseNet": 17,
        "year": 2020
      },
      {
        "costOfGoodsSold": 8014,
        "depreciationAmortization": 417,
        "dilutedAverageSharesOutstanding": 210,
        "dilutedEPS": -0.02,
        "ebit": 349,
        "grossIncome": 3533,
        "interestExpense": 157.521,
        "interestIncomeExpense": -138,
        "minorityInterest": -48,
        "netIncome": -5,
        "netIncomeAfterTaxes": 118,
        "nonRecurringItems": -24,
        "period": "2019-12-31",
        "pretaxIncome": 185,
        "provisionforIncomeTaxes": 67,
        "revenue": 11548,
        "sgaExpense": 2767,
        "totalOperatingExpense": 3185,
        "totalOtherIncomeExpenseNet": -2,
        "year": 2019
      },
      {
        "costOfGoodsSold": 7525,
        "depreciationAmortization": 387,
        "dilutedAverageSharesOutstanding": 207,
        "dilutedEPS": -0.09,
        "ebit": 283,
        "grossIncome": 3263,
        "interestExpense": 138.505,
        "interestIncomeExpense": -127,
        "minorityInterest": -30,
        "netIncome": -18,
        "netIncomeAfterTaxes": 90,
        "nonRecurringItems": -13,
        "period": "2018-12-31",
        "pretaxIncome": 131,
        "provisionforIncomeTaxes": 41,
        "revenue": 10788,
        "sgaExpense": 2594,
        "totalOperatingExpense": 2980,
        "totalOtherIncomeExpenseNet": -12,
        "year": 2018
      },
      {
        "costOfGoodsSold": 6804,
        "depreciationAmortization": 372,
        "dilutedAverageSharesOutstanding": 205,
        "dilutedEPS": -0.47,
        "ebit": 90,
        "grossIncome": 2883,
        "interestExpense": 106.722,
        "interestIncomeExpense": -100,
        "minorityInterest": -14,
        "netIncome": -98,
        "netIncomeAfterTaxes": -48,
        "nonRecurringItems": 0,
        "period": "2017-12-31",
        "pretaxIncome": -9,
        "provisionforIncomeTaxes": 39,
        "revenue": 9687,
        "sgaExpense": 2421,
        "totalOperatingExpense": 2793,
        "totalOtherIncomeExpenseNet": 0,
        "year": 2017
      },
      {
        "costOfGoodsSold": 6083,
        "depreciationAmortization": 404,
        "dilutedAverageSharesOutstanding": 202,
        "dilutedEPS": -0.23,
        "ebit": 195,
        "grossIncome": 2272,
        "interestExpense": 106.506,
        "interestIncomeExpense": -122,
        "minorityInterest": -17,
        "netIncome": -47,
        "netIncomeAfterTaxes": 20,
        "nonRecurringItems": -14,
        "period": "2016-12-31",
        "pretaxIncome": 48,
        "provisionforIncomeTaxes": 28,
        "revenue": 8355,
        "sgaExpense": 1674,
        "totalOperatingExpense": 2077,
        "totalOtherIncomeExpenseNet": -11,
        "year": 2016
      },
      {
        "costOfGoodsSold": 4921,
        "depreciationAmortization": 397,
        "dilutedAverageSharesOutstanding": 201,
        "dilutedEPS": -0.33,
        "ebit": 146,
        "grossIncome": 2325,
        "interestExpense": 102.881,
        "interestIncomeExpense": -98,
        "minorityInterest": -17,
        "netIncome": -66,
        "netIncomeAfterTaxes": -16,
        "nonRecurringItems": -15,
        "period": "2015-12-31",
        "pretaxIncome": 6,
        "provisionforIncomeTaxes": 22,
        "revenue": 7246,
        "sgaExpense": 1781,
        "totalOperatingExpense": 2178,
        "totalOtherIncomeExpenseNet": -27,
        "year": 2015
      }
    ],
    "symbol": "LYV"
  }
}