{
  "symbol": "CPT",
  "statement": "ic",
  "frequency": "quarterly",
  "timestamp": "2025-09-19T13:57:19.113319",
  "data": {
    "financials": [
      {
        "costOfGoodsSold": 154.012,
        "depreciationAmortization": 152.108,
        "dilutedAverageSharesOutstanding": 109.4,
        "dilutedEPS": 0.7358,
        "ebit": 71.839,
        "gainLossOnDispositionOfAssets": 47.293,
        "grossIncome": 242.497,
        "interestExpense": 35.375,
        "interestIncomeExpense": -35.307,
        "minorityInterest": -1.924,
        "netIncome": 80.497,
        "netIncomeAfterTaxes": 82.594,
        "nonRecurringItems": 0,
        "otherOperatingExpensesTotal": -2.633,
        "period": "2025-06-30",
        "pretaxIncome": 83.825,
        "provisionforIncomeTaxes": 1.231,
        "revenue": 396.509,
        "sgaExpense": 21.183,
        "totalOperatingExpense": 170.658
      },
      {
        "costOfGoodsSold": 149.986,
        "depreciationAmortization": 149.252,
        "dilutedAverageSharesOutstanding": 108.597,
        "dilutedEPS": 0.3567,
        "ebit": 75.106,
        "gainLossOnDispositionOfAssets": 0,
        "grossIncome": 240.579,
        "interestExpense": 33.79,
        "interestIncomeExpense": -33.78,
        "minorityInterest": -1.945,
        "netIncome": 38.731,
        "netIncomeAfterTaxes": 40.767,
        "nonRecurringItems": 0,
        "otherOperatingExpensesTotal": -2.487,
        "period": "2025-03-31",
        "pretaxIncome": 41.326,
        "provisionforIncomeTaxes": 0.559,
        "revenue": 390.565,
        "sgaExpense": 18.708,
        "totalOperatingExpense": 165.473
      },
      {
        "costOfGoodsSold": 147.944,
        "depreciationAmortization": 145.474,
        "dilutedAverageSharesOutstanding": 108.515,
        "dilutedEPS": 0.3743,
        "ebit": 75.768,
        "gainLossOnDispositionOfAssets": 0,
        "grossIncome": 238.375,
        "interestExpense": 32.565,
        "interestIncomeExpense": -32.587,
        "minorityInterest": -1.918,
        "netIncome": 40.617,
        "netIncomeAfterTaxes": 42.609,
        "nonRecurringItems": 0,
        "otherOperatingExpensesTotal": -1.54,
        "period": "2024-12-31",
        "pretaxIncome": 43.181,
        "provisionforIncomeTaxes": 0.572,
        "revenue": 386.319,
        "sgaExpense": 18.673,
        "totalOperatingExpense": 162.607
      },
      {
        "costOfGoodsSold": 153.8,
        "depreciationAmortization": 145.844,
        "dilutedAverageSharesOutstanding": 108.426,
        "dilutedEPS": -0.0387,
        "ebit": 70.45,
        "gainLossOnDispositionOfAssets": 0,
        "grossIncome": 233.432,
        "interestExpense": 32.486,
        "interestIncomeExpense": -31.41,
        "minorityInterest": -1.866,
        "netIncome": -4.192,
        "netIncomeAfterTaxes": -2.338,
        "nonRecurringItems": -40.988,
        "otherOperatingExpensesTotal": -1.707,
        "period": "2024-09-30",
        "pretaxIncome": -1.948,
        "provisionforIncomeTaxes": 0.39,
        "revenue": 387.232,
        "sgaExpense": 18.845,
        "totalOperatingExpense": 162.982
      },
      {
        "costOfGoodsSold": 149.21,
        "depreciationAmortization": 145.894,
        "dilutedAverageSharesOutstanding": 108.424,
        "dilutedEPS": 0.3951,
        "ebit": 76.498,
        "gainLossOnDispositionOfAssets": 0,
        "grossIncome": 237.94,
        "interestExpense": 32.227,
        "interestIncomeExpense": -30.629,
        "minorityInterest": -1.893,
        "netIncome": 42.839,
        "netIncomeAfterTaxes": 44.81,
        "nonRecurringItems": 0,
        "otherOperatingExpensesTotal": -2.606,
        "period": "2024-06-30",
        "pretaxIncome": 45.869,
        "provisionforIncomeTaxes": 1.059,
        "revenue": 387.15,
        "sgaExpense": 18.154,
        "totalOperatingExpense": 161.442
      },
      {
        "costOfGoodsSold": 148.382,
        "depreciationAmortization": 144.802,
        "dilutedAverageSharesOutstanding": 108.5005,
        "dilutedEPS": 0.7717,
        "ebit": 74.548,
        "gainLossOnDispositionOfAssets": 43.806,
        "grossIncome": 234.759,
        "interestExpense": 32.537,
        "interestIncomeExpense": -30.769,
        "minorityInterest": -1.87,
        "netIncome": 83.734,
        "netIncomeAfterTaxes": 85.759,
        "nonRecurringItems": -0.921,
        "otherOperatingExpensesTotal": -1.284,
        "period": "2024-03-31",
        "pretaxIncome": 86.664,
        "provisionforIncomeTaxes": 0.905,
        "revenue": 383.141,
        "sgaExpense": 16.693,
        "totalOperatingExpense": 160.211
      },
      {
        "costOfGoodsSold": 145.744,
        "depreciationAmortization": 144.956,
        "dilutedAverageSharesOutstanding": 111.619,
        "dilutedEPS": 2.0076,
        "ebit": 82.221,
        "gainLossOnDispositionOfAssets": 176.497,
        "grossIncome": 241.843,
        "interestExpense": 33.968,
        "interestIncomeExpense": -33.646,
        "minorityInterest": -1.845,
        "netIncome": 222.002,
        "netIncomeAfterTaxes": 224.175,
        "nonRecurringItems": 0,
        "otherOperatingExpensesTotal": -1.078,
        "period": "2023-12-31",
        "pretaxIncome": 225.072,
        "provisionforIncomeTaxes": 0.897,
        "revenue": 387.587,
        "sgaExpense": 15.744,
        "totalOperatingExpense": 159.622
      },
      {
        "costOfGoodsSold": 148.44,
        "depreciationAmortization": 144.359,
        "dilutedAverageSharesOutstanding": 108.706,
        "dilutedEPS": 0.4407,
        "ebit": 83.513,
        "gainLossOnDispositionOfAssets": 0,
        "grossIncome": 242.338,
        "interestExpense": 33.006,
        "interestIncomeExpense": -32.942,
        "minorityInterest": -1.856,
        "netIncome": 47.902,
        "netIncomeAfterTaxes": 49.819,
        "nonRecurringItems": 0,
        "otherOperatingExpensesTotal": -1.077,
        "period": "2023-09-30",
        "pretaxIncome": 50.571,
        "provisionforIncomeTaxes": 0.752,
        "revenue": 390.778,
        "sgaExpense": 15.543,
        "totalOperatingExpense": 158.825
      },
      {
        "costOfGoodsSold": 290.159,
        "depreciationAmortization": 285.498,
        "dilutedAverageSharesOutstanding": 108.6825,
        "dilutedEPS": 1.2215,
        "ebit": 158.082,
        "gainLossOnDispositionOfAssets": 48.919,
        "grossIncome": 473.503,
        "interestExpense": 33.578,
        "interestIncomeExpense": -65.928,
        "minorityInterest": -3.543,
        "netIncome": 132.759,
        "netIncomeAfterTaxes": 136.559,
        "nonRecurringItems": -2.513,
        "otherOperatingExpensesTotal": -1.296,
        "period": "2023-06-30",
        "pretaxIncome": 138.56,
        "provisionforIncomeTaxes": 2.001,
        "revenue": 763.662,
        "sgaExpense": 31.219,
        "totalOperatingExpense": 315.421
      },
      {
        "costOfGoodsSold": 143.391,
        "depreciationAmortization": 142.444,
        "dilutedAverageSharesOutstanding": 109.014,
        "dilutedEPS": 0.3837,
        "ebit": 77.55,
        "gainLossOnDispositionOfAssets": 0,
        "grossIncome": 234.772,
        "interestExpense": 32.843,
        "interestIncomeExpense": -32.781,
        "minorityInterest": -1.702,
        "netIncome": 41.832,
        "netIncomeAfterTaxes": 43.619,
        "nonRecurringItems": 0,
        "otherOperatingExpensesTotal": -0.578,
        "period": "2023-03-31",
        "pretaxIncome": 44.769,
        "provisionforIncomeTaxes": 1.15,
        "revenue": 378.163,
        "sgaExpense": 15.356,
        "totalOperatingExpense": 157.222
      },
      {
        "costOfGoodsSold": 134.928,
        "depreciationAmortization": 147.271,
        "dilutedAverageSharesOutstanding": 109.255,
        "dilutedEPS": 0.4215,
        "ebit": 78.754,
        "gainLossOnDispositionOfAssets": 0,
        "grossIncome": 240.981,
        "interestExpense": 30.668,
        "interestIncomeExpense": -30.53,
        "minorityInterest": -1.762,
        "netIncome": 45.652,
        "netIncomeAfterTaxes": 47.471,
        "nonRecurringItems": 0,
        "otherOperatingExpensesTotal": -0.931,
        "period": "2022-12-31",
        "pretaxIncome": 48.224,
        "provisionforIncomeTaxes": 0.753,
        "revenue": 375.909,
        "sgaExpense": 15.887,
        "totalOperatingExpense": 162.227
      },
      {
        "costOfGoodsSold": 140.119,
        "depreciationAmortization": 158.877,
        "dilutedAverageSharesOutstanding": 108.506,
        "dilutedEPS": 0.2747,
        "ebit": 61.391,
        "gainLossOnDispositionOfAssets": 0,
        "grossIncome": 233.653,
        "interestExpense": 29.192,
        "interestIncomeExpense": -29.104,
        "minorityInterest": -1.706,
        "netIncome": 29.804,
        "netIncomeAfterTaxes": 31.55,
        "nonRecurringItems": 0,
        "otherOperatingExpensesTotal": -0.617,
        "period": "2022-09-30",
        "pretaxIncome": 32.287,
        "provisionforIncomeTaxes": 0.737,
        "revenue": 373.772,
        "sgaExpense": 14.002,
        "totalOperatingExpense": 172.262
      },
      {
        "costOfGoodsSold": 254.151,
        "depreciationAmortization": 270.872,
        "dilutedAverageSharesOutstanding": 108.3025,
        "dilutedEPS": 5.339,
        "ebit": 121.168,
        "gainLossOnDispositionOfAssets": 36.372,
        "grossIncome": 418.924,
        "interestExpense": 29.022,
        "interestIncomeExpense": -47.723,
        "minorityInterest": -4.427,
        "netIncome": 577.167,
        "netIncomeAfterTaxes": 582.487,
        "nonRecurringItems": 474.146,
        "otherOperatingExpensesTotal": -3.64,
        "period": "2022-06-30",
        "pretaxIncome": 583.963,
        "provisionforIncomeTaxes": 1.476,
        "revenue": 673.075,
        "sgaExpense": 30.524,
        "totalOperatingExpense": 297.756
      },
      {
        "costOfGoodsSold": 118.699,
        "depreciationAmortization": 113.138,
        "dilutedAverageSharesOutstanding": 109.069,
        "dilutedEPS": 0.73,
        "ebit": 67.182,
        "gainLossOnDispositionOfAssets": 36.372,
        "grossIncome": 192.66,
        "interestExpense": 24.542,
        "interestIncomeExpense": -19.363,
        "minorityInterest": -2.856,
        "netIncome": 80.585,
        "netIncomeAfterTaxes": 83.601,
        "nonRecurringItems": 0,
        "otherOperatingExpensesTotal": -2.45,
        "period": "2022-03-31",
        "pretaxIncome": 84.191,
        "provisionforIncomeTaxes": 0.59,
        "revenue": 311.359,
        "sgaExpense": 14.79,
        "totalOperatingExpense": 125.478
      },
      {
        "costOfGoodsSold": 111.394,
        "depreciationAmortization": 116.503,
        "dilutedAverageSharesOutstanding": 107.719,
        "dilutedEPS": 1.9835,
        "ebit": 65.342,
        "gainLossOnDispositionOfAssets": 174.384,
        "grossIncome": 193.97,
        "interestExpense": 24.582,
        "interestIncomeExpense": -21.266,
        "minorityInterest": -4.961,
        "netIncome": 212.475,
        "netIncomeAfterTaxes": 217.859,
        "nonRecurringItems": 0,
        "otherOperatingExpensesTotal": -2.815,
        "period": "2021-12-31",
        "pretaxIncome": 218.46,
        "provisionforIncomeTaxes": 0.601,
        "revenue": 305.364,
        "sgaExpense": 14.94,
        "totalOperatingExpense": 128.628
      },
      {
        "costOfGoodsSold": 117.867,
        "depreciationAmortization": 111.462,
        "dilutedAverageSharesOutstanding": 103.171,
        "dilutedEPS": 0.2855,
        "ebit": 53.089,
        "gainLossOnDispositionOfAssets": 0,
        "grossIncome": 176.263,
        "interestExpense": 24.987,
        "interestIncomeExpense": -22.004,
        "minorityInterest": -1.122,
        "netIncome": 29.453,
        "netIncomeAfterTaxes": 30.605,
        "otherOperatingExpensesTotal": -3.248,
        "period": "2021-09-30",
        "pretaxIncome": 31.085,
        "provisionforIncomeTaxes": 0.48,
        "revenue": 294.13,
        "sgaExpense": 14.96,
        "totalOperatingExpense": 123.174
      },
      {
        "costOfGoodsSold": 218.614,
        "depreciationAmortization": 192.727,
        "dilutedAverageSharesOutstanding": 102.185,
        "dilutedEPS": 0.6012,
        "ebit": 107.751,
        "gainLossOnDispositionOfAssets": 0,
        "grossIncome": 325.477,
        "interestExpense": 24.084,
        "interestIncomeExpense": -43.027,
        "minorityInterest": -2.386,
        "netIncome": 61.434,
        "netIncomeAfterTaxes": 63.912,
        "otherOperatingExpensesTotal": -4.469,
        "period": "2021-06-30",
        "pretaxIncome": 64.724,
        "provisionforIncomeTaxes": 0.812,
        "revenue": 544.091,
        "sgaExpense": 29.468,
        "totalOperatingExpense": 217.726
      },
      {
        "costOfGoodsSold": 108.2,
        "depreciationAmortization": 93.1,
        "dilutedAverageSharesOutstanding": 99.6,
        "dilutedEPS": 0.31,
        "ebit": 54.2,
        "gainLossOnDispositionOfAssets": 0,
        "grossIncome": 159.4,
        "interestExpense": 23.644,
        "interestIncomeExpense": -21.4,
        "minorityInterest": -1.1,
        "netIncome": 31.3,
        "netIncomeAfterTaxes": 32.5,
        "otherOperatingExpensesTotal": -2.2,
        "period": "2021-03-31",
        "pretaxIncome": 32.8,
        "provisionforIncomeTaxes": 0.4,
        "revenue": 267.6,
        "sgaExpense": 14.2,
        "totalOperatingExpense": 105.2
      },
      {
        "costOfGoodsSold": 107.1,
        "depreciationAmortization": 91.9,
        "dilutedAverageSharesOutstanding": 99.5,
        "dilutedEPS": 0.29,
        "ebit": 52.6,
        "gainLossOnDispositionOfAssets": 0,
        "grossIncome": 154.5,
        "interestExpense": 24.072,
        "interestIncomeExpense": -21.6,
        "minorityInterest": -1.2,
        "netIncome": 29.1,
        "netIncomeAfterTaxes": 30.4,
        "nonRecurringItems": -0.2,
        "otherOperatingExpensesTotal": -3.4,
        "period": "2020-12-31",
        "pretaxIncome": 30.9,
        "provisionforIncomeTaxes": 0.5,
        "revenue": 261.6,
        "sgaExpense": 13.3,
        "totalOperatingExpense": 101.8
      },
      {
        "costOfGoodsSold": 108,
        "depreciationAmortization": 90.6,
        "dilutedAverageSharesOutstanding": 99.5,
        "dilutedEPS": 0.35,
        "ebit": 57,
        "gainLossOnDispositionOfAssets": 0,
        "grossIncome": 157.8,
        "interestExpense": 24.265,
        "interestIncomeExpense": -20.1,
        "minorityInterest": -1.3,
        "netIncome": 34.9,
        "netIncomeAfterTaxes": 36.2,
        "otherOperatingExpensesTotal": -2.5,
        "period": "2020-09-30",
        "pretaxIncome": 36.8,
        "provisionforIncomeTaxes": 0.6,
        "revenue": 265.7,
        "sgaExpense": 12.7,
        "totalOperatingExpense": 100.7
      },
      {
        "costOfGoodsSold": 106.4,
        "depreciationAmortization": 92.8,
        "dilutedAverageSharesOutstanding": 100.6,
        "dilutedEPS": 0.17,
        "ebit": 39.5,
        "gainLossOnDispositionOfAssets": 0,
        "grossIncome": 144.2,
        "interestExpense": 23.482,
        "interestIncomeExpense": -21.6,
        "minorityInterest": -1,
        "netIncome": 16.4,
        "netIncomeAfterTaxes": 17.5,
        "otherOperatingExpensesTotal": -2.4,
        "period": "2020-06-30",
        "pretaxIncome": 17.9,
        "provisionforIncomeTaxes": 0.4,
        "revenue": 250.7,
        "sgaExpense": 14.4,
        "totalOperatingExpense": 104.8
      },
      {
        "costOfGoodsSold": 101.5,
        "depreciationAmortization": 91.9,
        "dilutedAverageSharesOutstanding": 99.4,
        "dilutedEPS": 0.43,
        "ebit": 61.8,
        "gainLossOnDispositionOfAssets": 0.4,
        "grossIncome": 164.4,
        "interestExpense": 19.707,
        "interestIncomeExpense": -17.3,
        "minorityInterest": -1.2,
        "netIncome": 43.2,
        "netIncomeAfterTaxes": 44.5,
        "otherOperatingExpensesTotal": -2.5,
        "period": "2020-03-31",
        "pretaxIncome": 44.9,
        "provisionforIncomeTaxes": 0.5,
        "revenue": 265.9,
        "sgaExpense": 13.2,
        "totalOperatingExpense": 102.5
      },
      {
        "costOfGoodsSold": 98.5,
        "depreciationAmortization": 85.5,
        "dilutedAverageSharesOutstanding": 102.4,
        "dilutedEPS": 0.94,
        "ebit": 69.1,
        "gainLossOnDispositionOfAssets": 49.9,
        "grossIncome": 164.9,
        "interestExpense": 20.168,
        "interestIncomeExpense": -10.4,
        "minorityInterest": -1.2,
        "netIncome": 94.8,
        "netIncomeAfterTaxes": 96.2,
        "nonRecurringItems": -12,
        "otherOperatingExpensesTotal": -2.8,
        "period": "2019-12-31",
        "pretaxIncome": 96.6,
        "provisionforIncomeTaxes": 0.4,
        "revenue": 263.5,
        "sgaExpense": 13.2,
        "totalOperatingExpense": 95.9
      },
      {
        "costOfGoodsSold": 101.3,
        "depreciationAmortization": 85.8,
        "dilutedAverageSharesOutstanding": 99.1,
        "dilutedEPS": 0.44,
        "ebit": 62.2,
        "grossIncome": 159.3,
        "interestExpense": 20.719,
        "interestIncomeExpense": -17.1,
        "minorityInterest": -1.2,
        "netIncome": 43.5,
        "netIncomeAfterTaxes": 44.8,
        "otherOperatingExpensesTotal": -2.1,
        "period": "2019-09-30",
        "pretaxIncome": 45.1,
        "provisionforIncomeTaxes": 0.3,
        "revenue": 260.7,
        "sgaExpense": 13.5,
        "totalOperatingExpense": 97.2
      },
      {
        "costOfGoodsSold": 98.8,
        "depreciationAmortization": 84.6,
        "dilutedAverageSharesOutstanding": 100,
        "dilutedEPS": 0.43,
        "ebit": 60.9,
        "grossIncome": 156.9,
        "interestExpense": 19.349,
        "interestIncomeExpense": -17.1,
        "minorityInterest": -1.1,
        "netIncome": 42.3,
        "netIncomeAfterTaxes": 43.5,
        "otherOperatingExpensesTotal": -1.9,
        "period": "2019-06-30",
        "pretaxIncome": 43.8,
        "provisionforIncomeTaxes": 0.2,
        "revenue": 255.8,
        "sgaExpense": 13.3,
        "totalOperatingExpense": 96.1
      },
      {
        "costOfGoodsSold": 98.7,
        "depreciationAmortization": 80.3,
        "dilutedAverageSharesOutstanding": 98.5,
        "dilutedEPS": 0.39,
        "ebit": 58.2,
        "grossIncome": 149.9,
        "interestExpense": 20.47,
        "interestIncomeExpense": -18.3,
        "minorityInterest": -1.1,
        "netIncome": 38.5,
        "netIncomeAfterTaxes": 39.7,
        "otherOperatingExpensesTotal": -1.8,
        "period": "2019-03-31",
        "pretaxIncome": 39.9,
        "provisionforIncomeTaxes": 0.2,
        "revenue": 248.6,
        "sgaExpense": 13.3,
        "totalOperatingExpense": 91.7
      },
      {
        "costOfGoodsSold": 94.1,
        "depreciationAmortization": 78.7,
        "dilutedAverageSharesOutstanding": 95.5,
        "dilutedEPS": 0.41,
        "ebit": 60,
        "grossIncome": 150.8,
        "interestExpense": 22.047,
        "interestIncomeExpense": -19.4,
        "minorityInterest": -1.1,
        "netIncome": 38.9,
        "netIncomeAfterTaxes": 40.3,
        "nonRecurringItems": 0,
        "otherOperatingExpensesTotal": -1.6,
        "period": "2018-12-31",
        "pretaxIncome": 40.6,
        "provisionforIncomeTaxes": 0.3,
        "revenue": 244.9,
        "sgaExpense": 13.6,
        "totalOperatingExpense": 90.8
      },
      {
        "costOfGoodsSold": 95.3,
        "depreciationAmortization": 76.5,
        "dilutedAverageSharesOutstanding": 95.4,
        "dilutedEPS": 0.4,
        "ebit": 59.3,
        "grossIncome": 146.5,
        "interestExpense": 21.235,
        "interestIncomeExpense": -19,
        "minorityInterest": -1.1,
        "netIncome": 38.6,
        "netIncomeAfterTaxes": 40,
        "nonRecurringItems": 0,
        "otherOperatingExpensesTotal": -1.8,
        "period": "2018-09-30",
        "pretaxIncome": 40.3,
        "provisionforIncomeTaxes": 0.3,
        "revenue": 241.8,
        "sgaExpense": 12.6,
        "totalOperatingExpense": 87.2
      },
      {
        "costOfGoodsSold": 92.6,
        "depreciationAmortization": 75.6,
        "dilutedAverageSharesOutstanding": 95.3,
        "dilutedEPS": 0.4,
        "ebit": 58.5,
        "grossIncome": 144.5,
        "interestExpense": 20.607,
        "interestIncomeExpense": -18.2,
        "minorityInterest": -1.2,
        "netIncome": 38.4,
        "netIncomeAfterTaxes": 39.9,
        "nonRecurringItems": 0,
        "otherOperatingExpensesTotal": -1.8,
        "period": "2018-06-30",
        "pretaxIncome": 40.3,
        "provisionforIncomeTaxes": 0.4,
        "revenue": 237.1,
        "sgaExpense": 12.3,
        "totalOperatingExpense": 86.1
      },
      {
        "costOfGoodsSold": 91.6,
        "depreciationAmortization": 70.2,
        "dilutedAverageSharesOutstanding": 96,
        "dilutedEPS": 0.41,
        "ebit": 58.7,
        "grossIncome": 139.1,
        "interestExpense": 20.374,
        "interestIncomeExpense": -17.8,
        "minorityInterest": -1.1,
        "netIncome": 39.1,
        "netIncomeAfterTaxes": 40.5,
        "nonRecurringItems": 0,
        "otherOperatingExpensesTotal": -2,
        "period": "2018-03-31",
        "pretaxIncome": 40.9,
        "provisionforIncomeTaxes": 0.4,
        "revenue": 230.7,
        "sgaExpense": 12.2,
        "totalOperatingExpense": 80.4
      },
      {
        "costOfGoodsSold": 87.7,
        "depreciationAmortization": 68.2,
        "dilutedAverageSharesOutstanding": 96,
        "dilutedEPS": 0.91,
        "ebit": 63.3,
        "gainLossOnDispositionOfAssets": 43.2,
        "grossIncome": 142.1,
        "interestExpense": 20.618,
        "interestIncomeExpense": -17.2,
        "minorityInterest": -1.1,
        "netIncome": 87.5,
        "netIncomeAfterTaxes": 89.1,
        "nonRecurringItems": 0,
        "otherOperatingExpensesTotal": -2.4,
        "period": "2017-12-31",
        "pretaxIncome": 89.3,
        "provisionforIncomeTaxes": 0.2,
        "revenue": 229.8,
        "sgaExpense": 13,
        "totalOperatingExpense": 78.8
      },
      {
        "costOfGoodsSold": 95.5,
        "depreciationAmortization": 67,
        "dilutedAverageSharesOutstanding": 92,
        "dilutedEPS": 0.37,
        "ebit": 55.5,
        "gainLossOnDispositionOfAssets": 0,
        "grossIncome": 132.7,
        "interestExpense": 21.21,
        "interestIncomeExpense": -19.5,
        "minorityInterest": -1.1,
        "netIncome": 34.4,
        "netIncomeAfterTaxes": 35.5,
        "nonRecurringItems": 0,
        "otherOperatingExpensesTotal": -2.1,
        "period": "2017-09-30",
        "pretaxIncome": 36,
        "provisionforIncomeTaxes": 0.5,
        "revenue": 228.2,
        "sgaExpense": 12.3,
        "totalOperatingExpense": 77.1
      },
      {
        "costOfGoodsSold": 87.9,
        "depreciationAmortization": 65,
        "dilutedAverageSharesOutstanding": 91,
        "dilutedEPS": 0.43,
        "ebit": 60,
        "gainLossOnDispositionOfAssets": 0,
        "grossIncome": 135.5,
        "interestExpense": 21.966,
        "interestIncomeExpense": -19.6,
        "minorityInterest": -1.1,
        "netIncome": 39.1,
        "netIncomeAfterTaxes": 40.3,
        "nonRecurringItems": 0,
        "otherOperatingExpensesTotal": -1.9,
        "period": "2017-06-30",
        "pretaxIncome": 40.3,
        "provisionforIncomeTaxes": 0,
        "revenue": 223.4,
        "sgaExpense": 12.5,
        "totalOperatingExpense": 75.5
      },
      {
        "costOfGoodsSold": 87.4,
        "depreciationAmortization": 63.7,
        "dilutedAverageSharesOutstanding": 90.9,
        "dilutedEPS": 0.38,
        "ebit": 57.2,
        "gainLossOnDispositionOfAssets": 0,
        "grossIncome": 132.1,
        "interestExpense": 22.956,
        "interestIncomeExpense": -20.5,
        "minorityInterest": -1.1,
        "netIncome": 34.8,
        "netIncomeAfterTaxes": 36,
        "nonRecurringItems": -0.3,
        "otherOperatingExpensesTotal": -1.7,
        "period": "2017-03-31",
        "pretaxIncome": 36.5,
        "provisionforIncomeTaxes": 0.5,
        "revenue": 219.5,
        "sgaExpense": 12.9,
        "totalOperatingExpense": 74.9
      },
      {
        "costOfGoodsSold": 80.6,
        "depreciationAmortization": 62.8,
        "dilutedAverageSharesOutstanding": 90,
        "dilutedEPS": 0.45,
        "ebit": 62.8,
        "gainLossOnDispositionOfAssets": 0,
        "grossIncome": 136.5,
        "interestExpense": 23.209,
        "interestIncomeExpense": -20.3,
        "minorityInterest": -1.2,
        "netIncome": 40.7,
        "netIncomeAfterTaxes": 42.1,
        "nonRecurringItems": 0,
        "otherOperatingExpensesTotal": -1.6,
        "period": "2016-12-31",
        "pretaxIncome": 42.5,
        "provisionforIncomeTaxes": 0.4,
        "revenue": 217.1,
        "sgaExpense": 12.6,
        "totalOperatingExpense": 73.7
      },
      {
        "costOfGoodsSold": 86.9,
        "depreciationAmortization": 62.8,
        "dilutedAverageSharesOutstanding": 90,
        "dilutedEPS": 3.21,
        "ebit": 61.3,
        "gainLossOnDispositionOfAssets": 262.7,
        "grossIncome": 133.4,
        "interestExpense": 23.076,
        "interestIncomeExpense": -20.2,
        "minorityInterest": -12.5,
        "netIncome": 289.3,
        "netIncomeAfterTaxes": 303.4,
        "otherOperatingExpensesTotal": -1.7,
        "period": "2016-09-30",
        "pretaxIncome": 303.8,
        "provisionforIncomeTaxes": 0.4,
        "revenue": 220.2,
        "sgaExpense": 10.8,
        "totalOperatingExpense": 72
      },
      {
        "costOfGoodsSold": 87.6,
        "depreciationAmortization": 62.5,
        "dilutedAverageSharesOutstanding": 91,
        "dilutedEPS": 4.86,
        "ebit": 61.5,
        "gainLossOnDispositionOfAssets": 32.2,
        "grossIncome": 133.9,
        "interestExpense": 23.07,
        "interestIncomeExpense": -21.2,
        "minorityInterest": -3.5,
        "netIncome": 442.7,
        "netIncomeAfterTaxes": 72,
        "otherOperatingExpensesTotal": -1.8,
        "period": "2016-06-30",
        "pretaxIncome": 72.5,
        "provisionforIncomeTaxes": 0.5,
        "revenue": 221.5,
        "sgaExpense": 11.8,
        "totalOperatingExpense": 72.4
      },
      {
        "costOfGoodsSold": 85.2,
        "depreciationAmortization": 62.1,
        "dilutedAverageSharesOutstanding": 89.8,
        "dilutedEPS": 0.45,
        "ebit": 59.8,
        "gainLossOnDispositionOfAssets": 0.4,
        "grossIncome": 132.4,
        "interestExpense": 23.79,
        "interestIncomeExpense": -22.1,
        "minorityInterest": -1.2,
        "netIncome": 40.8,
        "netIncomeAfterTaxes": 37.9,
        "otherOperatingExpensesTotal": -1.8,
        "period": "2016-03-31",
        "pretaxIncome": 38.2,
        "provisionforIncomeTaxes": 0.3,
        "revenue": 217.6,
        "sgaExpense": 12.2,
        "totalOperatingExpense": 72.6
      },
      {
        "costOfGoodsSold": 82,
        "depreciationAmortization": 61.7,
        "dilutedAverageSharesOutstanding": 89.6,
        "dilutedEPS": 0.67,
        "ebit": 60.1,
        "gainLossOnDispositionOfAssets": 19.1,
        "grossIncome": 133,
        "interestExpense": 23.74,
        "interestIncomeExpense": -21.8,
        "minorityInterest": -1.2,
        "netIncome": 60.1,
        "netIncomeAfterTaxes": 56.9,
        "nonRecurringItems": 0,
        "otherOperatingExpensesTotal": -1.9,
        "period": "2015-12-31",
        "pretaxIncome": 57.4,
        "provisionforIncomeTaxes": 0.5,
        "revenue": 215,
        "sgaExpense": 13.1,
        "totalOperatingExpense": 72.8
      },
      {
        "costOfGoodsSold": 85.6,
        "depreciationAmortization": 61.3,
        "dilutedAverageSharesOutstanding": 89.5,
        "dilutedEPS": 0.41,
        "ebit": 55.8,
        "gainLossOnDispositionOfAssets": 0,
        "grossIncome": 127,
        "interestExpense": 23.674,
        "interestIncomeExpense": -22,
        "minorityInterest": -1.2,
        "netIncome": 36.8,
        "netIncomeAfterTaxes": 33.3,
        "otherOperatingExpensesTotal": -1.9,
        "period": "2015-09-30",
        "pretaxIncome": 33.8,
        "provisionforIncomeTaxes": 0.5,
        "revenue": 212.6,
        "sgaExpense": 11.8,
        "totalOperatingExpense": 71.2
      }
    ],
    "symbol": "CPT"
  }
}