{
  "symbol": "RMD",
  "statement": "ic",
  "frequency": "annual",
  "timestamp": "2025-09-19T14:06:13.620177",
  "data": {
    "financials": [
      {
        "costOfGoodsSold": 2092.869,
        "depreciationAmortization": 45.273,
        "dilutedAverageSharesOutstanding": 147.34,
        "dilutedEPS": 9.5067,
        "ebit": 1685.882,
        "grossIncome": 3053.458,
        "interestIncomeExpense": -2.541,
        "netIncome": 1400.723,
        "netIncomeAfterTaxes": 1400.723,
        "nonRecurringItems": -0.519,
        "period": "2025-06-30",
        "pretaxIncome": 1677.566,
        "provisionforIncomeTaxes": 276.843,
        "researchDevelopment": 331.284,
        "revenue": 5146.327,
        "sgaExpense": 991.019,
        "totalOperatingExpense": 1367.576,
        "totalOtherIncomeExpenseNet": -5.256,
        "year": 2025
      },
      {
        "costOfGoodsSold": 2029.994,
        "depreciationAmortization": 46.521,
        "dilutedAverageSharesOutstanding": 147.55,
        "dilutedEPS": 6.9194,
        "ebit": 1384.121,
        "grossIncome": 2655.303,
        "interestIncomeExpense": -51.601,
        "netIncome": 1020.951,
        "netIncomeAfterTaxes": 1020.951,
        "nonRecurringItems": -64.228,
        "period": "2024-06-30",
        "pretaxIncome": 1264.798,
        "provisionforIncomeTaxes": 243.847,
        "researchDevelopment": 307.525,
        "revenue": 4685.297,
        "sgaExpense": 917.136,
        "totalOperatingExpense": 1271.182,
        "totalOtherIncomeExpenseNet": -3.494,
        "year": 2024
      },
      {
        "costOfGoodsSold": 1867.331,
        "depreciationAmortization": 42.02,
        "dilutedAverageSharesOutstanding": 147.455,
        "dilutedEPS": 6.087,
        "ebit": 1151.997,
        "grossIncome": 2355.662,
        "interestIncomeExpense": -44.722,
        "netIncome": 897.556,
        "netIncomeAfterTaxes": 897.556,
        "nonRecurringItems": 0.101,
        "period": "2023-06-30",
        "pretaxIncome": 1101.664,
        "provisionforIncomeTaxes": 204.108,
        "researchDevelopment": 287.642,
        "revenue": 4222.993,
        "sgaExpense": 874.003,
        "totalOperatingExpense": 1203.665,
        "totalOtherIncomeExpenseNet": -5.712,
        "year": 2023
      },
      {
        "costOfGoodsSold": 1553.816,
        "depreciationAmortization": 31.078,
        "dilutedAverageSharesOutstanding": 147.043,
        "dilutedEPS": 5.3007,
        "ebit": 1000.286,
        "grossIncome": 2024.311,
        "interestIncomeExpense": -43,
        "netIncome": 779.437,
        "netIncomeAfterTaxes": 779.437,
        "nonRecurringItems": 0,
        "period": "2022-06-30",
        "pretaxIncome": 960.483,
        "provisionforIncomeTaxes": 181.046,
        "researchDevelopment": 253.575,
        "revenue": 3578.127,
        "sgaExpense": 739.372,
        "totalOperatingExpense": 1024.025,
        "totalOtherIncomeExpenseNet": 3.197,
        "year": 2022
      },
      {
        "costOfGoodsSold": 1352.493,
        "depreciationAmortization": 31.078,
        "dilutedAverageSharesOutstanding": 146.451,
        "dilutedEPS": 3.24,
        "ebit": 917.583,
        "grossIncome": 1844.332,
        "interestExpense": 23.989,
        "interestIncomeExpense": -21.07,
        "netIncome": 474.505,
        "netIncomeAfterTaxes": 474.505,
        "nonRecurringItems": -13.905,
        "period": "2021-06-30",
        "pretaxIncome": 883.662,
        "provisionforIncomeTaxes": 409.157,
        "researchDevelopment": 225.284,
        "revenue": 3196.825,
        "sgaExpense": 670.387,
        "totalOperatingExpense": 926.749,
        "totalOtherIncomeExpenseNet": 1.054,
        "year": 2021
      },
      {
        "costOfGoodsSold": 1239.2,
        "depreciationAmortization": 30.1,
        "dilutedAverageSharesOutstanding": 145.7,
        "dilutedEPS": 4.27,
        "ebit": 809,
        "grossIncome": 1717.8,
        "interestExpense": 40.377,
        "interestIncomeExpense": -63.1,
        "netIncome": 621.7,
        "netIncomeAfterTaxes": 621.7,
        "nonRecurringItems": -13.9,
        "period": "2020-06-30",
        "pretaxIncome": 733.1,
        "provisionforIncomeTaxes": 111.4,
        "researchDevelopment": 201.9,
        "revenue": 2957,
        "sgaExpense": 676.7,
        "totalOperatingExpense": 908.8,
        "totalOtherIncomeExpenseNet": 1,
        "year": 2020
      },
      {
        "costOfGoodsSold": 1112.5,
        "depreciationAmortization": 32.4,
        "dilutedAverageSharesOutstanding": 144.5,
        "dilutedEPS": 2.8,
        "ebit": 636,
        "grossIncome": 1494.1,
        "interestExpense": 36.156,
        "interestIncomeExpense": -48,
        "netIncome": 404.6,
        "netIncomeAfterTaxes": 410.6,
        "nonRecurringItems": -71.7,
        "period": "2019-06-30",
        "pretaxIncome": 518.8,
        "provisionforIncomeTaxes": 108.3,
        "researchDevelopment": 180.7,
        "revenue": 2606.6,
        "sgaExpense": 645,
        "totalOperatingExpense": 858.1,
        "totalOtherIncomeExpenseNet": 2.6,
        "year": 2019
      },
      {
        "costOfGoodsSold": 1005.3,
        "depreciationAmortization": 19.1,
        "dilutedAverageSharesOutstanding": 144,
        "dilutedEPS": 2.19,
        "ebit": 560.2,
        "grossIncome": 1334.9,
        "interestExpense": 28.355,
        "interestIncomeExpense": -13.5,
        "netIncome": 315.6,
        "netIncomeAfterTaxes": 453.6,
        "nonRecurringItems": -30,
        "period": "2018-06-30",
        "pretaxIncome": 521.3,
        "provisionforIncomeTaxes": 67.7,
        "researchDevelopment": 155.1,
        "revenue": 2340.2,
        "sgaExpense": 600.4,
        "totalOperatingExpense": 774.7,
        "totalOtherIncomeExpenseNet": 4.6,
        "year": 2018
      },
      {
        "costOfGoodsSold": 865,
        "depreciationAmortization": 46.6,
        "dilutedAverageSharesOutstanding": 142.5,
        "dilutedEPS": 2.4,
        "ebit": 456.7,
        "grossIncome": 1201.7,
        "interestExpense": 28.236,
        "interestIncomeExpense": -5.7,
        "netIncome": 342.3,
        "netIncomeAfterTaxes": 342.3,
        "nonRecurringItems": -32.9,
        "period": "2017-06-30",
        "pretaxIncome": 418.7,
        "provisionforIncomeTaxes": 76.5,
        "researchDevelopment": 144.5,
        "revenue": 2066.7,
        "sgaExpense": 554,
        "totalOperatingExpense": 745,
        "totalOtherIncomeExpenseNet": 0.6,
        "year": 2017
      },
      {
        "costOfGoodsSold": 772.2,
        "depreciationAmortization": 23.9,
        "dilutedAverageSharesOutstanding": 141.7,
        "dilutedEPS": 2.49,
        "ebit": 435.9,
        "grossIncome": 1066.5,
        "interestExpense": 11.206,
        "interestIncomeExpense": 9.8,
        "netIncome": 352.4,
        "netIncomeAfterTaxes": 352.4,
        "nonRecurringItems": -7.7,
        "period": "2016-06-30",
        "pretaxIncome": 439.6,
        "provisionforIncomeTaxes": 87.2,
        "researchDevelopment": 118.7,
        "revenue": 1838.7,
        "sgaExpense": 488.1,
        "totalOperatingExpense": 630.6,
        "totalOtherIncomeExpenseNet": 1.5,
        "year": 2016
      }
    ],
    "symbol": "RMD"
  }
}