{
  "symbol": "CCI",
  "statement": "ic",
  "frequency": "annual",
  "timestamp": "2025-09-19T13:58:42.417271",
  "data": {
    "financials": [
      {
        "costOfGoodsSold": 1847,
        "depreciationAmortization": 1738,
        "dilutedAverageSharesOutstanding": 434,
        "dilutedEPS": -8.9931,
        "ebit": 2277,
        "grossIncome": 4721,
        "interestExpense": 932,
        "interestIncomeExpense": -913,
        "netIncome": -3903,
        "netIncomeAfterTaxes": -3903,
        "nonRecurringItems": -5215,
        "period": "2024-12-31",
        "pretaxIncome": -3879,
        "provisionforIncomeTaxes": 24,
        "revenue": 6568,
        "sgaExpense": 706,
        "totalOperatingExpense": 2444,
        "totalOtherIncomeExpenseNet": -28,
        "year": 2024
      },
      {
        "costOfGoodsSold": 1980,
        "depreciationAmortization": 1754,
        "dilutedAverageSharesOutstanding": 434,
        "dilutedEPS": 3.4608,
        "ebit": 2488,
        "grossIncome": 5001,
        "interestExpense": 850,
        "interestIncomeExpense": -835,
        "netIncome": 1502,
        "netIncomeAfterTaxes": 1502,
        "nonRecurringItems": -119,
        "period": "2023-12-31",
        "pretaxIncome": 1528,
        "provisionforIncomeTaxes": 26,
        "revenue": 6981,
        "sgaExpense": 759,
        "totalOperatingExpense": 2513,
        "totalOtherIncomeExpenseNet": -6,
        "year": 2023
      },
      {
        "costOfGoodsSold": 2068,
        "depreciationAmortization": 1707,
        "dilutedAverageSharesOutstanding": 434,
        "dilutedEPS": 3.86,
        "ebit": 2461,
        "grossIncome": 4918,
        "interestExpense": 699,
        "interestIncomeExpense": -696,
        "netIncome": 1675,
        "netIncomeAfterTaxes": 1675,
        "nonRecurringItems": -64,
        "otherOperatingExpensesTotal": 0,
        "period": "2022-12-31",
        "pretaxIncome": 1691,
        "provisionforIncomeTaxes": 16,
        "revenue": 6986,
        "sgaExpense": 750,
        "totalOperatingExpense": 2457,
        "totalOtherIncomeExpenseNet": -10,
        "year": 2022
      },
      {
        "costOfGoodsSold": 1993,
        "depreciationAmortization": 1644,
        "dilutedAverageSharesOutstanding": 434,
        "dilutedEPS": 2.52,
        "ebit": 2023,
        "grossIncome": 4347,
        "interestExpense": 657,
        "interestIncomeExpense": -656,
        "netIncome": 1096,
        "netIncomeAfterTaxes": 1158,
        "nonRecurringItems": -167,
        "otherOperatingExpensesTotal": 0,
        "period": "2021-12-31",
        "pretaxIncome": 1179,
        "provisionforIncomeTaxes": 21,
        "revenue": 6340,
        "sgaExpense": 680,
        "totalOperatingExpense": 2324,
        "totalOtherIncomeExpenseNet": -21,
        "year": 2021
      },
      {
        "costOfGoodsSold": 1969,
        "depreciationAmortization": 1608,
        "dilutedAverageSharesOutstanding": 425,
        "dilutedEPS": 2.35,
        "ebit": 1947,
        "grossIncome": 3871,
        "interestExpense": 689,
        "interestIncomeExpense": -687,
        "netIncome": 999,
        "netIncomeAfterTaxes": 1056,
        "nonRecurringItems": -179,
        "otherOperatingExpensesTotal": -362,
        "period": "2020-12-31",
        "pretaxIncome": 1076,
        "provisionforIncomeTaxes": 20,
        "revenue": 5840,
        "sgaExpense": 678,
        "totalOperatingExpense": 1924,
        "totalOtherIncomeExpenseNet": -5,
        "year": 2020
      },
      {
        "costOfGoodsSold": 1986,
        "depreciationAmortization": 1572,
        "dilutedAverageSharesOutstanding": 418,
        "dilutedEPS": 1.79,
        "ebit": 1591,
        "grossIncome": 3777,
        "interestExpense": 683,
        "interestIncomeExpense": -677,
        "netIncome": 747,
        "netIncomeAfterTaxes": 860,
        "nonRecurringItems": -34,
        "period": "2019-12-31",
        "pretaxIncome": 881,
        "provisionforIncomeTaxes": 21,
        "revenue": 5763,
        "sgaExpense": 614,
        "totalOperatingExpense": 2186,
        "totalOtherIncomeExpenseNet": 1,
        "year": 2019
      },
      {
        "costOfGoodsSold": 1844,
        "depreciationAmortization": 1527,
        "dilutedAverageSharesOutstanding": 415,
        "dilutedEPS": 1.23,
        "ebit": 1436,
        "grossIncome": 3526,
        "interestExpense": 642,
        "interestIncomeExpense": -637,
        "netIncome": 509,
        "netIncomeAfterTaxes": 622,
        "nonRecurringItems": -159,
        "period": "2018-12-31",
        "pretaxIncome": 641,
        "provisionforIncomeTaxes": 19,
        "revenue": 5370,
        "sgaExpense": 563,
        "totalOperatingExpense": 2090,
        "totalOtherIncomeExpenseNet": 1,
        "year": 2018
      },
      {
        "costOfGoodsSold": 1543,
        "depreciationAmortization": 1241,
        "dilutedAverageSharesOutstanding": 383,
        "dilutedEPS": 0.8,
        "ebit": 1045,
        "grossIncome": 2712,
        "interestExpense": 589,
        "interestIncomeExpense": -570,
        "netIncome": 308,
        "netIncomeAfterTaxes": 381,
        "nonRecurringItems": -82,
        "period": "2017-12-31",
        "pretaxIncome": 392,
        "provisionforIncomeTaxes": 11,
        "revenue": 4255,
        "sgaExpense": 426,
        "totalOperatingExpense": 1667,
        "totalOtherIncomeExpenseNet": -1,
        "year": 2017
      },
      {
        "costOfGoodsSold": 1440.5,
        "depreciationAmortization": 1108.6,
        "dilutedAverageSharesOutstanding": 340.9,
        "dilutedEPS": 0.95,
        "ebit": 1001.1,
        "grossIncome": 2480.7,
        "interestExpense": 515.032,
        "interestIncomeExpense": -514.2,
        "netIncome": 324,
        "netIncomeAfterTaxes": 357,
        "nonRecurringItems": -104.2,
        "period": "2016-12-31",
        "pretaxIncome": 373.9,
        "provisionforIncomeTaxes": 16.9,
        "revenue": 3921.2,
        "sgaExpense": 371,
        "totalOperatingExpense": 1479.6,
        "totalOtherIncomeExpenseNet": -8.8,
        "year": 2016
      },
      {
        "costOfGoodsSold": 1321.4,
        "depreciationAmortization": 1036.2,
        "dilutedAverageSharesOutstanding": 334.1,
        "dilutedEPS": 4.42,
        "ebit": 995.3,
        "grossIncome": 2342.4,
        "interestExpense": 509.432,
        "interestIncomeExpense": -526.3,
        "netIncome": 1477,
        "netIncomeAfterTaxes": 525.3,
        "nonRecurringItems": -53.3,
        "period": "2015-12-31",
        "pretaxIncome": 473.8,
        "provisionforIncomeTaxes": -51.5,
        "revenue": 3663.9,
        "sgaExpense": 310.9,
        "totalOperatingExpense": 1347.1,
        "totalOtherIncomeExpenseNet": 58.1,
        "year": 2015
      }
    ],
    "symbol": "CCI"
  }
}