{
  "symbol": "CZR",
  "statement": "ic",
  "frequency": "quarterly",
  "timestamp": "2025-09-19T13:57:17.593190",
  "data": {
    "financials": [
      {
        "costOfGoodsSold": 1506,
        "depreciationAmortization": 364,
        "dilutedAverageSharesOutstanding": 209,
        "dilutedEPS": -0.3923,
        "ebit": 560,
        "grossIncome": 1401,
        "interestExpense": 586,
        "interestIncomeExpense": -579,
        "minorityInterest": -17,
        "netIncome": -82,
        "netIncomeAfterTaxes": -65,
        "nonRecurringItems": -34,
        "period": "2025-06-30",
        "pretaxIncome": -52,
        "provisionforIncomeTaxes": 13,
        "revenue": 2907,
        "sgaExpense": 477,
        "totalOperatingExpense": 841,
        "totalOtherIncomeExpenseNet": 1
      },
      {
        "costOfGoodsSold": 1464,
        "depreciationAmortization": 357,
        "dilutedAverageSharesOutstanding": 212,
        "dilutedEPS": -0.5425,
        "ebit": 490,
        "grossIncome": 1330,
        "interestExpense": 580,
        "interestIncomeExpense": -574,
        "minorityInterest": -17,
        "netIncome": -115,
        "netIncomeAfterTaxes": -98,
        "nonRecurringItems": -2,
        "period": "2025-03-31",
        "pretaxIncome": -87,
        "provisionforIncomeTaxes": 11,
        "revenue": 2794,
        "sgaExpense": 483,
        "totalOperatingExpense": 840,
        "totalOtherIncomeExpenseNet": -1
      },
      {
        "costOfGoodsSold": 1469,
        "depreciationAmortization": 345,
        "dilutedAverageSharesOutstanding": 212,
        "dilutedEPS": 0.0519,
        "ebit": 508,
        "grossIncome": 1330,
        "interestExpense": 591,
        "interestIncomeExpense": -586,
        "minorityInterest": -13,
        "netIncome": 11,
        "netIncomeAfterTaxes": 24,
        "nonRecurringItems": 123,
        "period": "2024-12-31",
        "pretaxIncome": 43,
        "provisionforIncomeTaxes": 19,
        "revenue": 2799,
        "sgaExpense": 477,
        "totalOperatingExpense": 822,
        "totalOtherIncomeExpenseNet": -2
      },
      {
        "costOfGoodsSold": 1431,
        "depreciationAmortization": 326,
        "dilutedAverageSharesOutstanding": 215,
        "dilutedEPS": -0.0419,
        "ebit": 639,
        "grossIncome": 1443,
        "interestExpense": 598,
        "interestIncomeExpense": -596,
        "minorityInterest": -18,
        "netIncome": -9,
        "netIncomeAfterTaxes": 9,
        "nonRecurringItems": 5,
        "period": "2024-09-30",
        "pretaxIncome": 52,
        "provisionforIncomeTaxes": 43,
        "revenue": 2874,
        "sgaExpense": 478,
        "totalOperatingExpense": 804,
        "totalOtherIncomeExpenseNet": 4
      },
      {
        "costOfGoodsSold": 1402,
        "depreciationAmortization": 326,
        "dilutedAverageSharesOutstanding": 216,
        "dilutedEPS": -0.5648,
        "ebit": 637,
        "grossIncome": 1428,
        "interestExpense": 596,
        "interestIncomeExpense": -594,
        "minorityInterest": -20,
        "netIncome": -122,
        "netIncomeAfterTaxes": -102,
        "nonRecurringItems": -134,
        "period": "2024-06-30",
        "pretaxIncome": -92,
        "provisionforIncomeTaxes": 10,
        "revenue": 2830,
        "sgaExpense": 465,
        "totalOperatingExpense": 791,
        "totalOtherIncomeExpenseNet": -1
      },
      {
        "costOfGoodsSold": 1424,
        "depreciationAmortization": 327,
        "dilutedAverageSharesOutstanding": 216,
        "dilutedEPS": -0.7315,
        "ebit": 491,
        "grossIncome": 1318,
        "interestExpense": 592,
        "interestIncomeExpense": -590,
        "minorityInterest": -16,
        "netIncome": -158,
        "netIncomeAfterTaxes": -142,
        "nonRecurringItems": -54,
        "period": "2024-03-31",
        "pretaxIncome": -127,
        "provisionforIncomeTaxes": 15,
        "revenue": 2742,
        "sgaExpense": 500,
        "totalOperatingExpense": 827,
        "totalOtherIncomeExpenseNet": 26
      },
      {
        "costOfGoodsSold": 1449,
        "depreciationAmortization": 318,
        "dilutedAverageSharesOutstanding": 215,
        "dilutedEPS": -0.3349,
        "ebit": 582,
        "grossIncome": 1376,
        "interestExpense": 583,
        "interestIncomeExpense": -581,
        "minorityInterest": -16,
        "netIncome": -72,
        "netIncomeAfterTaxes": -56,
        "nonRecurringItems": -46,
        "period": "2023-12-31",
        "pretaxIncome": -40,
        "provisionforIncomeTaxes": 16,
        "revenue": 2825,
        "sgaExpense": 476,
        "totalOperatingExpense": 794,
        "totalOtherIncomeExpenseNet": 5
      },
      {
        "costOfGoodsSold": 1435,
        "depreciationAmortization": 320,
        "dilutedAverageSharesOutstanding": 216,
        "dilutedEPS": 0.3426,
        "ebit": 711,
        "grossIncome": 1559,
        "interestExpense": 584,
        "interestIncomeExpense": -581,
        "minorityInterest": -18,
        "netIncome": 74,
        "netIncomeAfterTaxes": 92,
        "nonRecurringItems": 10,
        "period": "2023-09-30",
        "pretaxIncome": 139,
        "provisionforIncomeTaxes": 47,
        "revenue": 2994,
        "sgaExpense": 528,
        "totalOperatingExpense": 848,
        "totalOtherIncomeExpenseNet": -1
      },
      {
        "costOfGoodsSold": 1415,
        "depreciationAmortization": 323,
        "dilutedAverageSharesOutstanding": 216,
        "dilutedEPS": 4.26,
        "ebit": 642,
        "grossIncome": 1464,
        "interestExpense": 589,
        "interestIncomeExpense": -586,
        "minorityInterest": -8,
        "netIncome": 920,
        "netIncomeAfterTaxes": 928,
        "nonRecurringItems": -33,
        "period": "2023-06-30",
        "pretaxIncome": 26,
        "provisionforIncomeTaxes": -902,
        "revenue": 2879,
        "sgaExpense": 499,
        "totalOperatingExpense": 822,
        "totalOtherIncomeExpenseNet": 3
      },
      {
        "costOfGoodsSold": 1402,
        "depreciationAmortization": 300,
        "dilutedAverageSharesOutstanding": 215,
        "dilutedEPS": -0.63,
        "ebit": 619,
        "grossIncome": 1428,
        "interestExpense": 598,
        "interestIncomeExpense": -594,
        "minorityInterest": 0,
        "netIncome": -136,
        "netIncomeAfterTaxes": -136,
        "nonRecurringItems": -213,
        "period": "2023-03-31",
        "pretaxIncome": -185,
        "provisionforIncomeTaxes": -49,
        "revenue": 2830,
        "sgaExpense": 509,
        "totalOperatingExpense": 809,
        "totalOtherIncomeExpenseNet": 3
      },
      {
        "costOfGoodsSold": 1379,
        "depreciationAmortization": 295,
        "dilutedAverageSharesOutstanding": 214,
        "dilutedEPS": -0.69,
        "ebit": 624,
        "grossIncome": 1442,
        "interestIncomeExpense": -585,
        "minorityInterest": 14,
        "netIncome": -148,
        "netIncomeAfterTaxes": -162,
        "nonRecurringItems": -188,
        "period": "2022-12-31",
        "pretaxIncome": -156,
        "provisionforIncomeTaxes": 6,
        "revenue": 2821,
        "sgaExpense": 523,
        "totalOperatingExpense": 818,
        "totalOtherIncomeExpenseNet": -7
      },
      {
        "costOfGoodsSold": 1388,
        "depreciationAmortization": 304,
        "dilutedAverageSharesOutstanding": 215,
        "dilutedEPS": 0.24,
        "ebit": 666,
        "grossIncome": 1499,
        "interestIncomeExpense": -569,
        "minorityInterest": -1,
        "netIncome": 52,
        "netIncomeAfterTaxes": 53,
        "nonRecurringItems": -40,
        "period": "2022-09-30",
        "pretaxIncome": 61,
        "provisionforIncomeTaxes": 8,
        "revenue": 2887,
        "sgaExpense": 529,
        "totalOperatingExpense": 833,
        "totalOtherIncomeExpenseNet": 4
      },
      {
        "costOfGoodsSold": 1382,
        "depreciationAmortization": 306,
        "dilutedAverageSharesOutstanding": 214,
        "dilutedEPS": -0.57,
        "ebit": 616,
        "grossIncome": 1439,
        "interestIncomeExpense": -559,
        "minorityInterest": -2,
        "netIncome": -123,
        "netIncomeAfterTaxes": 36,
        "nonRecurringItems": -14,
        "period": "2022-06-30",
        "pretaxIncome": 88,
        "provisionforIncomeTaxes": 52,
        "revenue": 2821,
        "sgaExpense": 517,
        "totalOperatingExpense": 823,
        "totalOtherIncomeExpenseNet": 45
      },
      {
        "costOfGoodsSold": 1538,
        "depreciationAmortization": 300,
        "dilutedAverageSharesOutstanding": 214,
        "dilutedEPS": -3.17,
        "ebit": -45,
        "grossIncome": 754,
        "interestIncomeExpense": -586,
        "minorityInterest": 0,
        "netIncome": -680,
        "netIncomeAfterTaxes": -451,
        "nonRecurringItems": 35,
        "period": "2022-03-31",
        "pretaxIncome": -558,
        "provisionforIncomeTaxes": -107,
        "revenue": 2292,
        "sgaExpense": 499,
        "totalOperatingExpense": 799,
        "totalOtherIncomeExpenseNet": 38
      },
      {
        "costOfGoodsSold": 1554,
        "depreciationAmortization": 284,
        "dilutedAverageSharesOutstanding": 211,
        "dilutedEPS": -2.05,
        "ebit": 255,
        "grossIncome": 1037,
        "interestExpense": 561,
        "interestIncomeExpense": -561,
        "minorityInterest": -1,
        "netIncome": -434,
        "netIncomeAfterTaxes": -441,
        "nonRecurringItems": -229,
        "period": "2021-12-31",
        "pretaxIncome": -557,
        "provisionforIncomeTaxes": -116,
        "revenue": 2591,
        "sgaExpense": 498,
        "totalOperatingExpense": 782,
        "totalOtherIncomeExpenseNet": -22
      },
      {
        "costOfGoodsSold": 1370,
        "depreciationAmortization": 276,
        "dilutedAverageSharesOutstanding": 214,
        "dilutedEPS": -1.07,
        "ebit": 553,
        "grossIncome": 1315,
        "interestExpense": 579,
        "interestIncomeExpense": -579,
        "minorityInterest": -2,
        "netIncome": -233,
        "netIncomeAfterTaxes": -227,
        "nonRecurringItems": -138,
        "period": "2021-09-30",
        "pretaxIncome": -317,
        "provisionforIncomeTaxes": -90,
        "revenue": 2685,
        "sgaExpense": 486,
        "totalOperatingExpense": 762,
        "totalOtherIncomeExpenseNet": -153
      },
      {
        "costOfGoodsSold": 1121,
        "depreciationAmortization": 301,
        "dilutedAverageSharesOutstanding": 211,
        "dilutedEPS": 0.34,
        "ebit": 662,
        "grossIncome": 1381,
        "interestExpense": 576,
        "interestIncomeExpense": -576,
        "minorityInterest": 1,
        "netIncome": 72,
        "netIncomeAfterTaxes": 100,
        "nonRecurringItems": -95,
        "period": "2021-06-30",
        "pretaxIncome": 101,
        "provisionforIncomeTaxes": 1,
        "revenue": 2502,
        "sgaExpense": 418,
        "totalOperatingExpense": 719,
        "totalOtherIncomeExpenseNet": 110
      },
      {
        "costOfGoodsSold": 911,
        "depreciationAmortization": 265,
        "dilutedAverageSharesOutstanding": 209,
        "dilutedEPS": -2.01,
        "ebit": 236,
        "grossIncome": 881,
        "interestExpense": 579,
        "interestIncomeExpense": -580,
        "minorityInterest": -1,
        "netIncome": -424,
        "netIncomeAfterTaxes": -418,
        "nonRecurringItems": -20,
        "period": "2021-03-31",
        "pretaxIncome": -496,
        "provisionforIncomeTaxes": -78,
        "revenue": 1792,
        "sgaExpense": 380,
        "totalOperatingExpense": 645,
        "totalOtherIncomeExpenseNet": -132
      },
      {
        "costOfGoodsSold": 930,
        "depreciationAmortization": 261,
        "dilutedAverageSharesOutstanding": 208,
        "dilutedEPS": -2.66,
        "ebit": 53,
        "grossIncome": 721,
        "interestExpense": 594,
        "interestIncomeExpense": -594,
        "minorityInterest": 2,
        "netIncome": -555,
        "netIncomeAfterTaxes": -538,
        "nonRecurringItems": -106,
        "period": "2020-12-31",
        "pretaxIncome": -470,
        "provisionforIncomeTaxes": 68,
        "revenue": 1651,
        "sgaExpense": 407,
        "totalOperatingExpense": 668,
        "totalOtherIncomeExpenseNet": 177
      },
      {
        "costOfGoodsSold": 757,
        "depreciationAmortization": 223,
        "dilutedAverageSharesOutstanding": 152,
        "dilutedEPS": -6.09,
        "ebit": 67,
        "grossIncome": 620,
        "interestExpense": 473,
        "interestIncomeExpense": -473,
        "minorityInterest": -1,
        "netIncome": -926,
        "netIncomeAfterTaxes": -924,
        "nonRecurringItems": -392,
        "period": "2020-09-30",
        "pretaxIncome": -789,
        "provisionforIncomeTaxes": 135,
        "revenue": 1377,
        "sgaExpense": 330,
        "totalOperatingExpense": 553,
        "totalOtherIncomeExpenseNet": 9
      },
      {
        "costOfGoodsSold": 93.7,
        "depreciationAmortization": 48.6,
        "dilutedAverageSharesOutstanding": 179.5,
        "dilutedEPS": -0.55,
        "ebit": -63.5,
        "grossIncome": 33.3,
        "interestExpense": 68.536,
        "interestIncomeExpense": -45.5,
        "netIncome": -100.4,
        "netIncomeAfterTaxes": -100.4,
        "nonRecurringItems": -15.2,
        "period": "2020-06-30",
        "pretaxIncome": -134.2,
        "provisionforIncomeTaxes": -33.8,
        "revenue": 126.9,
        "sgaExpense": 48.4,
        "totalOperatingExpense": 96.7,
        "totalOtherIncomeExpenseNet": -10
      },
      {
        "costOfGoodsSold": 260.3,
        "depreciationAmortization": 50.4,
        "dilutedAverageSharesOutstanding": 78,
        "dilutedEPS": -2.25,
        "ebit": 45.8,
        "grossIncome": 212.7,
        "interestExpense": 66.464,
        "interestIncomeExpense": -89.8,
        "netIncome": -175.6,
        "netIncomeAfterTaxes": -175.6,
        "nonRecurringItems": -168.8,
        "period": "2020-03-31",
        "pretaxIncome": -212.8,
        "provisionforIncomeTaxes": -37.2,
        "revenue": 473.1,
        "sgaExpense": 116.6,
        "totalOperatingExpense": 167
      },
      {
        "costOfGoodsSold": 294.8,
        "depreciationAmortization": 54.6,
        "dilutedAverageSharesOutstanding": 77.7,
        "dilutedEPS": -0.17,
        "ebit": 94.3,
        "grossIncome": 297.4,
        "interestExpense": 69.043,
        "interestIncomeExpense": -61,
        "netIncome": -13.2,
        "netIncomeAfterTaxes": -13.2,
        "nonRecurringItems": -41.4,
        "period": "2019-12-31",
        "pretaxIncome": -8.1,
        "provisionforIncomeTaxes": 5.1,
        "revenue": 592.1,
        "sgaExpense": 148.4,
        "totalOperatingExpense": 203
      },
      {
        "costOfGoodsSold": 315.4,
        "depreciationAmortization": 52.6,
        "dilutedAverageSharesOutstanding": 78.4,
        "dilutedEPS": 0.47,
        "ebit": 139.1,
        "grossIncome": 347.8,
        "interestExpense": 71.897,
        "interestIncomeExpense": -70.1,
        "netIncome": 37.1,
        "netIncomeAfterTaxes": 37.1,
        "nonRecurringItems": -13.9,
        "period": "2019-09-30",
        "pretaxIncome": 55.1,
        "provisionforIncomeTaxes": 18.1,
        "revenue": 663.2,
        "sgaExpense": 156.1,
        "totalOperatingExpense": 208.7
      },
      {
        "costOfGoodsSold": 319.6,
        "depreciationAmortization": 56.5,
        "dilutedAverageSharesOutstanding": 78.7,
        "dilutedEPS": 0.24,
        "ebit": 111.5,
        "grossIncome": 317.5,
        "interestExpense": 71.798,
        "interestIncomeExpense": -74.4,
        "netIncome": 18.9,
        "netIncomeAfterTaxes": 18.9,
        "nonRecurringItems": -7.7,
        "period": "2019-06-30",
        "pretaxIncome": 29.4,
        "provisionforIncomeTaxes": 10.4,
        "revenue": 637.1,
        "sgaExpense": 149.5,
        "totalOperatingExpense": 206.1
      },
      {
        "costOfGoodsSold": 322.3,
        "depreciationAmortization": 57.8,
        "dilutedAverageSharesOutstanding": 78.6,
        "dilutedEPS": 0.49,
        "ebit": 103.5,
        "grossIncome": 313.5,
        "interestExpense": 73.51,
        "interestIncomeExpense": -74.4,
        "netIncome": 38.2,
        "netIncomeAfterTaxes": 38.2,
        "nonRecurringItems": 19.5,
        "period": "2019-03-31",
        "pretaxIncome": 48.6,
        "provisionforIncomeTaxes": 10.4,
        "revenue": 635.8,
        "sgaExpense": 152.2,
        "totalOperatingExpense": 210
      },
      {
        "costOfGoodsSold": 349.5,
        "depreciationAmortization": 58.2,
        "dilutedAverageSharesOutstanding": 77.5,
        "dilutedEPS": 0,
        "ebit": 98,
        "grossIncome": 322.2,
        "interestExpense": 75.153,
        "interestIncomeExpense": -77.8,
        "netIncome": -0.1,
        "netIncomeAfterTaxes": -0.1,
        "nonRecurringItems": -11.2,
        "period": "2018-12-31",
        "pretaxIncome": 9,
        "provisionforIncomeTaxes": 9.1,
        "revenue": 671.8,
        "sgaExpense": 166,
        "totalOperatingExpense": 224.2
      },
      {
        "costOfGoodsSold": 258,
        "depreciationAmortization": 35.8,
        "dilutedAverageSharesOutstanding": 78.3,
        "dilutedEPS": 0.48,
        "ebit": 94.9,
        "grossIncome": 229.3,
        "interestExpense": 34.085,
        "interestIncomeExpense": -34.2,
        "netIncome": 37.7,
        "netIncomeAfterTaxes": 37.7,
        "nonRecurringItems": -3,
        "period": "2018-09-30",
        "pretaxIncome": 57.7,
        "provisionforIncomeTaxes": 20,
        "revenue": 487.3,
        "sgaExpense": 98.7,
        "totalOperatingExpense": 134.4
      },
      {
        "costOfGoodsSold": 249,
        "depreciationAmortization": 31.9,
        "dilutedAverageSharesOutstanding": 78.3,
        "dilutedEPS": 0.47,
        "ebit": 80.4,
        "grossIncome": 207.9,
        "interestExpense": 31.405,
        "interestIncomeExpense": -31.4,
        "netIncome": 36.8,
        "netIncomeAfterTaxes": 36.8,
        "nonRecurringItems": -3,
        "period": "2018-06-30",
        "pretaxIncome": 46,
        "provisionforIncomeTaxes": 9.2,
        "revenue": 456.8,
        "sgaExpense": 95.6,
        "totalOperatingExpense": 127.4
      },
      {
        "costOfGoodsSold": 245.8,
        "depreciationAmortization": 31.5,
        "dilutedAverageSharesOutstanding": 78.2,
        "dilutedEPS": 0.27,
        "ebit": 67.3,
        "grossIncome": 194.4,
        "interestExpense": 31.089,
        "interestIncomeExpense": -31.2,
        "netIncome": 20.9,
        "netIncomeAfterTaxes": 20.9,
        "nonRecurringItems": -13.2,
        "period": "2018-03-31",
        "pretaxIncome": 22.9,
        "provisionforIncomeTaxes": 2.1,
        "revenue": 440.2,
        "sgaExpense": 95.5,
        "totalOperatingExpense": 127.1
      },
      {
        "costOfGoodsSold": 244.2,
        "depreciationAmortization": 36.3,
        "dilutedAverageSharesOutstanding": 80.9,
        "dilutedEPS": 1.09,
        "ebit": 51.8,
        "grossIncome": 185.7,
        "interestExpense": 30.389,
        "interestIncomeExpense": -30.5,
        "netIncome": 88.9,
        "netIncomeAfterTaxes": -23,
        "nonRecurringItems": -23,
        "period": "2017-12-31",
        "pretaxIncome": -1.7,
        "provisionforIncomeTaxes": 21.2,
        "revenue": 429.9,
        "sgaExpense": 97.8,
        "totalOperatingExpense": 133.9
      },
      {
        "costOfGoodsSold": 258.1,
        "depreciationAmortization": 29.1,
        "dilutedAverageSharesOutstanding": 78,
        "dilutedEPS": 0.38,
        "ebit": 83.6,
        "grossIncome": 214.8,
        "interestExpense": 29.183,
        "interestIncomeExpense": -29.2,
        "netIncome": 29.7,
        "netIncomeAfterTaxes": 29.7,
        "nonRecurringItems": -12.1,
        "period": "2017-09-30",
        "pretaxIncome": 42.3,
        "provisionforIncomeTaxes": 12.6,
        "revenue": 472.9,
        "sgaExpense": 102.1,
        "totalOperatingExpense": 131.2
      },
      {
        "costOfGoodsSold": 213.2,
        "depreciationAmortization": 24.9,
        "dilutedAverageSharesOutstanding": 67.5,
        "dilutedEPS": -0.68,
        "ebit": 55.2,
        "grossIncome": 162.5,
        "interestExpense": 27.527,
        "interestIncomeExpense": -27.6,
        "netIncome": -46.2,
        "netIncomeAfterTaxes": -46.2,
        "nonRecurringItems": -112.9,
        "period": "2017-06-30",
        "pretaxIncome": -85.3,
        "provisionforIncomeTaxes": -39.1,
        "revenue": 375.6,
        "sgaExpense": 82.4,
        "totalOperatingExpense": 107.2
      },
      {
        "costOfGoodsSold": 129,
        "depreciationAmortization": 15.6,
        "dilutedAverageSharesOutstanding": 48.1,
        "dilutedEPS": 0.02,
        "ebit": 15.8,
        "grossIncome": 73.4,
        "interestExpense": 12.67,
        "interestIncomeExpense": -12.9,
        "netIncome": 0.9,
        "netIncomeAfterTaxes": 0.9,
        "nonRecurringItems": -1.6,
        "period": "2017-03-31",
        "pretaxIncome": 1.4,
        "provisionforIncomeTaxes": 0.4,
        "revenue": 202.4,
        "sgaExpense": 41.9,
        "totalOperatingExpense": 57.6
      },
      {
        "costOfGoodsSold": 131.6,
        "depreciationAmortization": 15.9,
        "dilutedAverageSharesOutstanding": 47.6,
        "dilutedEPS": 0.02,
        "ebit": 17.1,
        "grossIncome": 74.9,
        "interestExpense": 12.542,
        "interestIncomeExpense": -12.5,
        "minorityInterest": 0,
        "netIncome": 1,
        "netIncomeAfterTaxes": 1,
        "nonRecurringItems": -4,
        "period": "2016-12-31",
        "pretaxIncome": 0.6,
        "provisionforIncomeTaxes": -0.4,
        "revenue": 206.5,
        "sgaExpense": 42,
        "totalOperatingExpense": 57.8
      },
      {
        "costOfGoodsSold": 147.5,
        "depreciationAmortization": 15.8,
        "dilutedAverageSharesOutstanding": 47.8,
        "dilutedEPS": 0.2,
        "ebit": 32.8,
        "grossIncome": 94.1,
        "interestExpense": 12.589,
        "interestIncomeExpense": -12.6,
        "netIncome": 9.7,
        "netIncomeAfterTaxes": 9.7,
        "nonRecurringItems": -4.7,
        "period": "2016-09-30",
        "pretaxIncome": 15.5,
        "provisionforIncomeTaxes": 5.8,
        "revenue": 241.6,
        "sgaExpense": 45.4,
        "totalOperatingExpense": 61.3
      },
      {
        "costOfGoodsSold": 143,
        "depreciationAmortization": 15.6,
        "dilutedAverageSharesOutstanding": 47.7,
        "dilutedEPS": 0.23,
        "ebit": 30.6,
        "grossIncome": 88.3,
        "interestExpense": 12.795,
        "interestIncomeExpense": -12.8,
        "netIncome": 10.8,
        "netIncomeAfterTaxes": 10.8,
        "nonRecurringItems": -1,
        "period": "2016-06-30",
        "pretaxIncome": 16.8,
        "provisionforIncomeTaxes": 6,
        "revenue": 231.3,
        "sgaExpense": 42.1,
        "totalOperatingExpense": 57.7
      },
      {
        "costOfGoodsSold": 137.4,
        "depreciationAmortization": 16.2,
        "dilutedAverageSharesOutstanding": 47.5,
        "dilutedEPS": 0.07,
        "ebit": 18.7,
        "grossIncome": 76.1,
        "interestExpense": 12.991,
        "interestIncomeExpense": -13,
        "netIncome": 3.4,
        "netIncomeAfterTaxes": 3.4,
        "nonRecurringItems": -0.5,
        "period": "2016-03-31",
        "pretaxIncome": 5.2,
        "provisionforIncomeTaxes": 1.8,
        "revenue": 213.6,
        "sgaExpense": 41.2,
        "totalOperatingExpense": 57.5
      },
      {
        "costOfGoodsSold": 116.3,
        "depreciationAmortization": 14.5,
        "dilutedAverageSharesOutstanding": 48.2,
        "dilutedEPS": 2.29,
        "ebit": 31.2,
        "grossIncome": 69.8,
        "interestExpense": 12.612,
        "interestIncomeExpense": -12.3,
        "minorityInterest": 0,
        "netIncome": 110.2,
        "netIncomeAfterTaxes": 110.2,
        "nonRecurringItems": 17.2,
        "period": "2015-12-31",
        "pretaxIncome": 36.1,
        "provisionforIncomeTaxes": -74,
        "revenue": 186.2,
        "sgaExpense": 24.2,
        "totalOperatingExpense": 38.6
      },
      {
        "costOfGoodsSold": 112.9,
        "depreciationAmortization": 14,
        "dilutedAverageSharesOutstanding": 46.8,
        "dilutedEPS": 0.12,
        "ebit": 22,
        "grossIncome": 70.6,
        "interestExpense": 14.482,
        "interestIncomeExpense": -12,
        "netIncome": 5.4,
        "netIncomeAfterTaxes": 5.4,
        "nonRecurringItems": -2.2,
        "period": "2015-09-30",
        "pretaxIncome": 7.8,
        "provisionforIncomeTaxes": 2.4,
        "revenue": 183.5,
        "sgaExpense": 34.8,
        "totalOperatingExpense": 48.6
      }
    ],
    "symbol": "CZR"
  }
}