{
  "symbol": "REG",
  "statement": "ic",
  "frequency": "annual",
  "timestamp": "2025-09-19T14:06:07.519762",
  "data": {
    "financials": [
      {
        "costOfGoodsSold": 433.052,
        "depreciationAmortization": 394.714,
        "dilutedAverageSharesOutstanding": 183.04,
        "dilutedEPS": 2.1129,
        "ebit": 513.806,
        "gainLossOnDispositionOfAssets": 34.162,
        "grossIncome": 1020.852,
        "interestExpense": 189.023,
        "interestIncomeExpense": -123.644,
        "minorityInterest": -9.452,
        "netIncome": 386.738,
        "netIncomeAfterTaxes": 409.84,
        "nonRecurringItems": -14.484,
        "otherOperatingExpensesTotal": 10.867,
        "period": "2024-12-31",
        "pretaxIncome": 409.84,
        "revenue": 1453.904,
        "sgaExpense": 101.465,
        "totalOperatingExpense": 507.046,
        "year": 2024
      },
      {
        "costOfGoodsSold": 394.769,
        "depreciationAmortization": 352.282,
        "dilutedAverageSharesOutstanding": 176.371,
        "dilutedEPS": 2.0383,
        "ebit": 468.15,
        "gainLossOnDispositionOfAssets": 0.661,
        "grossIncome": 927.697,
        "interestExpense": 155.776,
        "interestIncomeExpense": -98.043,
        "minorityInterest": -6.31,
        "netIncome": 359.5,
        "netIncomeAfterTaxes": 370.867,
        "nonRecurringItems": 0.099,
        "otherOperatingExpensesTotal": 9.459,
        "period": "2023-12-31",
        "pretaxIncome": 370.867,
        "revenue": 1322.466,
        "sgaExpense": 97.806,
        "totalOperatingExpense": 459.547,
        "year": 2023
      },
      {
        "costOfGoodsSold": 345.943,
        "depreciationAmortization": 319.697,
        "dilutedAverageSharesOutstanding": 171.791,
        "dilutedEPS": 2.8108,
        "ebit": 472.313,
        "gainLossOnDispositionOfAssets": 109.005,
        "grossIncome": 878.079,
        "interestExpense": 146.695,
        "interestIncomeExpense": -93.283,
        "minorityInterest": -5.17,
        "netIncome": 482.865,
        "netIncomeAfterTaxes": 488.035,
        "nonRecurringItems": 0,
        "otherOperatingExpensesTotal": 6.166,
        "period": "2022-12-31",
        "pretaxIncome": 488.035,
        "revenue": 1224.022,
        "sgaExpense": 79.903,
        "totalOperatingExpense": 405.766,
        "year": 2022
      },
      {
        "costOfGoodsSold": 326.682,
        "depreciationAmortization": 303.331,
        "dilutedAverageSharesOutstanding": 170.694,
        "dilutedEPS": 2.1173,
        "ebit": 452.179,
        "gainLossOnDispositionOfAssets": 91.119,
        "grossIncome": 839.479,
        "interestExpense": 145.356,
        "interestIncomeExpense": -92.621,
        "minorityInterest": -4.877,
        "netIncome": 361.411,
        "netIncomeAfterTaxes": 366.288,
        "nonRecurringItems": -84.389,
        "otherOperatingExpensesTotal": 5.751,
        "period": "2021-12-31",
        "pretaxIncome": 366.288,
        "revenue": 1166.161,
        "sgaExpense": 78.218,
        "totalOperatingExpense": 387.3,
        "year": 2021
      },
      {
        "costOfGoodsSold": 313.1,
        "depreciationAmortization": 345.9,
        "dilutedAverageSharesOutstanding": 169.5,
        "dilutedEPS": 0.26,
        "ebit": 269.6,
        "gainLossOnDispositionOfAssets": 67.5,
        "grossIncome": 703.1,
        "interestExpense": 153.949,
        "interestIncomeExpense": -117.2,
        "minorityInterest": -2.4,
        "netIncome": 44.9,
        "netIncomeAfterTaxes": 47.3,
        "nonRecurringItems": -172.5,
        "otherOperatingExpensesTotal": 12.6,
        "period": "2020-12-31",
        "pretaxIncome": 47.3,
        "revenue": 1016.2,
        "sgaExpense": 75,
        "totalOperatingExpense": 433.5,
        "year": 2020
      },
      {
        "costOfGoodsSold": 306.1,
        "depreciationAmortization": 374.3,
        "dilutedAverageSharesOutstanding": 167.8,
        "dilutedEPS": 1.43,
        "ebit": 370,
        "gainLossOnDispositionOfAssets": 24.2,
        "grossIncome": 827,
        "interestExpense": 144.769,
        "interestIncomeExpense": -84.7,
        "minorityInterest": -3.8,
        "netIncome": 239.4,
        "netIncomeAfterTaxes": 243.3,
        "nonRecurringItems": -66.2,
        "otherOperatingExpensesTotal": 7.8,
        "period": "2019-12-31",
        "pretaxIncome": 243.3,
        "provisionforIncomeTaxes": 0,
        "revenue": 1133.1,
        "sgaExpense": 75,
        "totalOperatingExpense": 457.1,
        "year": 2019
      },
      {
        "costOfGoodsSold": 305.9,
        "depreciationAmortization": 359.7,
        "dilutedAverageSharesOutstanding": 170.1,
        "dilutedEPS": 1.46,
        "ebit": 380.2,
        "gainLossOnDispositionOfAssets": 28.3,
        "grossIncome": 815.1,
        "interestExpense": 141.278,
        "interestIncomeExpense": -106.6,
        "minorityInterest": -3.2,
        "netIncome": 249.1,
        "netIncomeAfterTaxes": 252.3,
        "nonRecurringItems": -49.6,
        "otherOperatingExpensesTotal": 9.7,
        "period": "2018-12-31",
        "pretaxIncome": 252.3,
        "provisionforIncomeTaxes": 0,
        "revenue": 1121,
        "sgaExpense": 65.5,
        "totalOperatingExpense": 434.9,
        "year": 2018
      },
      {
        "costOfGoodsSold": 253.7,
        "depreciationAmortization": 334.2,
        "dilutedAverageSharesOutstanding": 160,
        "dilutedEPS": 0.99,
        "ebit": 239.5,
        "grossIncome": 730.6,
        "interestExpense": 126.032,
        "interestIncomeExpense": -85.3,
        "minorityInterest": -2.9,
        "netIncome": 159.9,
        "netIncomeAfterTaxes": 141.8,
        "nonRecurringItems": -12.4,
        "otherOperatingExpensesTotal": 89.2,
        "period": "2017-12-31",
        "pretaxIncome": 141.8,
        "provisionforIncomeTaxes": 0,
        "revenue": 984.3,
        "sgaExpense": 67.6,
        "totalOperatingExpense": 491.1,
        "year": 2017
      },
      {
        "costOfGoodsSold": 161.4,
        "depreciationAmortization": 162.3,
        "dilutedAverageSharesOutstanding": 101.3,
        "dilutedEPS": 1.42,
        "ebit": 211.2,
        "grossIncome": 453,
        "interestExpense": 83.484,
        "interestIncomeExpense": -73.1,
        "minorityInterest": -2.1,
        "netIncome": 143.9,
        "netIncomeAfterTaxes": 119.7,
        "nonRecurringItems": -18.4,
        "otherOperatingExpensesTotal": 14.1,
        "period": "2016-12-31",
        "pretaxIncome": 119.7,
        "provisionforIncomeTaxes": 0,
        "revenue": 614.4,
        "sgaExpense": 65.3,
        "totalOperatingExpense": 241.8,
        "year": 2016
      },
      {
        "costOfGoodsSold": 144.8,
        "depreciationAmortization": 146.8,
        "dilutedAverageSharesOutstanding": 94.9,
        "dilutedEPS": 1.36,
        "ebit": 204.6,
        "grossIncome": 424.9,
        "interestExpense": 95.312,
        "interestIncomeExpense": -79.5,
        "minorityInterest": -2.5,
        "netIncome": 129,
        "netIncomeAfterTaxes": 116.9,
        "nonRecurringItems": -8.2,
        "otherOperatingExpensesTotal": 7.8,
        "period": "2015-12-31",
        "pretaxIncome": 116.9,
        "provisionforIncomeTaxes": 0,
        "revenue": 569.8,
        "sgaExpense": 65.6,
        "totalOperatingExpense": 220.3,
        "year": 2015
      }
    ],
    "symbol": "REG"
  }
}