{
  "symbol": "AES",
  "statement": "ic",
  "frequency": "quarterly",
  "timestamp": "2025-09-19T13:55:17.927562",
  "data": {
    "financials": [
      {
        "costOfGoodsSold": 2399,
        "dilutedAverageSharesOutstanding": 712,
        "dilutedEPS": -0.1475,
        "ebit": 398,
        "equityEarningsAffiliates": -22,
        "grossIncome": 456,
        "interestIncomeExpense": -358,
        "minorityInterest": 55,
        "netIncome": -105,
        "netIncomeAfterTaxes": -128,
        "nonRecurringItems": 9,
        "otherOperatingExpensesTotal": 10,
        "period": "2025-06-30",
        "pretaxIncome": 39,
        "provisionforIncomeTaxes": 167,
        "revenue": 2855,
        "sgaExpense": 48,
        "totalOperatingExpense": 58,
        "totalOtherIncomeExpenseNet": -10
      },
      {
        "costOfGoodsSold": 2445,
        "dilutedAverageSharesOutstanding": 713,
        "dilutedEPS": 0.0645,
        "ebit": 418,
        "equityEarningsAffiliates": -34,
        "grossIncome": 481,
        "interestExpense": 342,
        "interestIncomeExpense": -283,
        "minorityInterest": 119,
        "netIncome": 46,
        "netIncomeAfterTaxes": -39,
        "nonRecurringItems": -157,
        "otherOperatingExpensesTotal": -6,
        "period": "2025-03-31",
        "pretaxIncome": -22,
        "provisionforIncomeTaxes": 17,
        "revenue": 2926,
        "sgaExpense": 69,
        "totalOperatingExpense": 63
      },
      {
        "costOfGoodsSold": 2542,
        "dilutedAverageSharesOutstanding": 713,
        "dilutedEPS": 0.7854,
        "ebit": 317,
        "equityEarningsAffiliates": -5,
        "grossIncome": 420,
        "interestExpense": 360,
        "interestIncomeExpense": -262,
        "minorityInterest": 207,
        "netIncome": 560,
        "netIncomeAfterTaxes": 358,
        "nonRecurringItems": 310,
        "otherOperatingExpensesTotal": 13,
        "period": "2024-12-31",
        "pretaxIncome": 365,
        "provisionforIncomeTaxes": 7,
        "revenue": 2962,
        "sgaExpense": 90,
        "totalOperatingExpense": 103,
        "totalOtherIncomeExpenseNet": 0
      },
      {
        "costOfGoodsSold": 2567,
        "dilutedAverageSharesOutstanding": 713,
        "dilutedEPS": 0.7139,
        "ebit": 725,
        "equityEarningsAffiliates": -9,
        "grossIncome": 722,
        "interestExpense": 379,
        "interestIncomeExpense": -288,
        "minorityInterest": 292,
        "netIncome": 502,
        "netIncomeAfterTaxes": 226,
        "nonRecurringItems": -108,
        "otherOperatingExpensesTotal": -60,
        "period": "2024-09-30",
        "pretaxIncome": 329,
        "provisionforIncomeTaxes": 103,
        "revenue": 3289,
        "sgaExpense": 57,
        "totalOperatingExpense": -3
      },
      {
        "costOfGoodsSold": 2389,
        "dilutedAverageSharesOutstanding": 713,
        "dilutedEPS": 0.2595,
        "ebit": 429,
        "equityEarningsAffiliates": 3,
        "grossIncome": 553,
        "interestExpense": 389,
        "interestIncomeExpense": -263,
        "minorityInterest": 224,
        "netIncome": 185,
        "netIncomeAfterTaxes": -42,
        "nonRecurringItems": -243,
        "otherOperatingExpensesTotal": 58,
        "period": "2024-06-30",
        "pretaxIncome": -77,
        "provisionforIncomeTaxes": -35,
        "revenue": 2942,
        "sgaExpense": 66,
        "totalOperatingExpense": 124
      },
      {
        "costOfGoodsSold": 2466,
        "dilutedAverageSharesOutstanding": 712,
        "dilutedEPS": 0.6067,
        "ebit": 562,
        "equityEarningsAffiliates": -15,
        "grossIncome": 619,
        "interestExpense": 357,
        "interestIncomeExpense": -260,
        "minorityInterest": 154,
        "netIncome": 432,
        "netIncomeAfterTaxes": 293,
        "nonRecurringItems": -25,
        "otherOperatingExpensesTotal": -18,
        "period": "2024-03-31",
        "pretaxIncome": 277,
        "provisionforIncomeTaxes": -16,
        "revenue": 3085,
        "sgaExpense": 75,
        "totalOperatingExpense": 57
      },
      {
        "costOfGoodsSold": 2474,
        "dilutedAverageSharesOutstanding": 669,
        "dilutedEPS": -0.151,
        "ebit": 448,
        "equityEarningsAffiliates": 11,
        "grossIncome": 494,
        "interestExpense": 353,
        "interestIncomeExpense": -350,
        "minorityInterest": 549,
        "netIncome": -94,
        "netIncomeAfterTaxes": -661,
        "nonRecurringItems": -677,
        "otherOperatingExpensesTotal": -18,
        "period": "2023-12-31",
        "pretaxIncome": -579,
        "provisionforIncomeTaxes": 82,
        "revenue": 2968,
        "sgaExpense": 64,
        "totalOperatingExpense": 46,
        "totalOtherIncomeExpenseNet": 0
      },
      {
        "costOfGoodsSold": 2516,
        "dilutedAverageSharesOutstanding": 712,
        "dilutedEPS": 0.32,
        "ebit": 857,
        "equityEarningsAffiliates": -14,
        "grossIncome": 918,
        "interestExpense": 326,
        "interestIncomeExpense": -282,
        "minorityInterest": -60,
        "netIncome": 231,
        "netIncomeAfterTaxes": 305,
        "nonRecurringItems": -161,
        "otherOperatingExpensesTotal": -3,
        "period": "2023-09-30",
        "pretaxIncome": 414,
        "provisionforIncomeTaxes": 109,
        "revenue": 3434,
        "sgaExpense": 64,
        "totalOperatingExpense": 61
      },
      {
        "costOfGoodsSold": 2529,
        "dilutedAverageSharesOutstanding": 669,
        "dilutedEPS": -0.06,
        "ebit": 436,
        "equityEarningsAffiliates": -25,
        "grossIncome": 498,
        "interestExpense": 310,
        "interestIncomeExpense": -246,
        "minorityInterest": -20,
        "netIncome": -39,
        "netIncomeAfterTaxes": 6,
        "nonRecurringItems": -186,
        "otherOperatingExpensesTotal": -10,
        "period": "2023-06-30",
        "pretaxIncome": 4,
        "provisionforIncomeTaxes": -2,
        "revenue": 3027,
        "sgaExpense": 72,
        "totalOperatingExpense": 62
      },
      {
        "costOfGoodsSold": 2645,
        "dilutedAverageSharesOutstanding": 712,
        "dilutedEPS": 0.21,
        "ebit": 539,
        "equityEarningsAffiliates": -4,
        "grossIncome": 594,
        "interestExpense": 330,
        "interestIncomeExpense": -249,
        "minorityInterest": -38,
        "netIncome": 151,
        "netIncomeAfterTaxes": 193,
        "nonRecurringItems": -25,
        "otherOperatingExpensesTotal": 0,
        "period": "2023-03-31",
        "pretaxIncome": 265,
        "provisionforIncomeTaxes": 72,
        "revenue": 3239,
        "sgaExpense": 55,
        "totalOperatingExpense": 55
      },
      {
        "costOfGoodsSold": 2497,
        "dilutedAverageSharesOutstanding": 539,
        "dilutedEPS": -1.68,
        "ebit": 527,
        "equityEarningsAffiliates": -17,
        "grossIncome": 563,
        "interestExpense": 304,
        "interestIncomeExpense": -206,
        "minorityInterest": 83,
        "netIncome": -903,
        "netIncomeAfterTaxes": -969,
        "nonRecurringItems": -1036,
        "otherOperatingExpensesTotal": -22,
        "period": "2022-12-31",
        "pretaxIncome": -890,
        "provisionforIncomeTaxes": 79,
        "revenue": 3060,
        "sgaExpense": 58,
        "totalOperatingExpense": 36,
        "totalOtherIncomeExpenseNet": -175
      },
      {
        "costOfGoodsSold": 2735,
        "dilutedAverageSharesOutstanding": 711,
        "dilutedEPS": 0.59,
        "ebit": 843,
        "equityEarningsAffiliates": -26,
        "grossIncome": 892,
        "interestExpense": 276,
        "interestIncomeExpense": -168,
        "minorityInterest": -25,
        "netIncome": 421,
        "netIncomeAfterTaxes": 472,
        "nonRecurringItems": -58,
        "otherOperatingExpensesTotal": -2,
        "period": "2022-09-30",
        "pretaxIncome": 617,
        "provisionforIncomeTaxes": 145,
        "revenue": 3627,
        "sgaExpense": 51,
        "totalOperatingExpense": 49
      },
      {
        "costOfGoodsSold": 2515,
        "dilutedAverageSharesOutstanding": 668,
        "dilutedEPS": -0.27,
        "ebit": 515,
        "equityEarningsAffiliates": 5,
        "grossIncome": 563,
        "interestExpense": 279,
        "interestIncomeExpense": -207,
        "minorityInterest": -43,
        "netIncome": -179,
        "netIncomeAfterTaxes": -141,
        "nonRecurringItems": -468,
        "otherOperatingExpensesTotal": 2,
        "period": "2022-06-30",
        "pretaxIncome": -160,
        "provisionforIncomeTaxes": -19,
        "revenue": 3078,
        "sgaExpense": 46,
        "totalOperatingExpense": 48
      },
      {
        "costOfGoodsSold": 2322,
        "dilutedAverageSharesOutstanding": 711,
        "dilutedEPS": 0.16,
        "ebit": 476,
        "equityEarningsAffiliates": -33,
        "grossIncome": 530,
        "interestExpense": 258,
        "interestIncomeExpense": -202,
        "minorityInterest": -56,
        "netIncome": 115,
        "netIncomeAfterTaxes": 204,
        "nonRecurringItems": -10,
        "otherOperatingExpensesTotal": 2,
        "period": "2022-03-31",
        "pretaxIncome": 264,
        "provisionforIncomeTaxes": 60,
        "revenue": 2852,
        "sgaExpense": 52,
        "totalOperatingExpense": 54
      },
      {
        "costOfGoodsSold": 2211,
        "dilutedAverageSharesOutstanding": 564,
        "dilutedEPS": -1.12,
        "ebit": 852,
        "equityEarningsAffiliates": -9,
        "grossIncome": 559,
        "interestExpense": 242,
        "interestIncomeExpense": -158,
        "minorityInterest": 698,
        "netIncome": -632,
        "netIncomeAfterTaxes": -1321,
        "nonRecurringItems": -2223,
        "otherOperatingExpensesTotal": -329,
        "period": "2021-12-31",
        "pretaxIncome": -1529,
        "provisionforIncomeTaxes": -208,
        "revenue": 2770,
        "sgaExpense": 36,
        "totalOperatingExpense": -293,
        "totalOtherIncomeExpenseNet": 0
      },
      {
        "costOfGoodsSold": 2276,
        "dilutedAverageSharesOutstanding": 710,
        "dilutedEPS": 0.48,
        "ebit": 757,
        "equityEarningsAffiliates": 25,
        "grossIncome": 760,
        "interestExpense": 242,
        "interestIncomeExpense": -142,
        "minorityInterest": -142,
        "netIncome": 343,
        "netIncomeAfterTaxes": 460,
        "nonRecurringItems": -29,
        "otherOperatingExpensesTotal": -36,
        "period": "2021-09-30",
        "pretaxIncome": 586,
        "provisionforIncomeTaxes": 126,
        "revenue": 3036,
        "sgaExpense": 39,
        "totalOperatingExpense": 3,
        "totalOtherIncomeExpenseNet": 0
      },
      {
        "costOfGoodsSold": 1972,
        "dilutedAverageSharesOutstanding": 670,
        "dilutedEPS": 0.04,
        "ebit": 690,
        "equityEarningsAffiliates": -10,
        "grossIncome": 728,
        "interestExpense": 237,
        "interestIncomeExpense": -166,
        "minorityInterest": 105,
        "netIncome": 28,
        "netIncomeAfterTaxes": -71,
        "nonRecurringItems": -654,
        "otherOperatingExpensesTotal": -7,
        "period": "2021-06-30",
        "pretaxIncome": -130,
        "provisionforIncomeTaxes": -59,
        "revenue": 2700,
        "sgaExpense": 45,
        "totalOperatingExpense": 38,
        "totalOtherIncomeExpenseNet": 0
      },
      {
        "costOfGoodsSold": 1971,
        "dilutedAverageSharesOutstanding": 666,
        "dilutedEPS": -0.22,
        "ebit": 625,
        "equityEarningsAffiliates": -30,
        "grossIncome": 664,
        "interestExpense": 190,
        "interestIncomeExpense": -157,
        "minorityInterest": -119,
        "netIncome": -148,
        "netIncomeAfterTaxes": 1,
        "nonRecurringItems": -459,
        "otherOperatingExpensesTotal": -7,
        "period": "2021-03-31",
        "pretaxIncome": 9,
        "provisionforIncomeTaxes": 8,
        "revenue": 2635,
        "sgaExpense": 46,
        "totalOperatingExpense": 39,
        "totalOtherIncomeExpenseNet": 0
      },
      {
        "costOfGoodsSold": 1654,
        "dilutedAverageSharesOutstanding": 677,
        "dilutedEPS": 0.47,
        "ebit": 851,
        "equityEarningsAffiliates": -17,
        "grossIncome": 906,
        "interestExpense": 297,
        "interestIncomeExpense": -192,
        "minorityInterest": -83,
        "netIncome": 318,
        "netIncomeAfterTaxes": 418,
        "nonRecurringItems": -80,
        "otherOperatingExpensesTotal": 9,
        "period": "2020-12-31",
        "pretaxIncome": 579,
        "provisionforIncomeTaxes": 161,
        "revenue": 2560,
        "sgaExpense": 46,
        "totalOperatingExpense": 55,
        "totalOtherIncomeExpenseNet": 0
      },
      {
        "costOfGoodsSold": 1789,
        "dilutedAverageSharesOutstanding": 665,
        "dilutedEPS": -0.5,
        "ebit": 717,
        "equityEarningsAffiliates": -112,
        "grossIncome": 756,
        "interestExpense": 290,
        "interestIncomeExpense": -224,
        "minorityInterest": 148,
        "netIncome": -333,
        "netIncomeAfterTaxes": -369,
        "nonRecurringItems": -1009,
        "otherOperatingExpensesTotal": -2,
        "period": "2020-09-30",
        "pretaxIncome": -516,
        "provisionforIncomeTaxes": -147,
        "revenue": 2545,
        "sgaExpense": 41,
        "totalOperatingExpense": 39,
        "totalOtherIncomeExpenseNet": 0
      },
      {
        "costOfGoodsSold": 1693,
        "dilutedAverageSharesOutstanding": 665,
        "dilutedEPS": -0.13,
        "ebit": 491,
        "equityEarningsAffiliates": 8,
        "grossIncome": 524,
        "interestExpense": 218,
        "interestIncomeExpense": -160,
        "minorityInterest": -86,
        "netIncome": -83,
        "netIncomeAfterTaxes": -8,
        "nonRecurringItems": -68,
        "otherOperatingExpensesTotal": -7,
        "period": "2020-06-30",
        "pretaxIncome": 105,
        "provisionforIncomeTaxes": 113,
        "revenue": 2217,
        "sgaExpense": 40,
        "totalOperatingExpense": 33,
        "totalOtherIncomeExpenseNet": -158
      },
      {
        "costOfGoodsSold": 1831,
        "dilutedAverageSharesOutstanding": 668,
        "dilutedEPS": 0.22,
        "ebit": 511,
        "equityEarningsAffiliates": -2,
        "grossIncome": 507,
        "interestExpense": 233,
        "interestIncomeExpense": -139,
        "minorityInterest": -85,
        "netIncome": 144,
        "netIncomeAfterTaxes": 231,
        "nonRecurringItems": -8,
        "otherOperatingExpensesTotal": -42,
        "period": "2020-03-31",
        "pretaxIncome": 320,
        "provisionforIncomeTaxes": 89,
        "revenue": 2338,
        "sgaExpense": 38,
        "totalOperatingExpense": -4,
        "totalOtherIncomeExpenseNet": -44
      },
      {
        "costOfGoodsSold": 1871,
        "dilutedAverageSharesOutstanding": 667,
        "dilutedEPS": -0.12,
        "ebit": 503,
        "equityEarningsAffiliates": -175,
        "grossIncome": 560,
        "interestExpense": 262,
        "interestIncomeExpense": -184,
        "minorityInterest": 42,
        "netIncome": -78,
        "netIncomeAfterTaxes": 55,
        "nonRecurringItems": -122,
        "otherOperatingExpensesTotal": -3,
        "period": "2019-12-31",
        "pretaxIncome": 105,
        "provisionforIncomeTaxes": 50,
        "revenue": 2431,
        "sgaExpense": 60,
        "totalOperatingExpense": 57,
        "totalOtherIncomeExpenseNet": -92
      },
      {
        "costOfGoodsSold": 1924,
        "dilutedAverageSharesOutstanding": 667,
        "dilutedEPS": 0.31,
        "ebit": 661,
        "equityEarningsAffiliates": 4,
        "grossIncome": 701,
        "interestExpense": 250,
        "interestIncomeExpense": -256,
        "minorityInterest": -88,
        "netIncome": 210,
        "netIncomeAfterTaxes": 294,
        "nonRecurringItems": 19,
        "otherOperatingExpensesTotal": -1,
        "period": "2019-09-30",
        "pretaxIncome": 424,
        "provisionforIncomeTaxes": 130,
        "revenue": 2625,
        "sgaExpense": 41,
        "totalOperatingExpense": 40
      },
      {
        "costOfGoodsSold": 1981,
        "dilutedAverageSharesOutstanding": 667,
        "dilutedEPS": 0.02,
        "ebit": 454,
        "equityEarningsAffiliates": 5,
        "grossIncome": 502,
        "interestExpense": 273,
        "interestIncomeExpense": -169,
        "minorityInterest": -50,
        "netIncome": 17,
        "netIncomeAfterTaxes": 61,
        "nonRecurringItems": -167,
        "otherOperatingExpensesTotal": -1,
        "period": "2019-06-30",
        "pretaxIncome": 118,
        "provisionforIncomeTaxes": 57,
        "revenue": 2483,
        "sgaExpense": 49,
        "totalOperatingExpense": 48
      },
      {
        "costOfGoodsSold": 2064,
        "dilutedAverageSharesOutstanding": 667,
        "dilutedEPS": 0.23,
        "ebit": 540,
        "equityEarningsAffiliates": -6,
        "grossIncome": 586,
        "interestExpense": 265,
        "interestIncomeExpense": -190,
        "minorityInterest": -79,
        "netIncome": 154,
        "netIncomeAfterTaxes": 239,
        "nonRecurringItems": 4,
        "otherOperatingExpensesTotal": 0,
        "period": "2019-03-31",
        "pretaxIncome": 354,
        "provisionforIncomeTaxes": 115,
        "revenue": 2650,
        "sgaExpense": 46,
        "totalOperatingExpense": 46
      },
      {
        "costOfGoodsSold": 1976,
        "dilutedAverageSharesOutstanding": 668,
        "dilutedEPS": 0.21,
        "ebit": 587,
        "equityEarningsAffiliates": 8,
        "grossIncome": 646,
        "interestExpense": 257,
        "interestIncomeExpense": -206,
        "minorityInterest": -53,
        "netIncome": 128,
        "netIncomeAfterTaxes": 185,
        "nonRecurringItems": 112,
        "otherOperatingExpensesTotal": 1,
        "period": "2018-12-31",
        "pretaxIncome": 346,
        "provisionforIncomeTaxes": 161,
        "revenue": 2622,
        "sgaExpense": 58,
        "totalOperatingExpense": 59,
        "totalOtherIncomeExpenseNet": -147
      },
      {
        "costOfGoodsSold": 2166,
        "dilutedAverageSharesOutstanding": 665,
        "dilutedEPS": 0.15,
        "ebit": 629,
        "equityEarningsAffiliates": 6,
        "grossIncome": 671,
        "interestExpense": 255,
        "interestIncomeExpense": -171,
        "minorityInterest": -90,
        "netIncome": 101,
        "netIncomeAfterTaxes": 186,
        "nonRecurringItems": -126,
        "otherOperatingExpensesTotal": -1,
        "period": "2018-09-30",
        "pretaxIncome": 332,
        "provisionforIncomeTaxes": 146,
        "revenue": 2837,
        "sgaExpense": 43,
        "totalOperatingExpense": 42
      },
      {
        "costOfGoodsSold": 1937,
        "dilutedAverageSharesOutstanding": 664,
        "dilutedEPS": 0.43,
        "ebit": 571,
        "equityEarningsAffiliates": 14,
        "grossIncome": 600,
        "interestExpense": 263,
        "interestIncomeExpense": -217,
        "minorityInterest": -128,
        "netIncome": 290,
        "netIncomeAfterTaxes": 210,
        "nonRecurringItems": -12,
        "otherOperatingExpensesTotal": -6,
        "period": "2018-06-30",
        "pretaxIncome": 342,
        "provisionforIncomeTaxes": 132,
        "revenue": 2537,
        "sgaExpense": 35,
        "totalOperatingExpense": 29
      },
      {
        "costOfGoodsSold": 2084,
        "dilutedAverageSharesOutstanding": 663,
        "dilutedEPS": 1.03,
        "ebit": 606,
        "equityEarningsAffiliates": 11,
        "grossIncome": 656,
        "interestExpense": 281,
        "interestIncomeExpense": -224,
        "minorityInterest": -93,
        "netIncome": 684,
        "netIncomeAfterTaxes": 767,
        "nonRecurringItems": 616,
        "otherOperatingExpensesTotal": -6,
        "period": "2018-03-31",
        "pretaxIncome": 998,
        "provisionforIncomeTaxes": 231,
        "revenue": 2740,
        "sgaExpense": 56,
        "totalOperatingExpense": 50
      },
      {
        "costOfGoodsSold": 1999,
        "dilutedAverageSharesOutstanding": 660,
        "dilutedEPS": -2,
        "ebit": 619,
        "equityEarningsAffiliates": 38,
        "grossIncome": 644,
        "interestExpense": 310,
        "interestIncomeExpense": -223,
        "minorityInterest": -61,
        "netIncome": -1322,
        "netIncomeAfterTaxes": -601,
        "nonRecurringItems": -292,
        "otherOperatingExpensesTotal": -35,
        "period": "2017-12-31",
        "pretaxIncome": 104,
        "provisionforIncomeTaxes": 705,
        "revenue": 2643,
        "sgaExpense": 60,
        "totalOperatingExpense": 25
      },
      {
        "costOfGoodsSold": 2053,
        "dilutedAverageSharesOutstanding": 663,
        "dilutedEPS": 0.22,
        "ebit": 603,
        "equityEarningsAffiliates": 24,
        "grossIncome": 640,
        "interestExpense": 297,
        "interestIncomeExpense": -212,
        "minorityInterest": -88,
        "netIncome": 152,
        "netIncomeAfterTaxes": 211,
        "nonRecurringItems": -87,
        "otherOperatingExpensesTotal": -15,
        "period": "2017-09-30",
        "pretaxIncome": 304,
        "provisionforIncomeTaxes": 93,
        "revenue": 2693,
        "sgaExpense": 52,
        "totalOperatingExpense": 37
      },
      {
        "costOfGoodsSold": 1990,
        "dilutedAverageSharesOutstanding": 662,
        "dilutedEPS": 0.08,
        "ebit": 584,
        "equityEarningsAffiliates": 2,
        "grossIncome": 623,
        "interestExpense": 276,
        "interestIncomeExpense": -205,
        "minorityInterest": -89,
        "netIncome": 53,
        "netIncomeAfterTaxes": 140,
        "nonRecurringItems": -153,
        "otherOperatingExpensesTotal": -10,
        "period": "2017-06-30",
        "pretaxIncome": 226,
        "provisionforIncomeTaxes": 86,
        "revenue": 2613,
        "sgaExpense": 49,
        "totalOperatingExpense": 39
      },
      {
        "costOfGoodsSold": 2024,
        "dilutedAverageSharesOutstanding": 659,
        "dilutedEPS": -0.04,
        "ebit": 516,
        "equityEarningsAffiliates": 7,
        "grossIncome": 557,
        "interestExpense": 287,
        "interestIncomeExpense": -244,
        "minorityInterest": -121,
        "netIncome": -24,
        "netIncomeAfterTaxes": 90,
        "nonRecurringItems": -115,
        "otherOperatingExpensesTotal": -13,
        "period": "2017-03-31",
        "pretaxIncome": 157,
        "provisionforIncomeTaxes": 67,
        "revenue": 2581,
        "sgaExpense": 54,
        "totalOperatingExpense": 41
      },
      {
        "costOfGoodsSold": -370,
        "dilutedAverageSharesOutstanding": 666.3,
        "dilutedEPS": -1.42,
        "ebit": 769,
        "equityEarningsAffiliates": 11,
        "grossIncome": 609,
        "minorityInterest": -106,
        "netIncome": -949,
        "netIncomeAfterTaxes": -125,
        "nonRecurringItems": -596,
        "otherOperatingExpensesTotal": -219,
        "period": "2016-12-31",
        "pretaxIncome": -258,
        "provisionforIncomeTaxes": -133,
        "revenue": 239,
        "sgaExpense": 59,
        "totalOperatingExpense": -160,
        "totalOtherIncomeExpenseNet": -431
      },
      {
        "costOfGoodsSold": 2854,
        "dilutedAverageSharesOutstanding": 662,
        "dilutedEPS": 0.27,
        "ebit": 666,
        "equityEarningsAffiliates": 11,
        "grossIncome": 688,
        "interestExpense": 354,
        "interestIncomeExpense": -264,
        "minorityInterest": -57,
        "netIncome": 175,
        "netIncomeAfterTaxes": 219,
        "nonRecurringItems": -108,
        "otherOperatingExpensesTotal": -18,
        "period": "2016-09-30",
        "pretaxIncome": 294,
        "provisionforIncomeTaxes": 75,
        "revenue": 3542,
        "sgaExpense": 40,
        "totalOperatingExpense": 22
      },
      {
        "costOfGoodsSold": 2655,
        "dilutedAverageSharesOutstanding": 663.2,
        "dilutedEPS": -0.72,
        "ebit": 716,
        "equityEarningsAffiliates": 8,
        "grossIncome": 574,
        "minorityInterest": -100,
        "netIncome": -482,
        "netIncomeAfterTaxes": -16,
        "nonRecurringItems": -265,
        "otherOperatingExpensesTotal": -189,
        "period": "2016-06-30",
        "pretaxIncome": -22,
        "provisionforIncomeTaxes": -6,
        "revenue": 3229,
        "sgaExpense": 47,
        "totalOperatingExpense": -142,
        "totalOtherIncomeExpenseNet": -473
      },
      {
        "costOfGoodsSold": 2762,
        "dilutedAverageSharesOutstanding": 663,
        "dilutedEPS": 0.2,
        "ebit": 471,
        "equityEarningsAffiliates": 6,
        "grossIncome": 509,
        "interestExpense": 342,
        "interestIncomeExpense": -185,
        "minorityInterest": 52,
        "netIncome": 126,
        "netIncomeAfterTaxes": 77,
        "nonRecurringItems": -113,
        "otherOperatingExpensesTotal": -10,
        "period": "2016-03-31",
        "pretaxIncome": 173,
        "provisionforIncomeTaxes": 96,
        "revenue": 3271,
        "sgaExpense": 48,
        "totalOperatingExpense": 38
      },
      {
        "costOfGoodsSold": 2502,
        "dilutedAverageSharesOutstanding": 672,
        "dilutedEPS": -0.11,
        "ebit": 732,
        "equityEarningsAffiliates": 9,
        "grossIncome": 717,
        "interestExpense": 349,
        "interestIncomeExpense": -107,
        "minorityInterest": -126,
        "netIncome": -85,
        "netIncomeAfterTaxes": 45,
        "nonRecurringItems": -374,
        "otherOperatingExpensesTotal": -61,
        "period": "2015-12-31",
        "pretaxIncome": 251,
        "provisionforIncomeTaxes": 206,
        "revenue": 3219,
        "sgaExpense": 46,
        "totalOperatingExpense": -15
      },
      {
        "costOfGoodsSold": 2857,
        "dilutedAverageSharesOutstanding": 682,
        "dilutedEPS": 0.26,
        "ebit": 604,
        "equityEarningsAffiliates": 81,
        "grossIncome": 665,
        "interestExpense": 365,
        "interestIncomeExpense": -227,
        "minorityInterest": -23,
        "netIncome": 180,
        "netIncomeAfterTaxes": 117,
        "nonRecurringItems": -217,
        "otherOperatingExpensesTotal": 16,
        "period": "2015-09-30",
        "pretaxIncome": 160,
        "provisionforIncomeTaxes": 43,
        "revenue": 3522,
        "sgaExpense": 45,
        "totalOperatingExpense": 61
      }
    ],
    "symbol": "AES"
  }
}