{
  "symbol": "WYNN",
  "statement": "ic",
  "frequency": "annual",
  "timestamp": "2025-09-19T14:09:00.135288",
  "data": {
    "financials": [
      {
        "costOfGoodsSold": 4026.424,
        "depreciationAmortization": 658.895,
        "dilutedAverageSharesOutstanding": 110.267,
        "dilutedEPS": 4.5442,
        "ebit": 1256.431,
        "grossIncome": 3101.537,
        "interestExpense": 688.41,
        "interestIncomeExpense": -515.59,
        "minorityInterest": -138.638,
        "netIncome": 501.078,
        "netIncomeAfterTaxes": 639.716,
        "nonRecurringItems": -126.613,
        "period": "2024-12-31",
        "pretaxIncome": 643.398,
        "provisionforIncomeTaxes": 3.682,
        "revenue": 7127.961,
        "sgaExpense": 1186.211,
        "totalOperatingExpense": 1845.106,
        "totalOtherIncomeExpenseNet": 29.17,
        "year": 2024
      },
      {
        "costOfGoodsSold": 3708.563,
        "depreciationAmortization": 687.27,
        "dilutedAverageSharesOutstanding": 112.855,
        "dilutedEPS": 6.46,
        "ebit": 1058.661,
        "grossIncome": 2823.334,
        "interestExpense": 751.509,
        "interestIncomeExpense": -530.626,
        "minorityInterest": -52.223,
        "netIncome": 729.994,
        "netIncomeAfterTaxes": 782.217,
        "nonRecurringItems": -231.173,
        "period": "2023-12-31",
        "pretaxIncome": 285.383,
        "provisionforIncomeTaxes": -496.834,
        "revenue": 6531.897,
        "sgaExpense": 1077.403,
        "totalOperatingExpense": 1764.673,
        "totalOtherIncomeExpenseNet": -11.479,
        "year": 2023
      },
      {
        "costOfGoodsSold": 2390.2,
        "depreciationAmortization": 692.3,
        "dilutedAverageSharesOutstanding": 113.6,
        "dilutedEPS": -3.73,
        "ebit": -244.9,
        "grossIncome": 1366.6,
        "interestExpense": 650.885,
        "interestIncomeExpense": -605.2,
        "minorityInterest": 285.5,
        "netIncome": -423.9,
        "netIncomeAfterTaxes": -709.4,
        "nonRecurringItems": 144.2,
        "period": "2022-12-31",
        "pretaxIncome": -700,
        "provisionforIncomeTaxes": 9.3,
        "revenue": 3756.8,
        "sgaExpense": 919.2,
        "totalOperatingExpense": 1611.5,
        "totalOtherIncomeExpenseNet": 5.8,
        "year": 2022
      },
      {
        "costOfGoodsSold": 2558.6,
        "depreciationAmortization": 716,
        "dilutedAverageSharesOutstanding": 113.8,
        "dilutedEPS": -6.64,
        "ebit": -394.5,
        "grossIncome": 1205.1,
        "interestExpense": 605.562,
        "interestIncomeExpense": -591,
        "minorityInterest": 256.2,
        "netIncome": -755.8,
        "netIncomeAfterTaxes": -1012,
        "nonRecurringItems": -2.1,
        "period": "2021-12-31",
        "pretaxIncome": -1011.5,
        "provisionforIncomeTaxes": 0.5,
        "revenue": 3763.7,
        "sgaExpense": 883.7,
        "totalOperatingExpense": 1599.6,
        "totalOtherIncomeExpenseNet": -23.9,
        "year": 2021
      },
      {
        "costOfGoodsSold": 1743.2,
        "depreciationAmortization": 725.5,
        "dilutedAverageSharesOutstanding": 106.7,
        "dilutedEPS": -19.37,
        "ebit": -1232,
        "grossIncome": 352.6,
        "interestExpense": 556.474,
        "interestIncomeExpense": -554.2,
        "minorityInterest": 259.7,
        "netIncome": -2067.2,
        "netIncomeAfterTaxes": -2326.9,
        "nonRecurringItems": -4.6,
        "period": "2020-12-31",
        "pretaxIncome": -1762.3,
        "provisionforIncomeTaxes": 564.7,
        "revenue": 2095.9,
        "sgaExpense": 859.2,
        "totalOperatingExpense": 1584.7,
        "totalOtherIncomeExpenseNet": 28.5,
        "year": 2020
      },
      {
        "costOfGoodsSold": 4067.7,
        "depreciationAmortization": 624.9,
        "dilutedAverageSharesOutstanding": 107,
        "dilutedEPS": 1.15,
        "ebit": 878.3,
        "grossIncome": 2543.4,
        "interestExpense": 414.03,
        "interestIncomeExpense": -392.8,
        "minorityInterest": -188.4,
        "netIncome": 123,
        "netIncomeAfterTaxes": 311.4,
        "nonRecurringItems": -12.4,
        "period": "2019-12-31",
        "pretaxIncome": 488.2,
        "provisionforIncomeTaxes": 176.8,
        "revenue": 6611.1,
        "sgaExpense": 1040.2,
        "totalOperatingExpense": 1665.1,
        "totalOtherIncomeExpenseNet": 15.2,
        "year": 2019
      },
      {
        "costOfGoodsSold": 4087,
        "depreciationAmortization": 550.6,
        "dilutedAverageSharesOutstanding": 107,
        "dilutedEPS": 5.34,
        "ebit": 1199.1,
        "grossIncome": 2630.6,
        "interestExpense": 381.849,
        "interestIncomeExpense": -356.5,
        "minorityInterest": -230.7,
        "netIncome": 572.4,
        "netIncomeAfterTaxes": 412.2,
        "nonRecurringItems": -463.5,
        "period": "2018-12-31",
        "pretaxIncome": 305.7,
        "provisionforIncomeTaxes": -106.4,
        "revenue": 6717.7,
        "sgaExpense": 880.9,
        "totalOperatingExpense": 1431.5,
        "totalOtherIncomeExpenseNet": -73.4,
        "year": 2018
      },
      {
        "costOfGoodsSold": 3727.2,
        "depreciationAmortization": 552.4,
        "dilutedAverageSharesOutstanding": 102.6,
        "dilutedEPS": 7.28,
        "ebit": 1055.6,
        "grossIncome": 2343,
        "interestExpense": 388.664,
        "interestIncomeExpense": -358.5,
        "minorityInterest": -142.1,
        "netIncome": 747.2,
        "netIncomeAfterTaxes": 549.4,
        "nonRecurringItems": -55.4,
        "period": "2017-12-31",
        "pretaxIncome": 560.3,
        "provisionforIncomeTaxes": 10.9,
        "revenue": 6070.2,
        "sgaExpense": 735,
        "totalOperatingExpense": 1287.4,
        "totalOtherIncomeExpenseNet": -81.4,
        "year": 2017
      },
      {
        "costOfGoodsSold": 2654,
        "depreciationAmortization": 404.7,
        "dilutedAverageSharesOutstanding": 101.9,
        "dilutedEPS": 2.38,
        "ebit": 521.7,
        "grossIncome": 1691.8,
        "interestExpense": 289.365,
        "interestIncomeExpense": -275.4,
        "minorityInterest": -60.5,
        "netIncome": 242,
        "netIncomeAfterTaxes": 302.5,
        "nonRecurringItems": 0,
        "otherOperatingExpensesTotal": 54.8,
        "period": "2016-12-31",
        "pretaxIncome": 310.6,
        "provisionforIncomeTaxes": 8.1,
        "revenue": 4345.8,
        "sgaExpense": 710.6,
        "totalOperatingExpense": 1170.1,
        "totalOtherIncomeExpenseNet": 64.3,
        "year": 2016
      },
      {
        "costOfGoodsSold": 2530.6,
        "depreciationAmortization": 322.6,
        "dilutedAverageSharesOutstanding": 101.7,
        "dilutedEPS": 1.92,
        "ebit": 658.8,
        "grossIncome": 1545.3,
        "interestExpense": 300.906,
        "interestIncomeExpense": -297.2,
        "minorityInterest": -86.2,
        "netIncome": 195.3,
        "netIncomeAfterTaxes": 281.5,
        "nonRecurringItems": -126,
        "otherOperatingExpensesTotal": 10.5,
        "period": "2015-12-31",
        "pretaxIncome": 289.2,
        "provisionforIncomeTaxes": 7.7,
        "revenue": 4075.9,
        "sgaExpense": 553.3,
        "totalOperatingExpense": 886.5,
        "totalOtherIncomeExpenseNet": 53.6,
        "year": 2015
      }
    ],
    "symbol": "WYNN"
  }
}