{
  "symbol": "NI",
  "statement": "ic",
  "frequency": "quarterly",
  "timestamp": "2025-09-19T14:04:40.781244",
  "data": {
    "financials": [
      {
        "costOfGoodsSold": 261.8,
        "depreciationAmortization": 286.7,
        "dilutedAverageSharesOutstanding": 472.1,
        "dilutedEPS": 0.2165,
        "ebit": 264.1,
        "grossIncome": 1021.2,
        "interestIncomeExpense": -137.6,
        "minorityInterest": 1.7,
        "netIncome": 102.2,
        "netIncomeAfterTaxes": 100.5,
        "nonRecurringItems": -1.2,
        "operationsMaintenance": 396.2,
        "otherOperatingExpensesTotal": 74.2,
        "otherRevenue": 36.5,
        "period": "2025-06-30",
        "pretaxIncome": 124.3,
        "provisionforIncomeTaxes": 23.8,
        "revenue": 1283,
        "totalOperatingExpense": 757.1,
        "totalOtherIncomeExpenseNet": -1
      },
      {
        "costOfGoodsSold": 647.5,
        "depreciationAmortization": 258.6,
        "dilutedAverageSharesOutstanding": 472.5,
        "dilutedEPS": 1.0032,
        "ebit": 759.7,
        "grossIncome": 1535.7,
        "interestIncomeExpense": -130.8,
        "minorityInterest": -51.9,
        "netIncome": 474,
        "netIncomeAfterTaxes": 526.7,
        "nonRecurringItems": -0.3,
        "operationsMaintenance": 427.8,
        "otherOperatingExpensesTotal": 89.6,
        "otherRevenue": 33.7,
        "period": "2025-03-31",
        "pretaxIncome": 632.4,
        "provisionforIncomeTaxes": 105.7,
        "revenue": 2183.2,
        "totalOperatingExpense": 776,
        "totalOtherIncomeExpenseNet": 3.8
      },
      {
        "costOfGoodsSold": 376.6,
        "depreciationAmortization": 278.1,
        "dilutedAverageSharesOutstanding": 469.8,
        "dilutedEPS": 0.4751,
        "ebit": 421.8,
        "grossIncome": 1211.2,
        "interestIncomeExpense": -134.4,
        "minorityInterest": -20.4,
        "netIncome": 223.2,
        "netIncomeAfterTaxes": 244.3,
        "nonRecurringItems": -5,
        "operationsMaintenance": 421.7,
        "otherOperatingExpensesTotal": 89.6,
        "otherRevenue": 48.1,
        "period": "2024-12-31",
        "pretaxIncome": 292.9,
        "provisionforIncomeTaxes": 48.6,
        "revenue": 1587.8,
        "totalOperatingExpense": 789.4,
        "totalOtherIncomeExpenseNet": 10.5
      },
      {
        "costOfGoodsSold": 165.9,
        "depreciationAmortization": 269.5,
        "dilutedAverageSharesOutstanding": 454.5,
        "dilutedEPS": 0.1881,
        "ebit": 217.8,
        "grossIncome": 910.4,
        "interestIncomeExpense": -131.2,
        "minorityInterest": -11.3,
        "netIncome": 85.5,
        "netIncomeAfterTaxes": 97,
        "nonRecurringItems": 0.5,
        "operationsMaintenance": 357.4,
        "otherOperatingExpensesTotal": 65.7,
        "otherRevenue": 30.2,
        "period": "2024-09-30",
        "pretaxIncome": 112.9,
        "provisionforIncomeTaxes": 15.9,
        "revenue": 1076.3,
        "totalOperatingExpense": 692.6,
        "totalOtherIncomeExpenseNet": 25.8
      },
      {
        "costOfGoodsSold": 164.7,
        "depreciationAmortization": 253.5,
        "dilutedAverageSharesOutstanding": 450.2,
        "dilutedEPS": 0.1897,
        "ebit": 241.5,
        "grossIncome": 920,
        "interestIncomeExpense": -127.4,
        "minorityInterest": -17.3,
        "netIncome": 85.4,
        "netIncomeAfterTaxes": 103.1,
        "nonRecurringItems": -4.5,
        "operationsMaintenance": 357.7,
        "otherOperatingExpensesTotal": 67.3,
        "otherRevenue": 30.6,
        "period": "2024-06-30",
        "pretaxIncome": 120.7,
        "provisionforIncomeTaxes": 17.6,
        "revenue": 1084.7,
        "totalOperatingExpense": 678.5,
        "totalOtherIncomeExpenseNet": 11.1
      },
      {
        "costOfGoodsSold": 425,
        "depreciationAmortization": 242.1,
        "dilutedAverageSharesOutstanding": 449.4,
        "dilutedEPS": 0.7655,
        "ebit": 583.4,
        "grossIncome": 1281.3,
        "interestIncomeExpense": -113.8,
        "minorityInterest": -35.3,
        "netIncome": 344,
        "netIncomeAfterTaxes": 400.3,
        "operationsMaintenance": 378.4,
        "otherOperatingExpensesTotal": 77.4,
        "otherRevenue": 63.3,
        "period": "2024-03-31",
        "pretaxIncome": 476.3,
        "provisionforIncomeTaxes": 76,
        "revenue": 1706.3,
        "totalOperatingExpense": 697.9,
        "totalOtherIncomeExpenseNet": 6.7
      },
      {
        "costOfGoodsSold": 335,
        "depreciationAmortization": 257.3,
        "dilutedAverageSharesOutstanding": 449.4,
        "dilutedEPS": 0.5018,
        "ebit": 366,
        "grossIncome": 1087,
        "interestIncomeExpense": -138.3,
        "minorityInterest": 45.5,
        "netIncome": 225.3,
        "netIncomeAfterTaxes": 191.9,
        "nonRecurringItems": -3.4,
        "operationsMaintenance": 393,
        "otherOperatingExpensesTotal": 70.7,
        "otherRevenue": 40.1,
        "period": "2023-12-31",
        "pretaxIncome": 227.7,
        "provisionforIncomeTaxes": 35.8,
        "revenue": 1422,
        "totalOperatingExpense": 721,
        "totalOtherIncomeExpenseNet": 3.4
      },
      {
        "costOfGoodsSold": 181.3,
        "depreciationAmortization": 210.9,
        "dilutedAverageSharesOutstanding": 448.3,
        "dilutedEPS": 0.17,
        "ebit": 232.8,
        "grossIncome": 846.1,
        "interestIncomeExpense": -126.5,
        "minorityInterest": -13.3,
        "netIncome": 77,
        "netIncomeAfterTaxes": 98.4,
        "nonRecurringItems": 0.2,
        "operationsMaintenance": 341.2,
        "otherOperatingExpensesTotal": 61.2,
        "otherRevenue": 24.8,
        "period": "2023-09-30",
        "pretaxIncome": 102.2,
        "provisionforIncomeTaxes": 3.8,
        "revenue": 1027.4,
        "totalOperatingExpense": 613.3,
        "totalOtherIncomeExpenseNet": -4.3
      },
      {
        "costOfGoodsSold": 251.9,
        "depreciationAmortization": 233.1,
        "dilutedAverageSharesOutstanding": 446.8,
        "dilutedEPS": 0.09,
        "ebit": 168.6,
        "grossIncome": 838.1,
        "interestIncomeExpense": -108.7,
        "minorityInterest": 12.5,
        "netIncome": 39.9,
        "netIncomeAfterTaxes": 46.3,
        "nonRecurringItems": 0.3,
        "operationsMaintenance": 369.5,
        "otherOperatingExpensesTotal": 66.9,
        "otherRevenue": 22.8,
        "period": "2023-06-30",
        "pretaxIncome": 60.4,
        "provisionforIncomeTaxes": 14.1,
        "revenue": 1090,
        "totalOperatingExpense": 669.5,
        "totalOtherIncomeExpenseNet": 0.2
      },
      {
        "costOfGoodsSold": 765.1,
        "depreciationAmortization": 206.9,
        "dilutedAverageSharesOutstanding": 447.1,
        "dilutedEPS": 0.71,
        "ebit": 531,
        "grossIncome": 1200.9,
        "interestIncomeExpense": -107.1,
        "minorityInterest": -4.8,
        "netIncome": 319.2,
        "netIncomeAfterTaxes": 337.8,
        "nonRecurringItems": 0,
        "operationsMaintenance": 391.2,
        "otherOperatingExpensesTotal": 71.8,
        "otherRevenue": 69.9,
        "period": "2023-03-31",
        "pretaxIncome": 423.6,
        "provisionforIncomeTaxes": 85.8,
        "revenue": 1966,
        "totalOperatingExpense": 669.9,
        "totalOtherIncomeExpenseNet": -0.3
      },
      {
        "costOfGoodsSold": 689.3,
        "depreciationAmortization": 216.2,
        "dilutedAverageSharesOutstanding": 445.7,
        "dilutedEPS": 0.52,
        "ebit": 366.6,
        "grossIncome": 1015.3,
        "interestIncomeExpense": -91.1,
        "minorityInterest": 3.3,
        "netIncome": 230.8,
        "netIncomeAfterTaxes": 241.2,
        "nonRecurringItems": -1.1,
        "operationsMaintenance": 365.3,
        "otherOperatingExpensesTotal": 67.2,
        "otherRevenue": 21,
        "period": "2022-12-31",
        "pretaxIncome": 285.9,
        "provisionforIncomeTaxes": 44.7,
        "revenue": 1704.6,
        "totalOperatingExpense": 648.7,
        "totalOtherIncomeExpenseNet": 11.5
      },
      {
        "costOfGoodsSold": 330.8,
        "depreciationAmortization": 203.2,
        "dilutedAverageSharesOutstanding": 443.4,
        "dilutedEPS": 0.12,
        "ebit": 156.4,
        "grossIncome": 758.7,
        "interestIncomeExpense": -89.5,
        "minorityInterest": 2.3,
        "netIncome": 52,
        "netIncomeAfterTaxes": 63.5,
        "nonRecurringItems": 0.3,
        "operationsMaintenance": 347.9,
        "otherOperatingExpensesTotal": 51.2,
        "otherRevenue": 31.3,
        "period": "2022-09-30",
        "pretaxIncome": 75.2,
        "provisionforIncomeTaxes": 11.7,
        "revenue": 1089.5,
        "totalOperatingExpense": 602.3,
        "totalOtherIncomeExpenseNet": 8
      },
      {
        "costOfGoodsSold": 383.7,
        "depreciationAmortization": 208.7,
        "dilutedAverageSharesOutstanding": 440.2,
        "dilutedEPS": 0.12,
        "ebit": 143.3,
        "grossIncome": 799.5,
        "interestIncomeExpense": -83.9,
        "minorityInterest": 11.2,
        "netIncome": 53.2,
        "netIncomeAfterTaxes": 55.8,
        "nonRecurringItems": 0,
        "operationsMaintenance": 381.9,
        "otherOperatingExpensesTotal": 65.6,
        "otherRevenue": 26.7,
        "period": "2022-06-30",
        "pretaxIncome": 67.8,
        "provisionforIncomeTaxes": 12,
        "revenue": 1183.2,
        "totalOperatingExpense": 656.2,
        "totalOtherIncomeExpenseNet": 8.4
      },
      {
        "costOfGoodsSold": 706.7,
        "depreciationAmortization": 192.7,
        "dilutedAverageSharesOutstanding": 441.4,
        "dilutedEPS": 0.94,
        "ebit": 495.3,
        "grossIncome": 1166.6,
        "interestIncomeExpense": -82.8,
        "minorityInterest": -4.5,
        "netIncome": 413,
        "netIncomeAfterTaxes": 431.3,
        "nonRecurringItems": 105,
        "operationsMaintenance": 394.3,
        "otherOperatingExpensesTotal": 84.3,
        "otherRevenue": 33,
        "period": "2022-03-31",
        "pretaxIncome": 527.5,
        "provisionforIncomeTaxes": 96.2,
        "revenue": 1873.3,
        "totalOperatingExpense": 671.3,
        "totalOtherIncomeExpenseNet": 10
      },
      {
        "costOfGoodsSold": 478.9,
        "depreciationAmortization": 188.2,
        "dilutedAverageSharesOutstanding": 421.8,
        "dilutedEPS": 0.36,
        "ebit": 285.2,
        "grossIncome": 929.7,
        "interestIncomeExpense": -86.3,
        "minorityInterest": -7.3,
        "netIncome": 152.2,
        "netIncomeAfterTaxes": 173.2,
        "nonRecurringItems": -0.8,
        "operationsMaintenance": 380.6,
        "otherOperatingExpensesTotal": 75.7,
        "otherRevenue": 55,
        "period": "2021-12-31",
        "pretaxIncome": 200.4,
        "provisionforIncomeTaxes": 27.2,
        "revenue": 1408.6,
        "totalOperatingExpense": 644.5,
        "totalOtherIncomeExpenseNet": 2.3
      },
      {
        "costOfGoodsSold": 208.3,
        "depreciationAmortization": 188.9,
        "dilutedAverageSharesOutstanding": 430.3,
        "dilutedEPS": 0.12,
        "ebit": 146,
        "grossIncome": 751.1,
        "interestIncomeExpense": -83.3,
        "minorityInterest": 1,
        "netIncome": 49.4,
        "netIncomeAfterTaxes": 62.2,
        "nonRecurringItems": 1.1,
        "operationsMaintenance": 351.1,
        "otherOperatingExpensesTotal": 65.1,
        "otherRevenue": 40.6,
        "period": "2021-09-30",
        "pretaxIncome": 77,
        "provisionforIncomeTaxes": 14.8,
        "revenue": 959.4,
        "totalOperatingExpense": 605.1,
        "totalOtherIncomeExpenseNet": 13.2
      },
      {
        "costOfGoodsSold": 228.3,
        "depreciationAmortization": 186.3,
        "dilutedAverageSharesOutstanding": 422.9,
        "dilutedEPS": 0.11,
        "ebit": 142.1,
        "grossIncome": 757.7,
        "interestIncomeExpense": -83.8,
        "minorityInterest": 3.4,
        "netIncome": 46.5,
        "netIncomeAfterTaxes": 56.9,
        "nonRecurringItems": 0.1,
        "operationsMaintenance": 362.8,
        "otherOperatingExpensesTotal": 66.5,
        "otherRevenue": 33.6,
        "period": "2021-06-30",
        "pretaxIncome": 70.1,
        "provisionforIncomeTaxes": 13.2,
        "revenue": 986,
        "totalOperatingExpense": 615.6,
        "totalOtherIncomeExpenseNet": 11.7
      },
      {
        "costOfGoodsSold": 476.8,
        "depreciationAmortization": 185,
        "dilutedAverageSharesOutstanding": 393.9,
        "dilutedEPS": 0.72,
        "ebit": 441.3,
        "grossIncome": 1068.8,
        "interestIncomeExpense": -83.7,
        "minorityInterest": -1,
        "netIncome": 281.7,
        "netIncomeAfterTaxes": 296.5,
        "nonRecurringItems": -8.1,
        "operationsMaintenance": 361.5,
        "otherOperatingExpensesTotal": 81,
        "otherRevenue": 39.1,
        "period": "2021-03-31",
        "pretaxIncome": 359.1,
        "provisionforIncomeTaxes": 62.6,
        "revenue": 1545.6,
        "totalOperatingExpense": 627.5,
        "totalOtherIncomeExpenseNet": 9.6
      },
      {
        "costOfGoodsSold": 315.4,
        "depreciationAmortization": 183.5,
        "dilutedAverageSharesOutstanding": 386.7,
        "dilutedEPS": 0.18,
        "ebit": 228.9,
        "grossIncome": 895.6,
        "interestIncomeExpense": -84.5,
        "minorityInterest": -3.4,
        "netIncome": 70.7,
        "netIncomeAfterTaxes": 87.8,
        "nonRecurringItems": -10.9,
        "operationsMaintenance": 408.3,
        "otherOperatingExpensesTotal": 74.9,
        "otherRevenue": 57.9,
        "period": "2020-12-31",
        "pretaxIncome": 144.6,
        "provisionforIncomeTaxes": 56.8,
        "revenue": 1211,
        "totalOperatingExpense": 666.7,
        "totalOtherIncomeExpenseNet": 11.1
      },
      {
        "costOfGoodsSold": 143.1,
        "depreciationAmortization": 180.6,
        "dilutedAverageSharesOutstanding": 383.8,
        "dilutedEPS": -0.49,
        "ebit": 128.7,
        "grossIncome": 759.4,
        "interestIncomeExpense": -93.9,
        "netIncome": -186.7,
        "netIncomeAfterTaxes": -172.9,
        "nonRecurringItems": -279.3,
        "operationsMaintenance": 379.9,
        "otherOperatingExpensesTotal": 70.2,
        "otherRevenue": 41,
        "period": "2020-09-30",
        "pretaxIncome": -237.8,
        "provisionforIncomeTaxes": -64.9,
        "revenue": 902.5,
        "totalOperatingExpense": 630.7,
        "totalOtherIncomeExpenseNet": 6.7
      },
      {
        "costOfGoodsSold": 188.4,
        "depreciationAmortization": 177.5,
        "dilutedAverageSharesOutstanding": 383.5,
        "dilutedEPS": -0.05,
        "ebit": 175.5,
        "grossIncome": 774.3,
        "interestIncomeExpense": -95.6,
        "netIncome": -18.5,
        "netIncomeAfterTaxes": -4.7,
        "nonRecurringItems": -83.8,
        "operationsMaintenance": 353.1,
        "otherOperatingExpensesTotal": 68.2,
        "otherRevenue": 30,
        "period": "2020-06-30",
        "pretaxIncome": 1.2,
        "provisionforIncomeTaxes": 5.9,
        "revenue": 962.7,
        "totalOperatingExpense": 598.8,
        "totalOtherIncomeExpenseNet": 5.1
      },
      {
        "costOfGoodsSold": 462.4,
        "depreciationAmortization": 184.3,
        "dilutedAverageSharesOutstanding": 384.1,
        "dilutedEPS": 0.16,
        "ebit": 428.3,
        "grossIncome": 1143.1,
        "interestIncomeExpense": -91.2,
        "netIncome": 61.8,
        "netIncomeAfterTaxes": 75.6,
        "nonRecurringItems": -280.1,
        "operationsMaintenance": 444.6,
        "otherOperatingExpensesTotal": 85.9,
        "otherRevenue": 79.6,
        "period": "2020-03-31",
        "pretaxIncome": 60.7,
        "provisionforIncomeTaxes": -14.9,
        "revenue": 1605.5,
        "totalOperatingExpense": 714.8,
        "totalOtherIncomeExpenseNet": 3.7
      },
      {
        "costOfGoodsSold": 404.3,
        "depreciationAmortization": 182.2,
        "dilutedAverageSharesOutstanding": 377,
        "dilutedEPS": -0.41,
        "ebit": 376.6,
        "grossIncome": 992.9,
        "interestExpense": 2.8,
        "interestIncomeExpense": -91,
        "netIncome": -153,
        "netIncomeAfterTaxes": -139.3,
        "nonRecurringItems": -414.6,
        "operationsMaintenance": 353.5,
        "otherOperatingExpensesTotal": 74.9,
        "otherRevenue": 38.5,
        "period": "2019-12-31",
        "pretaxIncome": -136.8,
        "provisionforIncomeTaxes": 2.5,
        "revenue": 1397.2,
        "sgaExpense": 5.7,
        "totalOperatingExpense": 616.3,
        "totalOtherIncomeExpenseNet": -7.8
      },
      {
        "costOfGoodsSold": 196.7,
        "depreciationAmortization": 182.2,
        "dilutedAverageSharesOutstanding": 374.1,
        "dilutedEPS": -0.02,
        "ebit": 90.8,
        "grossIncome": 734.8,
        "interestExpense": 3.1,
        "interestIncomeExpense": -93.8,
        "netIncome": -7.2,
        "netIncomeAfterTaxes": 6.6,
        "nonRecurringItems": 0.2,
        "operationsMaintenance": 388.5,
        "otherOperatingExpensesTotal": 67.9,
        "otherRevenue": 40.5,
        "period": "2019-09-30",
        "pretaxIncome": -3.6,
        "provisionforIncomeTaxes": -10.2,
        "revenue": 931.5,
        "sgaExpense": 5.4,
        "totalOperatingExpense": 644,
        "totalOtherIncomeExpenseNet": -0.8
      },
      {
        "costOfGoodsSold": 253.5,
        "depreciationAmortization": 177.9,
        "dilutedAverageSharesOutstanding": 375.2,
        "dilutedEPS": 0.75,
        "ebit": 463.4,
        "grossIncome": 756.9,
        "interestExpense": 2.5,
        "interestIncomeExpense": -92.9,
        "netIncome": 283.1,
        "netIncomeAfterTaxes": 296.9,
        "nonRecurringItems": 0.1,
        "operationsMaintenance": 45.8,
        "otherOperatingExpensesTotal": 66.4,
        "otherRevenue": 41.2,
        "period": "2019-06-30",
        "pretaxIncome": 369.1,
        "provisionforIncomeTaxes": 72.2,
        "revenue": 1010.4,
        "sgaExpense": 3.4,
        "totalOperatingExpense": 293.5,
        "totalOtherIncomeExpenseNet": -1.5
      },
      {
        "costOfGoodsSold": 680.3,
        "depreciationAmortization": 175.1,
        "dilutedAverageSharesOutstanding": 374.7,
        "dilutedEPS": 0.55,
        "ebit": 374.4,
        "grossIncome": 1189.5,
        "interestExpense": 2.9,
        "interestIncomeExpense": -93.5,
        "netIncome": 205.1,
        "netIncomeAfterTaxes": 218.9,
        "nonRecurringItems": -0.2,
        "operationsMaintenance": 548,
        "otherOperatingExpensesTotal": 87.6,
        "otherRevenue": 35.3,
        "period": "2019-03-31",
        "pretaxIncome": 277.9,
        "provisionforIncomeTaxes": 59,
        "revenue": 1869.8,
        "sgaExpense": 4.4,
        "totalOperatingExpense": 815.1,
        "totalOtherIncomeExpenseNet": -2.8
      },
      {
        "costOfGoodsSold": 501.6,
        "depreciationAmortization": 161.8,
        "dilutedAverageSharesOutstanding": 369.7,
        "dilutedEPS": -0.05,
        "ebit": -77.6,
        "grossIncome": 960.1,
        "interestIncomeExpense": -88.1,
        "netIncome": -19.8,
        "netIncomeAfterTaxes": -11.7,
        "nonRecurringItems": -0.8,
        "operationsMaintenance": 804.4,
        "otherOperatingExpensesTotal": 71.5,
        "otherRevenue": 25.7,
        "period": "2018-12-31",
        "pretaxIncome": -165.4,
        "provisionforIncomeTaxes": -153.7,
        "revenue": 1461.7,
        "totalOperatingExpense": 1037.7,
        "totalOtherIncomeExpenseNet": 1.1
      },
      {
        "costOfGoodsSold": 222,
        "depreciationAmortization": 148.5,
        "dilutedAverageSharesOutstanding": 363.9,
        "dilutedEPS": -0.95,
        "ebit": -315.2,
        "grossIncome": 673,
        "interestIncomeExpense": -83.4,
        "netIncome": -345.1,
        "netIncomeAfterTaxes": -339.5,
        "nonRecurringItems": -33.7,
        "operationsMaintenance": 780.8,
        "otherOperatingExpensesTotal": 58.9,
        "otherRevenue": 39.2,
        "period": "2018-09-30",
        "pretaxIncome": -434,
        "provisionforIncomeTaxes": -94.5,
        "revenue": 895,
        "totalOperatingExpense": 988.2,
        "totalOtherIncomeExpenseNet": -1.7
      },
      {
        "costOfGoodsSold": 313.3,
        "depreciationAmortization": 144.6,
        "dilutedAverageSharesOutstanding": 355.2,
        "dilutedEPS": 0.07,
        "ebit": 118.4,
        "grossIncome": 693.7,
        "interestIncomeExpense": -88.7,
        "netIncome": 23.2,
        "netIncomeAfterTaxes": 24.5,
        "nonRecurringItems": -12.5,
        "operationsMaintenance": 365.2,
        "otherOperatingExpensesTotal": 65.5,
        "otherRevenue": 24.9,
        "period": "2018-06-30",
        "pretaxIncome": 30,
        "provisionforIncomeTaxes": 5.5,
        "revenue": 1007,
        "totalOperatingExpense": 575.3,
        "totalOtherIncomeExpenseNet": 12.8
      },
      {
        "costOfGoodsSold": 724.4,
        "depreciationAmortization": 144.7,
        "dilutedAverageSharesOutstanding": 339,
        "dilutedEPS": 0.81,
        "ebit": 400.3,
        "grossIncome": 1026.4,
        "interestIncomeExpense": -93.1,
        "netIncome": 276.1,
        "netIncomeAfterTaxes": 276.1,
        "nonRecurringItems": 0.3,
        "operationsMaintenance": 402.5,
        "otherOperatingExpensesTotal": 78.9,
        "otherRevenue": 33.6,
        "period": "2018-03-31",
        "pretaxIncome": 338.8,
        "provisionforIncomeTaxes": 62.7,
        "revenue": 1750.8,
        "totalOperatingExpense": 626.1,
        "totalOtherIncomeExpenseNet": 31.3
      },
      {
        "costOfGoodsSold": 456,
        "depreciationAmortization": 141.8,
        "dilutedAverageSharesOutstanding": 337.6,
        "dilutedEPS": -0.15,
        "ebit": 276.2,
        "grossIncome": 912.3,
        "interestIncomeExpense": -92.4,
        "netIncome": -52.4,
        "netIncomeAfterTaxes": 108.7,
        "nonRecurringItems": -5.6,
        "operationsMaintenance": 426.8,
        "otherOperatingExpensesTotal": 67.5,
        "otherRevenue": 24.1,
        "period": "2017-12-31",
        "pretaxIncome": 165,
        "provisionforIncomeTaxes": 56.3,
        "revenue": 1368.3,
        "totalOperatingExpense": 636.1,
        "totalOtherIncomeExpenseNet": -13.2
      },
      {
        "costOfGoodsSold": 233.6,
        "depreciationAmortization": 143,
        "dilutedAverageSharesOutstanding": 332.4,
        "dilutedEPS": 0.04,
        "ebit": 111.2,
        "grossIncome": 683.4,
        "interestIncomeExpense": -87.9,
        "netIncome": 14,
        "netIncomeAfterTaxes": 14,
        "nonRecurringItems": 0,
        "operationsMaintenance": 371.7,
        "otherOperatingExpensesTotal": 57.5,
        "otherRevenue": 33.6,
        "period": "2017-09-30",
        "pretaxIncome": 16.5,
        "provisionforIncomeTaxes": 2.5,
        "revenue": 917,
        "totalOperatingExpense": 572.2,
        "totalOtherIncomeExpenseNet": -6.8
      },
      {
        "costOfGoodsSold": 276.8,
        "depreciationAmortization": 142.2,
        "dilutedAverageSharesOutstanding": 325.1,
        "dilutedEPS": -0.14,
        "ebit": 124.4,
        "grossIncome": 713.9,
        "interestIncomeExpense": -87.7,
        "netIncome": -44.4,
        "netIncomeAfterTaxes": -44.3,
        "nonRecurringItems": -111.4,
        "operationsMaintenance": 391.1,
        "otherOperatingExpensesTotal": 56.2,
        "otherRevenue": 0.7,
        "period": "2017-06-30",
        "pretaxIncome": -70.9,
        "provisionforIncomeTaxes": -26.6,
        "revenue": 990.7,
        "totalOperatingExpense": 589.5,
        "totalOtherIncomeExpenseNet": 3.8
      },
      {
        "costOfGoodsSold": 552.3,
        "depreciationAmortization": 143.3,
        "dilutedAverageSharesOutstanding": 325.3,
        "dilutedEPS": 0.65,
        "ebit": 415.4,
        "grossIncome": 1046.3,
        "interestIncomeExpense": -85.2,
        "netIncome": 211.3,
        "netIncomeAfterTaxes": 211.3,
        "nonRecurringItems": 0,
        "operationsMaintenance": 411.6,
        "otherOperatingExpensesTotal": 76,
        "otherRevenue": 56.1,
        "period": "2017-03-31",
        "pretaxIncome": 332.5,
        "provisionforIncomeTaxes": 121.2,
        "revenue": 1598.6,
        "totalOperatingExpense": 630.9,
        "totalOtherIncomeExpenseNet": 2.3
      },
      {
        "costOfGoodsSold": 440.6,
        "depreciationAmortization": 141.1,
        "dilutedAverageSharesOutstanding": 324.4,
        "dilutedEPS": 0.27,
        "ebit": 232.2,
        "grossIncome": 856.4,
        "interestIncomeExpense": -88,
        "netIncome": 88.8,
        "netIncomeAfterTaxes": 92.2,
        "nonRecurringItems": 0.6,
        "operationsMaintenance": 416.9,
        "otherOperatingExpensesTotal": 66.2,
        "otherRevenue": 87.5,
        "period": "2016-12-31",
        "pretaxIncome": 143.7,
        "provisionforIncomeTaxes": 51.5,
        "revenue": 1297,
        "totalOperatingExpense": 624.2,
        "totalOtherIncomeExpenseNet": -1.1
      },
      {
        "costOfGoodsSold": 218.2,
        "depreciationAmortization": 136.3,
        "dilutedAverageSharesOutstanding": 323.9,
        "dilutedEPS": 0.07,
        "ebit": 113.6,
        "grossIncome": 643.1,
        "interestIncomeExpense": -85,
        "minorityInterest": 0,
        "netIncome": 27.2,
        "netIncomeAfterTaxes": 23.7,
        "nonRecurringItems": 0.1,
        "operationsMaintenance": 336.6,
        "otherOperatingExpensesTotal": 56.6,
        "otherRevenue": 3.5,
        "period": "2016-09-30",
        "pretaxIncome": 32.2,
        "provisionforIncomeTaxes": 8.5,
        "revenue": 861.3,
        "totalOperatingExpense": 529.5,
        "totalOtherIncomeExpenseNet": 3.5
      },
      {
        "costOfGoodsSold": 234.9,
        "depreciationAmortization": 136.9,
        "dilutedAverageSharesOutstanding": 328.2,
        "dilutedEPS": 0.09,
        "ebit": 138,
        "grossIncome": 662.7,
        "interestIncomeExpense": -86,
        "netIncome": 28.9,
        "netIncomeAfterTaxes": 29,
        "nonRecurringItems": 0.2,
        "operationsMaintenance": 337.6,
        "otherOperatingExpensesTotal": 50.2,
        "otherRevenue": 4.1,
        "period": "2016-06-30",
        "pretaxIncome": 46.1,
        "provisionforIncomeTaxes": 17.1,
        "revenue": 897.6,
        "totalOperatingExpense": 524.7,
        "totalOtherIncomeExpenseNet": -6.1
      },
      {
        "costOfGoodsSold": 496.5,
        "depreciationAmortization": 132.8,
        "dilutedAverageSharesOutstanding": 322.5,
        "dilutedEPS": 0.58,
        "ebit": 381.3,
        "grossIncome": 940.1,
        "interestIncomeExpense": -90.5,
        "netIncome": 186.6,
        "netIncomeAfterTaxes": 186.6,
        "nonRecurringItems": 0.1,
        "operationsMaintenance": 354.7,
        "otherOperatingExpensesTotal": 71.3,
        "otherRevenue": 4.9,
        "period": "2016-03-31",
        "pretaxIncome": 291.6,
        "provisionforIncomeTaxes": 105,
        "revenue": 1436.6,
        "totalOperatingExpense": 558.8,
        "totalOtherIncomeExpenseNet": 0.7
      },
      {
        "costOfGoodsSold": 336.4,
        "depreciationAmortization": 133.4,
        "dilutedAverageSharesOutstanding": 318.6,
        "dilutedEPS": 0.18,
        "ebit": 219.9,
        "grossIncome": 761.4,
        "interestIncomeExpense": -94.3,
        "minorityInterest": 0,
        "netIncome": 59.4,
        "netIncomeAfterTaxes": 64.4,
        "nonRecurringItems": -0.4,
        "operationsMaintenance": 349.2,
        "otherOperatingExpensesTotal": 58.9,
        "otherRevenue": 7.3,
        "period": "2015-12-31",
        "pretaxIncome": 131,
        "provisionforIncomeTaxes": 66.6,
        "revenue": 1097.8,
        "totalOperatingExpense": 541.5,
        "totalOtherIncomeExpenseNet": 5.8
      },
      {
        "costOfGoodsSold": 209.1,
        "depreciationAmortization": 132.5,
        "dilutedAverageSharesOutstanding": 318.1,
        "dilutedEPS": -0.01,
        "ebit": 110.8,
        "grossIncome": 608.1,
        "interestIncomeExpense": -94.9,
        "minorityInterest": 0,
        "netIncome": -4.9,
        "netIncomeAfterTaxes": 14.8,
        "nonRecurringItems": -1.1,
        "operationsMaintenance": 311.1,
        "otherOperatingExpensesTotal": 53.7,
        "otherRevenue": 7.8,
        "period": "2015-09-30",
        "pretaxIncome": 20.6,
        "provisionforIncomeTaxes": 5.8,
        "revenue": 817.2,
        "totalOperatingExpense": 497.3,
        "totalOtherIncomeExpenseNet": 5.8
      }
    ],
    "symbol": "NI"
  }
}