{
  "symbol": "PAYC",
  "statement": "ic",
  "frequency": "quarterly",
  "timestamp": "2025-09-19T14:05:21.521496",
  "data": {
    "financials": [
      {
        "costOfGoodsSold": 87.5,
        "depreciationAmortization": 22.8,
        "dilutedAverageSharesOutstanding": 56.5,
        "dilutedEPS": 1.5841,
        "ebit": 112.3,
        "grossIncome": 396.1,
        "interestExpense": 0.8,
        "interestIncomeExpense": -0.8,
        "netIncome": 89.5,
        "netIncomeAfterTaxes": 89.5,
        "period": "2025-06-30",
        "pretaxIncome": 117.2,
        "provisionforIncomeTaxes": 27.7,
        "researchDevelopment": 74.8,
        "revenue": 483.6,
        "sgaExpense": 186.2,
        "totalOperatingExpense": 283.8,
        "totalOtherIncomeExpenseNet": 5.7
      },
      {
        "costOfGoodsSold": 84.6,
        "depreciationAmortization": 21.6,
        "dilutedAverageSharesOutstanding": 56.3,
        "dilutedEPS": 2.476,
        "ebit": 185.1,
        "grossIncome": 445.9,
        "interestExpense": 0.8,
        "interestIncomeExpense": -0.8,
        "netIncome": 139.4,
        "netIncomeAfterTaxes": 139.4,
        "period": "2025-03-31",
        "pretaxIncome": 190.3,
        "provisionforIncomeTaxes": 50.9,
        "researchDevelopment": 62.3,
        "revenue": 530.5,
        "sgaExpense": 176.9,
        "totalOperatingExpense": 260.8,
        "totalOtherIncomeExpenseNet": 6
      },
      {
        "costOfGoodsSold": 83.732,
        "depreciationAmortization": 21.471,
        "dilutedAverageSharesOutstanding": 56.105,
        "dilutedEPS": 2.0242,
        "ebit": 148.5,
        "grossIncome": 410.068,
        "interestExpense": 1.047,
        "interestIncomeExpense": -1.047,
        "netIncome": 113.565,
        "netIncomeAfterTaxes": 113.565,
        "otherOperatingExpensesTotal": -0.101,
        "period": "2024-12-31",
        "pretaxIncome": 151.5,
        "provisionforIncomeTaxes": 37.935,
        "researchDevelopment": 66.673,
        "revenue": 493.8,
        "sgaExpense": 173.525,
        "totalOperatingExpense": 261.568,
        "totalOtherIncomeExpenseNet": 4.047
      },
      {
        "costOfGoodsSold": 88.353,
        "depreciationAmortization": 20.541,
        "dilutedAverageSharesOutstanding": 55.964,
        "dilutedEPS": 1.3094,
        "ebit": 104.874,
        "grossIncome": 363.581,
        "interestExpense": 0.789,
        "interestIncomeExpense": -0.789,
        "netIncome": 73.278,
        "netIncomeAfterTaxes": 73.278,
        "period": "2024-09-30",
        "pretaxIncome": 108.314,
        "provisionforIncomeTaxes": 35.036,
        "researchDevelopment": 63.047,
        "revenue": 451.934,
        "sgaExpense": 175.119,
        "totalOperatingExpense": 258.707,
        "totalOtherIncomeExpenseNet": 4.229
      },
      {
        "costOfGoodsSold": 83.884,
        "depreciationAmortization": 19.181,
        "dilutedAverageSharesOutstanding": 56.771,
        "dilutedEPS": 1.1973,
        "ebit": 95.14,
        "grossIncome": 353.628,
        "interestExpense": 0.782,
        "interestIncomeExpense": -0.782,
        "netIncome": 67.97,
        "netIncomeAfterTaxes": 67.97,
        "period": "2024-06-30",
        "pretaxIncome": 99.145,
        "provisionforIncomeTaxes": 31.175,
        "researchDevelopment": 62.371,
        "revenue": 437.512,
        "sgaExpense": 176.936,
        "totalOperatingExpense": 258.488,
        "totalOtherIncomeExpenseNet": 4.787
      },
      {
        "costOfGoodsSold": 78.631,
        "depreciationAmortization": 17.507,
        "dilutedAverageSharesOutstanding": 56.552,
        "dilutedEPS": 4.371,
        "ebit": 285.814,
        "grossIncome": 421.25,
        "interestExpense": 0.782,
        "interestIncomeExpense": -0.782,
        "netIncome": 247.187,
        "netIncomeAfterTaxes": 247.187,
        "period": "2024-03-31",
        "pretaxIncome": 290.041,
        "provisionforIncomeTaxes": 42.854,
        "researchDevelopment": 50.509,
        "revenue": 499.881,
        "sgaExpense": 67.42,
        "totalOperatingExpense": 135.436,
        "totalOtherIncomeExpenseNet": 5.009
      },
      {
        "costOfGoodsSold": 74.689,
        "depreciationAmortization": 16.697,
        "dilutedAverageSharesOutstanding": 57.728,
        "dilutedEPS": 1.4163,
        "ebit": 106.723,
        "grossIncome": 359.906,
        "interestExpense": 0.266,
        "interestIncomeExpense": -0.266,
        "netIncome": 81.757,
        "netIncomeAfterTaxes": 81.757,
        "nonRecurringItems": 0,
        "period": "2023-12-31",
        "pretaxIncome": 111.912,
        "provisionforIncomeTaxes": 30.155,
        "researchDevelopment": 55.3,
        "revenue": 434.595,
        "sgaExpense": 181.186,
        "totalOperatingExpense": 253.183,
        "totalOtherIncomeExpenseNet": 5.455
      },
      {
        "costOfGoodsSold": 68.9,
        "depreciationAmortization": 15.6,
        "dilutedAverageSharesOutstanding": 58,
        "dilutedEPS": 1.3,
        "ebit": 96.9,
        "grossIncome": 337.4,
        "interestExpense": 0.222,
        "interestIncomeExpense": -0.2,
        "netIncome": 75.2,
        "netIncomeAfterTaxes": 75.2,
        "period": "2023-09-30",
        "pretaxIncome": 102,
        "provisionforIncomeTaxes": 26.8,
        "researchDevelopment": 51.9,
        "revenue": 406.3,
        "sgaExpense": 173,
        "totalOperatingExpense": 240.5,
        "totalOtherIncomeExpenseNet": 5.4
      },
      {
        "costOfGoodsSold": 67.4,
        "depreciationAmortization": 14.9,
        "dilutedAverageSharesOutstanding": 58,
        "dilutedEPS": 1.11,
        "ebit": 87.3,
        "grossIncome": 333.7,
        "interestExpense": 0.602,
        "interestIncomeExpense": -0.6,
        "netIncome": 64.5,
        "netIncomeAfterTaxes": 64.5,
        "period": "2023-06-30",
        "pretaxIncome": 92.8,
        "provisionforIncomeTaxes": 28.3,
        "researchDevelopment": 49.1,
        "revenue": 401.1,
        "sgaExpense": 182.4,
        "totalOperatingExpense": 246.5,
        "totalOtherIncomeExpenseNet": 6.2
      },
      {
        "costOfGoodsSold": 65.2,
        "depreciationAmortization": 14.1,
        "dilutedAverageSharesOutstanding": 58,
        "dilutedEPS": 2.06,
        "ebit": 160.4,
        "grossIncome": 386.4,
        "interestExpense": 0.837,
        "interestIncomeExpense": -0.8,
        "netIncome": 119.3,
        "netIncomeAfterTaxes": 119.3,
        "period": "2023-03-31",
        "pretaxIncome": 165.6,
        "provisionforIncomeTaxes": 46.3,
        "researchDevelopment": 42.7,
        "revenue": 451.6,
        "sgaExpense": 169.2,
        "totalOperatingExpense": 226,
        "totalOtherIncomeExpenseNet": 6
      },
      {
        "costOfGoodsSold": 59.1,
        "depreciationAmortization": 13.4,
        "dilutedAverageSharesOutstanding": 58.1,
        "dilutedEPS": 1.38,
        "ebit": 105.8,
        "grossIncome": 311.5,
        "interestExpense": 0.949,
        "interestIncomeExpense": -0.9,
        "netIncome": 80,
        "netIncomeAfterTaxes": 80,
        "period": "2022-12-31",
        "pretaxIncome": 114,
        "provisionforIncomeTaxes": 34,
        "researchDevelopment": 39.6,
        "revenue": 370.6,
        "sgaExpense": 152.7,
        "totalOperatingExpense": 205.7,
        "totalOtherIncomeExpenseNet": 9.1
      },
      {
        "costOfGoodsSold": 55.1,
        "depreciationAmortization": 12.6,
        "dilutedAverageSharesOutstanding": 58,
        "dilutedEPS": 0.9,
        "ebit": 74.3,
        "grossIncome": 279.1,
        "interestExpense": 1.018,
        "interestIncomeExpense": -1,
        "netIncome": 52.2,
        "netIncomeAfterTaxes": 52.2,
        "period": "2022-09-30",
        "pretaxIncome": 75.3,
        "provisionforIncomeTaxes": 23.1,
        "researchDevelopment": 40.4,
        "revenue": 334.2,
        "sgaExpense": 151.8,
        "totalOperatingExpense": 204.8,
        "totalOtherIncomeExpenseNet": 2
      },
      {
        "costOfGoodsSold": 50.1,
        "depreciationAmortization": 12.1,
        "dilutedAverageSharesOutstanding": 58.1,
        "dilutedEPS": 0.99,
        "ebit": 72.3,
        "grossIncome": 266.8,
        "interestExpense": 0.354,
        "interestIncomeExpense": 0,
        "netIncome": 57.4,
        "netIncomeAfterTaxes": 57.4,
        "period": "2022-06-30",
        "pretaxIncome": 72.8,
        "provisionforIncomeTaxes": 15.5,
        "researchDevelopment": 36.8,
        "revenue": 316.9,
        "sgaExpense": 145.6,
        "totalOperatingExpense": 194.5,
        "totalOtherIncomeExpenseNet": 0.5
      },
      {
        "costOfGoodsSold": 48.5,
        "depreciationAmortization": 11.7,
        "dilutedAverageSharesOutstanding": 58.2,
        "dilutedEPS": 1.58,
        "ebit": 126.3,
        "grossIncome": 305,
        "interestExpense": 0.215,
        "interestIncomeExpense": 1.1,
        "netIncome": 91.9,
        "netIncomeAfterTaxes": 91.9,
        "period": "2022-03-31",
        "pretaxIncome": 127.5,
        "provisionforIncomeTaxes": 35.5,
        "researchDevelopment": 31.6,
        "revenue": 353.5,
        "sgaExpense": 135.5,
        "totalOperatingExpense": 178.8,
        "totalOtherIncomeExpenseNet": 0.1
      },
      {
        "costOfGoodsSold": 46.5,
        "depreciationAmortization": 10.3,
        "dilutedAverageSharesOutstanding": 58.2,
        "dilutedEPS": 0.84,
        "ebit": 68.6,
        "grossIncome": 238.5,
        "interestIncomeExpense": 0.5,
        "netIncome": 48.7,
        "netIncomeAfterTaxes": 48.7,
        "period": "2021-12-31",
        "pretaxIncome": 70,
        "provisionforIncomeTaxes": 21.3,
        "researchDevelopment": 34.4,
        "revenue": 285,
        "sgaExpense": 125.1,
        "totalOperatingExpense": 169.9,
        "totalOtherIncomeExpenseNet": 0.9
      },
      {
        "costOfGoodsSold": 42.7,
        "depreciationAmortization": 9.4,
        "dilutedAverageSharesOutstanding": 58.2,
        "dilutedEPS": 0.52,
        "ebit": 43.3,
        "grossIncome": 213.5,
        "interestIncomeExpense": 0.2,
        "netIncome": 30.4,
        "netIncomeAfterTaxes": 30.4,
        "period": "2021-09-30",
        "pretaxIncome": 43.5,
        "provisionforIncomeTaxes": 13.2,
        "researchDevelopment": 31.1,
        "revenue": 256.2,
        "sgaExpense": 129.7,
        "totalOperatingExpense": 170.2,
        "totalOtherIncomeExpenseNet": 0
      },
      {
        "costOfGoodsSold": 36.4,
        "depreciationAmortization": 8.4,
        "dilutedAverageSharesOutstanding": 58.1,
        "dilutedEPS": 0.9,
        "ebit": 47.1,
        "grossIncome": 205.7,
        "interestIncomeExpense": 0.1,
        "netIncome": 52.3,
        "netIncomeAfterTaxes": 52.3,
        "period": "2021-06-30",
        "pretaxIncome": 47.2,
        "provisionforIncomeTaxes": -5,
        "researchDevelopment": 28.2,
        "revenue": 242.1,
        "sgaExpense": 122,
        "totalOperatingExpense": 158.7,
        "totalOtherIncomeExpenseNet": 0
      },
      {
        "costOfGoodsSold": 36.3,
        "depreciationAmortization": 7.7,
        "dilutedAverageSharesOutstanding": 58.4,
        "dilutedEPS": 1.11,
        "ebit": 94.5,
        "grossIncome": 235.9,
        "interestIncomeExpense": 0.7,
        "netIncome": 64.6,
        "netIncomeAfterTaxes": 64.6,
        "period": "2021-03-31",
        "pretaxIncome": 95.2,
        "provisionforIncomeTaxes": 30.6,
        "researchDevelopment": 24.7,
        "revenue": 272.2,
        "sgaExpense": 109,
        "totalOperatingExpense": 141.4,
        "totalOtherIncomeExpenseNet": -0.1
      },
      {
        "costOfGoodsSold": 33,
        "depreciationAmortization": 7.4,
        "dilutedAverageSharesOutstanding": 58.2,
        "dilutedEPS": 0.42,
        "ebit": 36.2,
        "grossIncome": 187.9,
        "interestIncomeExpense": -0.2,
        "netIncome": 24.4,
        "netIncomeAfterTaxes": 24.4,
        "period": "2020-12-31",
        "pretaxIncome": 36.6,
        "provisionforIncomeTaxes": 12.2,
        "researchDevelopment": 25.1,
        "revenue": 220.9,
        "sgaExpense": 119.2,
        "totalOperatingExpense": 151.7,
        "totalOtherIncomeExpenseNet": 0.6
      },
      {
        "costOfGoodsSold": 30.9,
        "depreciationAmortization": 7.2,
        "dilutedAverageSharesOutstanding": 58.2,
        "dilutedEPS": 0.47,
        "ebit": 34,
        "grossIncome": 165.6,
        "interestIncomeExpense": -0.1,
        "netIncome": 27.5,
        "netIncomeAfterTaxes": 27.5,
        "period": "2020-09-30",
        "pretaxIncome": 34.3,
        "provisionforIncomeTaxes": 6.8,
        "researchDevelopment": 21.8,
        "revenue": 196.5,
        "sgaExpense": 102.7,
        "totalOperatingExpense": 131.6,
        "totalOtherIncomeExpenseNet": 0.3
      },
      {
        "costOfGoodsSold": 29.6,
        "depreciationAmortization": 6.8,
        "dilutedAverageSharesOutstanding": 58.7,
        "dilutedEPS": 0.5,
        "ebit": 26.6,
        "grossIncome": 152,
        "interestExpense": 0.003,
        "interestIncomeExpense": 0.1,
        "netIncome": 28.6,
        "netIncomeAfterTaxes": 28.6,
        "period": "2020-06-30",
        "pretaxIncome": 26.7,
        "provisionforIncomeTaxes": -1.9,
        "researchDevelopment": 21.8,
        "revenue": 181.6,
        "sgaExpense": 96.9,
        "totalOperatingExpense": 125.4,
        "totalOtherIncomeExpenseNet": 0.1
      },
      {
        "costOfGoodsSold": 30,
        "depreciationAmortization": 6.3,
        "dilutedAverageSharesOutstanding": 58.4,
        "dilutedEPS": 1.08,
        "ebit": 89.3,
        "grossIncome": 212.3,
        "interestExpense": 0.016,
        "interestIncomeExpense": 1.6,
        "netIncome": 63,
        "netIncomeAfterTaxes": 63,
        "period": "2020-03-31",
        "pretaxIncome": 88.3,
        "provisionforIncomeTaxes": 25.3,
        "researchDevelopment": 21.6,
        "revenue": 242.4,
        "sgaExpense": 95.2,
        "totalOperatingExpense": 123.1,
        "totalOtherIncomeExpenseNet": -2.5
      },
      {
        "costOfGoodsSold": 28.8,
        "depreciationAmortization": 6,
        "dilutedAverageSharesOutstanding": 58.4,
        "dilutedEPS": 0.78,
        "ebit": 60.3,
        "grossIncome": 164.6,
        "interestExpense": 0.146,
        "interestIncomeExpense": 3.1,
        "netIncome": 45.4,
        "netIncomeAfterTaxes": 45.4,
        "period": "2019-12-31",
        "pretaxIncome": 61.1,
        "provisionforIncomeTaxes": 15.7,
        "researchDevelopment": 18.2,
        "revenue": 193.4,
        "sgaExpense": 80.2,
        "totalOperatingExpense": 104.3,
        "totalOtherIncomeExpenseNet": -2.2
      },
      {
        "costOfGoodsSold": 26.4,
        "depreciationAmortization": 5.7,
        "dilutedAverageSharesOutstanding": 58.4,
        "dilutedEPS": 0.67,
        "ebit": 50.6,
        "grossIncome": 148.6,
        "interestExpense": 0.26,
        "interestIncomeExpense": -0.7,
        "netIncome": 39.1,
        "netIncomeAfterTaxes": 39.2,
        "period": "2019-09-30",
        "pretaxIncome": 50.5,
        "provisionforIncomeTaxes": 11.3,
        "researchDevelopment": 19.6,
        "revenue": 175,
        "sgaExpense": 72.8,
        "totalOperatingExpense": 98.1,
        "totalOtherIncomeExpenseNet": 0.6
      },
      {
        "costOfGoodsSold": 25.2,
        "depreciationAmortization": 5.4,
        "dilutedAverageSharesOutstanding": 59.1,
        "dilutedEPS": 0.83,
        "ebit": 52.9,
        "grossIncome": 144.1,
        "interestExpense": 0.258,
        "interestIncomeExpense": -1.2,
        "netIncome": 48.8,
        "netIncomeAfterTaxes": 48.8,
        "period": "2019-06-30",
        "pretaxIncome": 52.4,
        "provisionforIncomeTaxes": 3.6,
        "researchDevelopment": 16.8,
        "revenue": 169.3,
        "sgaExpense": 69,
        "totalOperatingExpense": 91.2,
        "totalOtherIncomeExpenseNet": 0.6
      },
      {
        "costOfGoodsSold": 29.3,
        "depreciationAmortization": 4.8,
        "dilutedAverageSharesOutstanding": 58.3,
        "dilutedEPS": 0.81,
        "ebit": 62.5,
        "grossIncome": 170.6,
        "interestExpense": 0.276,
        "interestIncomeExpense": -0.8,
        "netIncome": 47.2,
        "netIncomeAfterTaxes": 47.3,
        "period": "2019-03-31",
        "pretaxIncome": 62.1,
        "provisionforIncomeTaxes": 14.8,
        "researchDevelopment": 18.5,
        "revenue": 199.9,
        "sgaExpense": 84.8,
        "totalOperatingExpense": 108.2,
        "totalOtherIncomeExpenseNet": 0.4
      },
      {
        "costOfGoodsSold": 24.1,
        "depreciationAmortization": 4.5,
        "dilutedAverageSharesOutstanding": 58.2,
        "dilutedEPS": 0.54,
        "ebit": 43.4,
        "grossIncome": 126.2,
        "interestExpense": 0.348,
        "interestIncomeExpense": -0.9,
        "netIncome": 31.4,
        "netIncomeAfterTaxes": 31.4,
        "period": "2018-12-31",
        "pretaxIncome": 42.7,
        "provisionforIncomeTaxes": 11.3,
        "researchDevelopment": 12.7,
        "revenue": 150.3,
        "sgaExpense": 65.6,
        "totalOperatingExpense": 82.8,
        "totalOtherIncomeExpenseNet": 0.2
      },
      {
        "costOfGoodsSold": 22.1,
        "depreciationAmortization": 4.2,
        "dilutedAverageSharesOutstanding": 58.5,
        "dilutedEPS": 0.49,
        "ebit": 36.2,
        "grossIncome": 111.2,
        "interestExpense": 0.384,
        "interestIncomeExpense": -0.1,
        "netIncome": 28.7,
        "netIncomeAfterTaxes": 28.8,
        "period": "2018-09-30",
        "pretaxIncome": 36.4,
        "provisionforIncomeTaxes": 7.7,
        "researchDevelopment": 11.5,
        "revenue": 133.3,
        "sgaExpense": 59.2,
        "totalOperatingExpense": 74.9,
        "totalOtherIncomeExpenseNet": 0.3
      },
      {
        "costOfGoodsSold": 20.9,
        "depreciationAmortization": 3.5,
        "dilutedAverageSharesOutstanding": 59.2,
        "dilutedEPS": 0.61,
        "ebit": 43,
        "grossIncome": 107.9,
        "interestExpense": 0.034,
        "interestIncomeExpense": 0.3,
        "netIncome": 35.7,
        "netIncomeAfterTaxes": 35.7,
        "period": "2018-06-30",
        "pretaxIncome": 43.5,
        "provisionforIncomeTaxes": 7.8,
        "researchDevelopment": 10.7,
        "revenue": 128.8,
        "sgaExpense": 50.6,
        "totalOperatingExpense": 64.9,
        "totalOtherIncomeExpenseNet": 0.2
      },
      {
        "costOfGoodsSold": 23.6,
        "depreciationAmortization": 3,
        "dilutedAverageSharesOutstanding": 58.7,
        "dilutedEPS": 0.7,
        "ebit": 51,
        "grossIncome": 130.3,
        "interestIncomeExpense": 0.8,
        "netIncome": 41.1,
        "netIncomeAfterTaxes": 41.2,
        "period": "2018-03-31",
        "pretaxIncome": 52.1,
        "provisionforIncomeTaxes": 10.9,
        "researchDevelopment": 11.3,
        "revenue": 153.9,
        "sgaExpense": 65,
        "totalOperatingExpense": 79.3,
        "totalOtherIncomeExpenseNet": 0.2
      },
      {
        "costOfGoodsSold": 19.2,
        "depreciationAmortization": 2.7,
        "dilutedAverageSharesOutstanding": 58.6,
        "dilutedEPS": 0.82,
        "ebit": 36.4,
        "grossIncome": 94.8,
        "interestExpense": 0.153,
        "interestIncomeExpense": 0.6,
        "netIncome": 48.8,
        "netIncomeAfterTaxes": 48.5,
        "period": "2017-12-31",
        "pretaxIncome": 34.8,
        "provisionforIncomeTaxes": -13.6,
        "researchDevelopment": 7.4,
        "revenue": 114,
        "sgaExpense": 48.3,
        "totalOperatingExpense": 58.4,
        "totalOtherIncomeExpenseNet": -2.2
      },
      {
        "costOfGoodsSold": 17.8,
        "depreciationAmortization": 2.4,
        "dilutedAverageSharesOutstanding": 58.9,
        "dilutedEPS": 0.35,
        "ebit": 22,
        "grossIncome": 83.5,
        "interestExpense": 0.22,
        "interestIncomeExpense": -0.2,
        "netIncome": 20.9,
        "netIncomeAfterTaxes": 20.9,
        "period": "2017-09-30",
        "pretaxIncome": 21.9,
        "provisionforIncomeTaxes": 1,
        "researchDevelopment": 8.1,
        "revenue": 101.3,
        "sgaExpense": 50.9,
        "totalOperatingExpense": 61.5,
        "totalOtherIncomeExpenseNet": 0.1
      },
      {
        "costOfGoodsSold": 17.9,
        "depreciationAmortization": 2.4,
        "dilutedAverageSharesOutstanding": 59.5,
        "dilutedEPS": 0.34,
        "ebit": 18.8,
        "grossIncome": 80.4,
        "interestExpense": 0.281,
        "interestIncomeExpense": -0.3,
        "netIncome": 20,
        "netIncomeAfterTaxes": 20,
        "period": "2017-06-30",
        "pretaxIncome": 18.7,
        "provisionforIncomeTaxes": -1.4,
        "researchDevelopment": 8.1,
        "revenue": 98.2,
        "sgaExpense": 51,
        "totalOperatingExpense": 61.5,
        "totalOtherIncomeExpenseNet": 0.1
      },
      {
        "costOfGoodsSold": 17.1,
        "depreciationAmortization": 2.2,
        "dilutedAverageSharesOutstanding": 58.8,
        "dilutedEPS": 0.57,
        "ebit": 52.5,
        "grossIncome": 102.4,
        "interestExpense": 0.257,
        "interestIncomeExpense": -0.3,
        "netIncome": 33.6,
        "netIncomeAfterTaxes": 33.7,
        "period": "2017-03-31",
        "pretaxIncome": 52.3,
        "provisionforIncomeTaxes": 18.7,
        "researchDevelopment": 6.8,
        "revenue": 119.5,
        "sgaExpense": 40.8,
        "totalOperatingExpense": 49.9,
        "totalOtherIncomeExpenseNet": 0.1
      },
      {
        "costOfGoodsSold": 15.5,
        "depreciationAmortization": 2.3,
        "dilutedAverageSharesOutstanding": 59.5,
        "dilutedEPS": 0.59,
        "ebit": 56.5,
        "grossIncome": 72.3,
        "interestExpense": 0.303,
        "interestIncomeExpense": 0.1,
        "netIncome": 35,
        "netIncomeAfterTaxes": 35.2,
        "period": "2016-12-31",
        "pretaxIncome": 56.5,
        "provisionforIncomeTaxes": 21.3,
        "researchDevelopment": 6.7,
        "revenue": 87.8,
        "sgaExpense": 7,
        "totalOperatingExpense": 15.9,
        "totalOtherIncomeExpenseNet": 0
      },
      {
        "costOfGoodsSold": 14.7,
        "depreciationAmortization": 2,
        "dilutedAverageSharesOutstanding": 58.9,
        "dilutedEPS": 0.1,
        "ebit": 0.6,
        "grossIncome": 62.6,
        "interestExpense": 0.252,
        "interestIncomeExpense": -0.3,
        "netIncome": 6.2,
        "netIncomeAfterTaxes": 6.2,
        "period": "2016-09-30",
        "pretaxIncome": 0.1,
        "provisionforIncomeTaxes": -6.1,
        "researchDevelopment": 6.2,
        "revenue": 77.3,
        "sgaExpense": 53.7,
        "totalOperatingExpense": 62,
        "totalOtherIncomeExpenseNet": -0.2
      },
      {
        "costOfGoodsSold": 11.9,
        "depreciationAmortization": 1.8,
        "dilutedAverageSharesOutstanding": 60,
        "dilutedEPS": 0.17,
        "ebit": 16,
        "grossIncome": 62,
        "interestExpense": 0.17,
        "interestIncomeExpense": -0.2,
        "netIncome": 10.4,
        "netIncomeAfterTaxes": 10.4,
        "period": "2016-06-30",
        "pretaxIncome": 16,
        "provisionforIncomeTaxes": 5.5,
        "researchDevelopment": 4.2,
        "revenue": 73.9,
        "sgaExpense": 40,
        "totalOperatingExpense": 46,
        "totalOtherIncomeExpenseNet": 0.1
      },
      {
        "costOfGoodsSold": 12,
        "depreciationAmortization": 1.7,
        "dilutedAverageSharesOutstanding": 58.4,
        "dilutedEPS": 0.31,
        "ebit": 28.7,
        "grossIncome": 78.2,
        "interestExpense": 0.311,
        "interestIncomeExpense": -0.3,
        "netIncome": 18.4,
        "netIncomeAfterTaxes": 18.6,
        "period": "2016-03-31",
        "pretaxIncome": 28.4,
        "provisionforIncomeTaxes": 9.8,
        "researchDevelopment": 3.9,
        "revenue": 90.1,
        "sgaExpense": 43.9,
        "totalOperatingExpense": 49.4,
        "totalOtherIncomeExpenseNet": 0
      },
      {
        "costOfGoodsSold": 10.3,
        "depreciationAmortization": 1.6,
        "dilutedAverageSharesOutstanding": 58.4,
        "dilutedEPS": 0.08,
        "ebit": 6.2,
        "grossIncome": 54.9,
        "interestExpense": 0.36,
        "interestIncomeExpense": -0.4,
        "minorityInterest": 0,
        "netIncome": 4.9,
        "netIncomeAfterTaxes": 5.2,
        "nonRecurringItems": 0,
        "period": "2015-12-31",
        "pretaxIncome": 6.2,
        "provisionforIncomeTaxes": 1.1,
        "researchDevelopment": 2.5,
        "revenue": 65.1,
        "sgaExpense": 44.6,
        "totalOperatingExpense": 48.6,
        "totalOtherIncomeExpenseNet": 0.4
      },
      {
        "costOfGoodsSold": 8.9,
        "depreciationAmortization": 1.5,
        "dilutedAverageSharesOutstanding": 58.4,
        "dilutedEPS": 0.07,
        "ebit": 6.9,
        "grossIncome": 46.4,
        "interestExpense": 0.343,
        "interestIncomeExpense": -0.3,
        "netIncome": 3.8,
        "netIncomeAfterTaxes": 3.8,
        "period": "2015-09-30",
        "pretaxIncome": 6.6,
        "provisionforIncomeTaxes": 2.8,
        "researchDevelopment": 2.3,
        "revenue": 55.3,
        "sgaExpense": 35.8,
        "totalOperatingExpense": 39.6,
        "totalOtherIncomeExpenseNet": 0.1
      }
    ],
    "symbol": "PAYC"
  }
}