{
  "symbol": "AKAM",
  "statement": "ic",
  "frequency": "annual",
  "timestamp": "2025-09-19T13:55:25.854495",
  "data": {
    "financials": [
      {
        "costOfGoodsSold": 1620.793,
        "depreciationAmortization": 158.265,
        "dilutedAverageSharesOutstanding": 154.346,
        "dilutedEPS": 3.2713,
        "ebit": 702.72,
        "equityEarningsAffiliates": 0,
        "grossIncome": 2370.375,
        "interestExpense": 27.117,
        "interestIncomeExpense": 6.797,
        "netIncome": 504.918,
        "netIncomeAfterTaxes": 504.918,
        "nonRecurringItems": -102.943,
        "otherOperatingExpensesTotal": 0,
        "period": "2024-12-31",
        "pretaxIncome": 587.013,
        "provisionforIncomeTaxes": 82.095,
        "researchDevelopment": 470.876,
        "revenue": 3991.168,
        "sgaExpense": 1038.514,
        "totalOperatingExpense": 1667.655,
        "totalOtherIncomeExpenseNet": -19.561,
        "year": 2024
      },
      {
        "costOfGoodsSold": 1507.873,
        "depreciationAmortization": 132.568,
        "dilutedAverageSharesOutstanding": 155.397,
        "dilutedEPS": 3.5241,
        "ebit": 757.743,
        "equityEarningsAffiliates": 1.475,
        "grossIncome": 2304.047,
        "interestExpense": 17.709,
        "interestIncomeExpense": -22.929,
        "netIncome": 547.629,
        "netIncomeAfterTaxes": 546.154,
        "nonRecurringItems": -69.991,
        "otherOperatingExpensesTotal": 0,
        "period": "2023-12-31",
        "pretaxIncome": 652.527,
        "provisionforIncomeTaxes": 106.373,
        "researchDevelopment": 405.327,
        "revenue": 3811.92,
        "sgaExpense": 1008.409,
        "totalOperatingExpense": 1546.304,
        "totalOtherIncomeExpenseNet": -12.296,
        "year": 2023
      },
      {
        "costOfGoodsSold": 1383.8,
        "depreciationAmortization": 139.2,
        "dilutedAverageSharesOutstanding": 160.5,
        "dilutedEPS": 3.26,
        "ebit": 711.1,
        "equityEarningsAffiliates": -7.6,
        "grossIncome": 2232.8,
        "interestExpense": 11.096,
        "interestIncomeExpense": -7.8,
        "netIncome": 523.7,
        "netIncomeAfterTaxes": 531.3,
        "nonRecurringItems": -34.8,
        "period": "2022-12-31",
        "pretaxIncome": 658,
        "provisionforIncomeTaxes": 126.7,
        "researchDevelopment": 391.4,
        "revenue": 3616.7,
        "sgaExpense": 991.2,
        "totalOperatingExpense": 1521.8,
        "totalOtherIncomeExpenseNet": -10.4,
        "year": 2022
      },
      {
        "costOfGoodsSold": 1269,
        "depreciationAmortization": 130,
        "dilutedAverageSharesOutstanding": 165.8,
        "dilutedEPS": 3.93,
        "ebit": 807.2,
        "equityEarningsAffiliates": -14,
        "grossIncome": 2192.3,
        "interestExpense": 72.332,
        "interestIncomeExpense": -56.7,
        "netIncome": 651.6,
        "netIncomeAfterTaxes": 665.7,
        "nonRecurringItems": -24.1,
        "period": "2021-12-31",
        "pretaxIncome": 728.2,
        "provisionforIncomeTaxes": 62.6,
        "researchDevelopment": 335.4,
        "revenue": 3461.2,
        "sgaExpense": 919.7,
        "totalOperatingExpense": 1385,
        "totalOtherIncomeExpenseNet": 1.8,
        "year": 2021
      },
      {
        "costOfGoodsSold": 1132.7,
        "depreciationAmortization": 124.9,
        "dilutedAverageSharesOutstanding": 165.2,
        "dilutedEPS": 3.37,
        "ebit": 721.6,
        "equityEarningsAffiliates": -13.1,
        "grossIncome": 2065.5,
        "interestExpense": 69.12,
        "interestIncomeExpense": -40,
        "netIncome": 557.1,
        "netIncomeAfterTaxes": 570.2,
        "nonRecurringItems": -63.1,
        "period": "2020-12-31",
        "pretaxIncome": 616.1,
        "provisionforIncomeTaxes": 45.9,
        "researchDevelopment": 269.3,
        "revenue": 3198.1,
        "sgaExpense": 949.6,
        "totalOperatingExpense": 1343.8,
        "totalOtherIncomeExpenseNet": -2.5,
        "year": 2020
      },
      {
        "costOfGoodsSold": 987.6,
        "depreciationAmortization": 117.2,
        "dilutedAverageSharesOutstanding": 164.6,
        "dilutedEPS": 2.9,
        "ebit": 578,
        "equityEarningsAffiliates": -1.1,
        "grossIncome": 1906,
        "interestExpense": 49.364,
        "interestIncomeExpense": -15,
        "netIncome": 478,
        "netIncomeAfterTaxes": 479.1,
        "nonRecurringItems": -29.1,
        "period": "2019-12-31",
        "pretaxIncome": 532.5,
        "provisionforIncomeTaxes": 53.4,
        "researchDevelopment": 261.4,
        "revenue": 2893.6,
        "sgaExpense": 949.5,
        "totalOperatingExpense": 1328,
        "totalOtherIncomeExpenseNet": -1.4,
        "year": 2019
      },
      {
        "costOfGoodsSold": 953.5,
        "depreciationAmortization": 113.3,
        "dilutedAverageSharesOutstanding": 169.2,
        "dilutedEPS": 1.78,
        "ebit": 466.1,
        "grossIncome": 1761,
        "interestExpense": 43.202,
        "interestIncomeExpense": -16.3,
        "netIncome": 298.4,
        "netIncomeAfterTaxes": 301.5,
        "nonRecurringItems": -103.6,
        "period": "2018-12-31",
        "pretaxIncome": 343.1,
        "provisionforIncomeTaxes": 41.6,
        "researchDevelopment": 246.2,
        "revenue": 2714.5,
        "sgaExpense": 935.4,
        "totalOperatingExpense": 1294.9,
        "totalOtherIncomeExpenseNet": -3.1,
        "year": 2018
      },
      {
        "costOfGoodsSold": 875.8,
        "depreciationAmortization": 107,
        "dilutedAverageSharesOutstanding": 172.7,
        "dilutedEPS": 1.29,
        "ebit": 392.6,
        "grossIncome": 1613.2,
        "interestExpense": 18.839,
        "interestIncomeExpense": -1,
        "netIncome": 222.8,
        "netIncomeAfterTaxes": 248.8,
        "nonRecurringItems": -78.3,
        "period": "2017-12-31",
        "pretaxIncome": 314.2,
        "provisionforIncomeTaxes": 65.4,
        "researchDevelopment": 222.4,
        "revenue": 2489,
        "sgaExpense": 891.2,
        "totalOperatingExpense": 1220.6,
        "totalOtherIncomeExpenseNet": 0.9,
        "year": 2017
      },
      {
        "costOfGoodsSold": 809.1,
        "depreciationAmortization": 102.8,
        "dilutedAverageSharesOutstanding": 176.2,
        "dilutedEPS": 1.82,
        "ebit": 477.8,
        "grossIncome": 1538.9,
        "interestExpense": 18.638,
        "interestIncomeExpense": -3.9,
        "netIncome": 320.7,
        "netIncomeAfterTaxes": 320.7,
        "nonRecurringItems": -11.3,
        "period": "2016-12-31",
        "pretaxIncome": 466.4,
        "provisionforIncomeTaxes": 145.6,
        "researchDevelopment": 167.6,
        "revenue": 2348,
        "sgaExpense": 790.6,
        "totalOperatingExpense": 1061.1,
        "totalOtherIncomeExpenseNet": 3.8,
        "year": 2016
      },
      {
        "costOfGoodsSold": 725.6,
        "depreciationAmortization": 81.6,
        "dilutedAverageSharesOutstanding": 180.4,
        "dilutedEPS": 1.78,
        "ebit": 468.7,
        "grossIncome": 1471.8,
        "interestExpense": 16.681,
        "interestIncomeExpense": -5.5,
        "netIncome": 321.4,
        "netIncomeAfterTaxes": 321.4,
        "nonRecurringItems": -2.5,
        "period": "2015-12-31",
        "pretaxIncome": 456.6,
        "provisionforIncomeTaxes": 135.2,
        "researchDevelopment": 148.6,
        "revenue": 2197.4,
        "sgaExpense": 772.9,
        "totalOperatingExpense": 1003.2,
        "totalOtherIncomeExpenseNet": -4,
        "year": 2015
      }
    ],
    "symbol": "AKAM"
  }
}