{
  "symbol": "IPG",
  "statement": "ic",
  "frequency": "quarterly",
  "timestamp": "2025-09-19T14:02:13.007049",
  "data": {
    "financials": [
      {
        "costOfGoodsSold": 2067.5,
        "depreciationAmortization": 61.2,
        "dilutedAverageSharesOutstanding": 370.1,
        "dilutedEPS": 0.4391,
        "ebit": 361.7,
        "equityEarningsAffiliates": 0.2,
        "grossIncome": 469.3,
        "interestExpense": 50.5,
        "interestIncomeExpense": -24.3,
        "minorityInterest": -1.1,
        "netIncome": 162.5,
        "netIncomeAfterTaxes": 163.4,
        "nonRecurringItems": -116.1,
        "period": "2025-06-30",
        "pretaxIncome": 218,
        "provisionforIncomeTaxes": 54.6,
        "revenue": 2536.8,
        "sgaExpense": 46.4,
        "totalOperatingExpense": 107.6,
        "totalOtherIncomeExpenseNet": -3.3
      },
      {
        "costOfGoodsSold": 2059.9,
        "depreciationAmortization": 61,
        "dilutedAverageSharesOutstanding": 372.5,
        "dilutedEPS": -0.2293,
        "ebit": 161.3,
        "equityEarningsAffiliates": -0.1,
        "grossIncome": 262.7,
        "interestExpense": 50.1,
        "interestIncomeExpense": -15.5,
        "minorityInterest": -0.1,
        "netIncome": -85.4,
        "netIncomeAfterTaxes": -85.2,
        "nonRecurringItems": -239.7,
        "period": "2025-03-31",
        "pretaxIncome": -94.4,
        "provisionforIncomeTaxes": -9.2,
        "revenue": 2322.6,
        "sgaExpense": 40.4,
        "totalOperatingExpense": 101.4,
        "totalOtherIncomeExpenseNet": -0.5
      },
      {
        "costOfGoodsSold": 2188,
        "depreciationAmortization": 63.4,
        "dilutedAverageSharesOutstanding": 374.7,
        "dilutedEPS": 0.9194,
        "ebit": 561.5,
        "equityEarningsAffiliates": 0.7,
        "grossIncome": 669,
        "interestExpense": 54.3,
        "interestIncomeExpense": -22.1,
        "minorityInterest": -13.8,
        "netIncome": 344.5,
        "netIncomeAfterTaxes": 357.6,
        "nonRecurringItems": -51.4,
        "period": "2024-12-31",
        "pretaxIncome": 483.3,
        "provisionforIncomeTaxes": 125.7,
        "revenue": 2857,
        "sgaExpense": 44.1,
        "totalOperatingExpense": 107.5,
        "totalOtherIncomeExpenseNet": -4.7
      },
      {
        "costOfGoodsSold": 2177.2,
        "depreciationAmortization": 65.3,
        "dilutedAverageSharesOutstanding": 376.8,
        "dilutedEPS": 0.0533,
        "ebit": 365.5,
        "equityEarningsAffiliates": 0,
        "grossIncome": 451.6,
        "interestExpense": 54.9,
        "interestIncomeExpense": -20.7,
        "minorityInterest": -4.1,
        "netIncome": 20.1,
        "netIncomeAfterTaxes": 24.2,
        "nonRecurringItems": -234.3,
        "period": "2024-09-30",
        "pretaxIncome": 109.5,
        "provisionforIncomeTaxes": 85.3,
        "revenue": 2628.8,
        "sgaExpense": 20.8,
        "totalOperatingExpense": 86.1,
        "totalOtherIncomeExpenseNet": -1
      },
      {
        "costOfGoodsSold": 2298.9,
        "depreciationAmortization": 65,
        "dilutedAverageSharesOutstanding": 378.7,
        "dilutedEPS": 0.5664,
        "ebit": 318.5,
        "equityEarningsAffiliates": -0.5,
        "grossIncome": 411.1,
        "interestExpense": 57.9,
        "interestIncomeExpense": -21.3,
        "minorityInterest": -5.1,
        "netIncome": 214.5,
        "netIncomeAfterTaxes": 220.1,
        "nonRecurringItems": 1.8,
        "period": "2024-06-30",
        "pretaxIncome": 295.7,
        "provisionforIncomeTaxes": 75.6,
        "revenue": 2710,
        "sgaExpense": 27.6,
        "totalOperatingExpense": 92.6,
        "totalOtherIncomeExpenseNet": -3.3
      },
      {
        "costOfGoodsSold": 2207.9,
        "depreciationAmortization": 65.2,
        "dilutedAverageSharesOutstanding": 380.6,
        "dilutedEPS": 0.2901,
        "ebit": 184.8,
        "equityEarningsAffiliates": 0.3,
        "grossIncome": 288,
        "interestExpense": 62.8,
        "interestIncomeExpense": -14.1,
        "minorityInterest": -3.2,
        "netIncome": 110.4,
        "netIncomeAfterTaxes": 113.3,
        "nonRecurringItems": -7.4,
        "period": "2024-03-31",
        "pretaxIncome": 160.6,
        "provisionforIncomeTaxes": 47.3,
        "revenue": 2495.9,
        "sgaExpense": 38,
        "totalOperatingExpense": 103.2,
        "totalOtherIncomeExpenseNet": -2.7
      },
      {
        "costOfGoodsSold": 2326.9,
        "depreciationAmortization": 65.3,
        "dilutedAverageSharesOutstanding": 383.2,
        "dilutedEPS": 1.2088,
        "ebit": 607.6,
        "equityEarningsAffiliates": 3,
        "grossIncome": 696.4,
        "interestExpense": 61.4,
        "interestIncomeExpense": -17.9,
        "minorityInterest": -8.4,
        "netIncome": 463.2,
        "netIncomeAfterTaxes": 468.6,
        "nonRecurringItems": 36,
        "period": "2023-12-31",
        "pretaxIncome": 623.9,
        "provisionforIncomeTaxes": 155.3,
        "revenue": 3023.3,
        "sgaExpense": 23.5,
        "totalOperatingExpense": 88.8,
        "totalOtherIncomeExpenseNet": -1.8
      },
      {
        "costOfGoodsSold": 2219.4,
        "depreciationAmortization": 66,
        "dilutedAverageSharesOutstanding": 385.5,
        "dilutedEPS": 0.63,
        "ebit": 376.2,
        "equityEarningsAffiliates": -2.3,
        "grossIncome": 459.1,
        "interestExpense": 58.7,
        "interestIncomeExpense": -23.6,
        "minorityInterest": -2,
        "netIncome": 243.7,
        "netIncomeAfterTaxes": 248,
        "nonRecurringItems": -11.5,
        "period": "2023-09-30",
        "pretaxIncome": 339.5,
        "provisionforIncomeTaxes": 91.5,
        "revenue": 2678.5,
        "sgaExpense": 16.9,
        "totalOperatingExpense": 82.9,
        "totalOtherIncomeExpenseNet": -1.6
      },
      {
        "costOfGoodsSold": 2277.1,
        "depreciationAmortization": 66.5,
        "dilutedAverageSharesOutstanding": 387.7,
        "dilutedEPS": 0.68,
        "ebit": 309,
        "equityEarningsAffiliates": 0.7,
        "grossIncome": 389.4,
        "interestExpense": 63.2,
        "interestIncomeExpense": -27.7,
        "minorityInterest": -3.2,
        "netIncome": 265.5,
        "netIncomeAfterTaxes": 268,
        "nonRecurringItems": -0.9,
        "period": "2023-06-30",
        "pretaxIncome": 278.6,
        "provisionforIncomeTaxes": 10.6,
        "revenue": 2666.5,
        "sgaExpense": 13.9,
        "totalOperatingExpense": 80.4,
        "totalOtherIncomeExpenseNet": -1.8
      },
      {
        "costOfGoodsSold": 2251.7,
        "depreciationAmortization": 66.5,
        "dilutedAverageSharesOutstanding": 387.4,
        "dilutedEPS": 0.33,
        "ebit": 189.9,
        "equityEarningsAffiliates": -0.1,
        "grossIncome": 269.3,
        "interestExpense": 55.8,
        "interestIncomeExpense": -15.6,
        "minorityInterest": -6.1,
        "netIncome": 126,
        "netIncomeAfterTaxes": 132.2,
        "nonRecurringItems": -5.8,
        "period": "2023-03-31",
        "pretaxIncome": 166,
        "provisionforIncomeTaxes": 33.8,
        "revenue": 2521,
        "sgaExpense": 12.9,
        "totalOperatingExpense": 79.4,
        "totalOtherIncomeExpenseNet": -2.5
      },
      {
        "costOfGoodsSold": 2337.6,
        "depreciationAmortization": 72.1,
        "dilutedAverageSharesOutstanding": 391.8,
        "dilutedEPS": 0.76,
        "ebit": 546.3,
        "equityEarningsAffiliates": 2.3,
        "grossIncome": 648.3,
        "interestExpense": 49.4,
        "interestIncomeExpense": -24,
        "minorityInterest": -8.7,
        "netIncome": 297.2,
        "netIncomeAfterTaxes": 303.6,
        "nonRecurringItems": -109,
        "period": "2022-12-31",
        "pretaxIncome": 412.8,
        "provisionforIncomeTaxes": 109.2,
        "revenue": 2985.9,
        "sgaExpense": 29.9,
        "totalOperatingExpense": 102,
        "totalOtherIncomeExpenseNet": -0.5
      },
      {
        "costOfGoodsSold": 2216.2,
        "depreciationAmortization": 67,
        "dilutedAverageSharesOutstanding": 394.1,
        "dilutedEPS": 0.64,
        "ebit": 336,
        "equityEarningsAffiliates": 2.5,
        "grossIncome": 421.5,
        "interestExpense": 44.9,
        "interestIncomeExpense": -27.9,
        "minorityInterest": -5.7,
        "netIncome": 251.8,
        "netIncomeAfterTaxes": 255,
        "nonRecurringItems": 8.9,
        "period": "2022-09-30",
        "pretaxIncome": 331.4,
        "provisionforIncomeTaxes": 76.4,
        "revenue": 2637.7,
        "sgaExpense": 18.5,
        "totalOperatingExpense": 85.5,
        "totalOtherIncomeExpenseNet": 14.4
      },
      {
        "costOfGoodsSold": 2300.2,
        "depreciationAmortization": 67.1,
        "dilutedAverageSharesOutstanding": 396.8,
        "dilutedEPS": 0.58,
        "ebit": 349,
        "equityEarningsAffiliates": 0.7,
        "grossIncome": 435.5,
        "interestExpense": 41,
        "interestIncomeExpense": -29.8,
        "minorityInterest": -2.2,
        "netIncome": 229.6,
        "netIncomeAfterTaxes": 231.1,
        "nonRecurringItems": -0.6,
        "period": "2022-06-30",
        "pretaxIncome": 314.8,
        "provisionforIncomeTaxes": 83.7,
        "revenue": 2735.7,
        "sgaExpense": 19.4,
        "totalOperatingExpense": 86.5,
        "totalOtherIncomeExpenseNet": -3.8
      },
      {
        "costOfGoodsSold": 2229.1,
        "depreciationAmortization": 67.8,
        "dilutedAverageSharesOutstanding": 398.4,
        "dilutedEPS": 0.4,
        "ebit": 252.3,
        "equityEarningsAffiliates": 0.1,
        "grossIncome": 339.4,
        "interestExpense": 39.4,
        "interestIncomeExpense": -29.6,
        "minorityInterest": -1.5,
        "netIncome": 159.4,
        "netIncomeAfterTaxes": 160.8,
        "nonRecurringItems": -13,
        "period": "2022-03-31",
        "pretaxIncome": 209.9,
        "provisionforIncomeTaxes": 49.1,
        "revenue": 2568.5,
        "sgaExpense": 19.3,
        "totalOperatingExpense": 87.1,
        "totalOtherIncomeExpenseNet": 0.2
      },
      {
        "costOfGoodsSold": 2354.2,
        "depreciationAmortization": 75.1,
        "dilutedAverageSharesOutstanding": 398.7,
        "dilutedEPS": 0.9,
        "ebit": 470.3,
        "equityEarningsAffiliates": 2.1,
        "grossIncome": 577.9,
        "interestExpense": 38,
        "interestIncomeExpense": -30.2,
        "minorityInterest": -10.1,
        "netIncome": 357.9,
        "netIncomeAfterTaxes": 365.9,
        "nonRecurringItems": -13.8,
        "period": "2021-12-31",
        "pretaxIncome": 433.3,
        "provisionforIncomeTaxes": 67.4,
        "revenue": 2932.1,
        "sgaExpense": 32.5,
        "totalOperatingExpense": 107.6,
        "totalOtherIncomeExpenseNet": 7
      },
      {
        "costOfGoodsSold": 2092.4,
        "depreciationAmortization": 69.4,
        "dilutedAverageSharesOutstanding": 399.8,
        "dilutedEPS": 0.6,
        "ebit": 348,
        "equityEarningsAffiliates": 0.2,
        "grossIncome": 449.6,
        "interestExpense": 42.9,
        "interestIncomeExpense": -35.5,
        "minorityInterest": -4.7,
        "netIncome": 239.9,
        "netIncomeAfterTaxes": 244.4,
        "nonRecurringItems": -0.9,
        "period": "2021-09-30",
        "pretaxIncome": 318.3,
        "provisionforIncomeTaxes": 73.9,
        "revenue": 2542,
        "sgaExpense": 32.2,
        "totalOperatingExpense": 101.6,
        "totalOtherIncomeExpenseNet": 6.7
      },
      {
        "costOfGoodsSold": 2025.9,
        "depreciationAmortization": 70.1,
        "dilutedAverageSharesOutstanding": 399,
        "dilutedEPS": 0.66,
        "ebit": 384.2,
        "equityEarningsAffiliates": 0.4,
        "grossIncome": 483.7,
        "interestExpense": 42.6,
        "interestIncomeExpense": -35,
        "minorityInterest": -4.5,
        "netIncome": 263.3,
        "netIncomeAfterTaxes": 267.4,
        "nonRecurringItems": -1.5,
        "period": "2021-06-30",
        "pretaxIncome": 354.1,
        "provisionforIncomeTaxes": 86.7,
        "revenue": 2509.6,
        "sgaExpense": 29.4,
        "totalOperatingExpense": 99.5,
        "totalOtherIncomeExpenseNet": 6.4
      },
      {
        "costOfGoodsSold": 1915.3,
        "depreciationAmortization": 69.2,
        "dilutedAverageSharesOutstanding": 396,
        "dilutedEPS": 0.23,
        "ebit": 244.3,
        "equityEarningsAffiliates": -0.2,
        "grossIncome": 341.7,
        "interestExpense": 49.6,
        "interestIncomeExpense": -42.7,
        "minorityInterest": -0.7,
        "netIncome": 91.7,
        "netIncomeAfterTaxes": 92.6,
        "nonRecurringItems": -87.8,
        "period": "2021-03-31",
        "pretaxIncome": 116.4,
        "provisionforIncomeTaxes": 23.8,
        "revenue": 2257,
        "sgaExpense": 28.2,
        "totalOperatingExpense": 97.4,
        "totalOtherIncomeExpenseNet": 2.6
      },
      {
        "costOfGoodsSold": 1976.6,
        "depreciationAmortization": 73.7,
        "dilutedAverageSharesOutstanding": 395,
        "dilutedEPS": 0.28,
        "ebit": 477.3,
        "equityEarningsAffiliates": 1.5,
        "grossIncome": 573.4,
        "interestExpense": 46.8,
        "interestIncomeExpense": -40,
        "minorityInterest": -4.7,
        "netIncome": 112.3,
        "netIncomeAfterTaxes": 115.5,
        "nonRecurringItems": -269.1,
        "period": "2020-12-31",
        "pretaxIncome": 173.6,
        "provisionforIncomeTaxes": 58.1,
        "revenue": 2550,
        "sgaExpense": 22.4,
        "totalOperatingExpense": 96.1,
        "totalOtherIncomeExpenseNet": 5.4
      },
      {
        "costOfGoodsSold": 1748.7,
        "depreciationAmortization": 71,
        "dilutedAverageSharesOutstanding": 393.9,
        "dilutedEPS": 0.71,
        "ebit": 295.9,
        "equityEarningsAffiliates": -0.4,
        "grossIncome": 376.8,
        "interestExpense": 50.8,
        "interestIncomeExpense": -44.7,
        "minorityInterest": 1.2,
        "netIncome": 279.7,
        "netIncomeAfterTaxes": 278.9,
        "nonRecurringItems": -55.9,
        "period": "2020-09-30",
        "pretaxIncome": 192.6,
        "provisionforIncomeTaxes": -86.3,
        "revenue": 2125.5,
        "sgaExpense": 9.9,
        "totalOperatingExpense": 80.9,
        "totalOtherIncomeExpenseNet": -2.7
      },
      {
        "costOfGoodsSold": 1795.4,
        "depreciationAmortization": 73.1,
        "dilutedAverageSharesOutstanding": 389.4,
        "dilutedEPS": -0.12,
        "ebit": 153.1,
        "equityEarningsAffiliates": 0,
        "grossIncome": 230.3,
        "interestExpense": 49.8,
        "interestIncomeExpense": -43.9,
        "minorityInterest": -1.7,
        "netIncome": -45.6,
        "netIncomeAfterTaxes": -43.9,
        "nonRecurringItems": -132.5,
        "period": "2020-06-30",
        "pretaxIncome": -24.9,
        "provisionforIncomeTaxes": 19,
        "revenue": 2025.7,
        "sgaExpense": 4.1,
        "totalOperatingExpense": 77.2,
        "totalOtherIncomeExpenseNet": -1.6
      },
      {
        "costOfGoodsSold": 2188.7,
        "depreciationAmortization": 72.8,
        "dilutedAverageSharesOutstanding": 391.7,
        "dilutedEPS": 0.01,
        "ebit": 75.9,
        "equityEarningsAffiliates": -0.2,
        "grossIncome": 171.1,
        "interestExpense": 44.8,
        "interestIncomeExpense": -34.1,
        "minorityInterest": 2.1,
        "netIncome": 4.7,
        "netIncomeAfterTaxes": 2.8,
        "nonRecurringItems": -23.3,
        "period": "2020-03-31",
        "pretaxIncome": 20,
        "provisionforIncomeTaxes": 17.2,
        "revenue": 2359.8,
        "sgaExpense": 22.4,
        "totalOperatingExpense": 95.2,
        "totalOtherIncomeExpenseNet": 1.5
      },
      {
        "costOfGoodsSold": 2320.6,
        "depreciationAmortization": 65.4,
        "dilutedAverageSharesOutstanding": 393.9,
        "dilutedEPS": 0.83,
        "ebit": 491.3,
        "equityEarningsAffiliates": 0.5,
        "grossIncome": 581.2,
        "interestExpense": 48.2,
        "interestIncomeExpense": -38.7,
        "minorityInterest": -13.3,
        "netIncome": 328.9,
        "netIncomeAfterTaxes": 341.7,
        "nonRecurringItems": -23.9,
        "period": "2019-12-31",
        "pretaxIncome": 427.8,
        "provisionforIncomeTaxes": 86.1,
        "revenue": 2901.8,
        "sgaExpense": 24.5,
        "totalOperatingExpense": 89.9,
        "totalOtherIncomeExpenseNet": -0.9
      },
      {
        "costOfGoodsSold": 2079,
        "depreciationAmortization": 69,
        "dilutedAverageSharesOutstanding": 391.8,
        "dilutedEPS": 0.42,
        "ebit": 280.3,
        "equityEarningsAffiliates": 0.3,
        "grossIncome": 359.1,
        "interestExpense": 49.7,
        "interestIncomeExpense": -40.2,
        "minorityInterest": -2.8,
        "netIncome": 165.6,
        "netIncomeAfterTaxes": 168.1,
        "nonRecurringItems": -7.7,
        "period": "2019-09-30",
        "pretaxIncome": 232.7,
        "provisionforIncomeTaxes": 64.6,
        "revenue": 2438.1,
        "sgaExpense": 9.8,
        "totalOperatingExpense": 78.8,
        "totalOtherIncomeExpenseNet": 0.3
      },
      {
        "costOfGoodsSold": 2162.8,
        "depreciationAmortization": 73,
        "dilutedAverageSharesOutstanding": 391.2,
        "dilutedEPS": 0.43,
        "ebit": 266.3,
        "equityEarningsAffiliates": -0.1,
        "grossIncome": 357.4,
        "interestExpense": 51.6,
        "interestIncomeExpense": -43.9,
        "minorityInterest": -3.3,
        "netIncome": 169.5,
        "netIncomeAfterTaxes": 172.9,
        "nonRecurringItems": -5.3,
        "period": "2019-06-30",
        "pretaxIncome": 216.5,
        "provisionforIncomeTaxes": 43.6,
        "revenue": 2520.2,
        "sgaExpense": 18.1,
        "totalOperatingExpense": 91.1,
        "totalOtherIncomeExpenseNet": -0.6
      },
      {
        "costOfGoodsSold": 2166.7,
        "depreciationAmortization": 71.1,
        "dilutedAverageSharesOutstanding": 384.5,
        "dilutedEPS": -0.02,
        "ebit": 82,
        "equityEarningsAffiliates": -0.3,
        "grossIncome": 194.5,
        "interestExpense": 49.8,
        "interestIncomeExpense": -42,
        "minorityInterest": 1.5,
        "netIncome": -8,
        "netIncomeAfterTaxes": -9.2,
        "nonRecurringItems": -40.4,
        "period": "2019-03-31",
        "pretaxIncome": 1.3,
        "provisionforIncomeTaxes": 10.5,
        "revenue": 2361.2,
        "sgaExpense": 41.4,
        "totalOperatingExpense": 112.5,
        "totalOtherIncomeExpenseNet": 1.7
      },
      {
        "costOfGoodsSold": 2247,
        "depreciationAmortization": 68.9,
        "dilutedAverageSharesOutstanding": 390.8,
        "dilutedEPS": 0.83,
        "ebit": 459.1,
        "equityEarningsAffiliates": 0.8,
        "grossIncome": 609,
        "interestExpense": 49.4,
        "interestIncomeExpense": -41.6,
        "minorityInterest": -16.3,
        "netIncome": 326.2,
        "netIncomeAfterTaxes": 341.7,
        "nonRecurringItems": -11.9,
        "period": "2018-12-31",
        "pretaxIncome": 403.9,
        "provisionforIncomeTaxes": 62.2,
        "revenue": 2856,
        "sgaExpense": 81,
        "totalOperatingExpense": 149.9,
        "totalOtherIncomeExpenseNet": -1.7
      },
      {
        "costOfGoodsSold": 1970.2,
        "depreciationAmortization": 44,
        "dilutedAverageSharesOutstanding": 388.4,
        "dilutedEPS": 0.41,
        "ebit": 261.7,
        "equityEarningsAffiliates": 0.1,
        "grossIncome": 327.3,
        "interestExpense": 27.6,
        "interestIncomeExpense": -22.3,
        "minorityInterest": -2.5,
        "netIncome": 161,
        "netIncomeAfterTaxes": 163.4,
        "nonRecurringItems": -5.8,
        "period": "2018-09-30",
        "pretaxIncome": 224.1,
        "provisionforIncomeTaxes": 60.7,
        "revenue": 2297.5,
        "sgaExpense": 21.6,
        "totalOperatingExpense": 65.6,
        "totalOtherIncomeExpenseNet": -9.5
      },
      {
        "costOfGoodsSold": 2069.8,
        "depreciationAmortization": 44,
        "dilutedAverageSharesOutstanding": 389.5,
        "dilutedEPS": 0.37,
        "ebit": 249.2,
        "equityEarningsAffiliates": -0.1,
        "grossIncome": 322,
        "interestExpense": 26.1,
        "interestIncomeExpense": -21.4,
        "minorityInterest": -2,
        "netIncome": 145.8,
        "netIncomeAfterTaxes": 147.9,
        "nonRecurringItems": -19.8,
        "period": "2018-06-30",
        "pretaxIncome": 211.5,
        "provisionforIncomeTaxes": 63.6,
        "revenue": 2391.8,
        "sgaExpense": 28.8,
        "totalOperatingExpense": 72.8,
        "totalOtherIncomeExpenseNet": 3.5
      },
      {
        "costOfGoodsSold": 2049.2,
        "depreciationAmortization": 46,
        "dilutedAverageSharesOutstanding": 383.4,
        "dilutedEPS": -0.04,
        "ebit": 38.8,
        "equityEarningsAffiliates": -1.9,
        "grossIncome": 119.9,
        "interestExpense": 19.9,
        "interestIncomeExpense": -15.9,
        "minorityInterest": 2,
        "netIncome": -14.1,
        "netIncomeAfterTaxes": -14.2,
        "nonRecurringItems": -24.4,
        "period": "2018-03-31",
        "pretaxIncome": -1.5,
        "provisionforIncomeTaxes": 12.7,
        "revenue": 2169.1,
        "sgaExpense": 35.1,
        "totalOperatingExpense": 81.1,
        "totalOtherIncomeExpenseNet": 0
      },
      {
        "costOfGoodsSold": 2084.8,
        "depreciationAmortization": 32.6,
        "dilutedAverageSharesOutstanding": 393.4,
        "dilutedEPS": 0.64,
        "ebit": 423,
        "equityEarningsAffiliates": 0.8,
        "grossIncome": 505,
        "interestExpense": 23.2,
        "interestIncomeExpense": -17.8,
        "minorityInterest": -16.9,
        "netIncome": 252.3,
        "netIncomeAfterTaxes": 268.4,
        "nonRecurringItems": -3.2,
        "period": "2017-12-31",
        "pretaxIncome": 403.5,
        "provisionforIncomeTaxes": 135.1,
        "revenue": 2589.8,
        "sgaExpense": 49.4,
        "totalOperatingExpense": 82,
        "totalOtherIncomeExpenseNet": 1.5
      },
      {
        "costOfGoodsSold": 1897.4,
        "depreciationAmortization": 42.2,
        "dilutedAverageSharesOutstanding": 397.2,
        "dilutedEPS": 0.43,
        "ebit": 255,
        "equityEarningsAffiliates": -1,
        "grossIncome": 310.8,
        "interestExpense": 21,
        "interestIncomeExpense": -16.9,
        "minorityInterest": -2.6,
        "netIncome": 169.7,
        "netIncomeAfterTaxes": 173.3,
        "nonRecurringItems": -8.7,
        "period": "2017-09-30",
        "pretaxIncome": 228.2,
        "provisionforIncomeTaxes": 54.9,
        "revenue": 2208.2,
        "sgaExpense": 13.6,
        "totalOperatingExpense": 55.8,
        "totalOtherIncomeExpenseNet": -1.2
      },
      {
        "costOfGoodsSold": 1898.5,
        "depreciationAmortization": 41.3,
        "dilutedAverageSharesOutstanding": 400.3,
        "dilutedEPS": 0.27,
        "ebit": 225.7,
        "equityEarningsAffiliates": -0.1,
        "grossIncome": 287.3,
        "interestExpense": 25.7,
        "interestIncomeExpense": -21,
        "minorityInterest": 0.1,
        "netIncome": 107.7,
        "netIncomeAfterTaxes": 107.7,
        "nonRecurringItems": -13.1,
        "otherOperatingExpensesTotal": 0.3,
        "period": "2017-06-30",
        "pretaxIncome": 189.3,
        "provisionforIncomeTaxes": 81.6,
        "revenue": 2185.8,
        "sgaExpense": 20,
        "totalOperatingExpense": 61.6,
        "totalOtherIncomeExpenseNet": -2.3
      },
      {
        "costOfGoodsSold": 1952.9,
        "depreciationAmortization": 41,
        "dilutedAverageSharesOutstanding": 399.3,
        "dilutedEPS": 0.06,
        "ebit": 34.7,
        "equityEarningsAffiliates": 1.2,
        "grossIncome": 110.9,
        "interestExpense": 20.9,
        "interestIncomeExpense": -15.7,
        "minorityInterest": 3.4,
        "netIncome": 24.7,
        "netIncomeAfterTaxes": 20.1,
        "nonRecurringItems": 0.9,
        "period": "2017-03-31",
        "pretaxIncome": 19.8,
        "provisionforIncomeTaxes": -0.3,
        "revenue": 2063.8,
        "sgaExpense": 35.2,
        "totalOperatingExpense": 76.2,
        "totalOtherIncomeExpenseNet": -0.1
      },
      {
        "costOfGoodsSold": 2817.4,
        "depreciationAmortization": 160.2,
        "dilutedAverageSharesOutstanding": 405.6,
        "dilutedEPS": 0.77,
        "ebit": 483.5,
        "equityEarningsAffiliates": 1.9,
        "grossIncome": 656.7,
        "interestExpense": 21.8,
        "interestIncomeExpense": -17.8,
        "minorityInterest": -19.3,
        "netIncome": 314.1,
        "netIncomeAfterTaxes": 331.5,
        "nonRecurringItems": -26.8,
        "period": "2016-12-31",
        "pretaxIncome": 436.5,
        "provisionforIncomeTaxes": 105,
        "revenue": 3474.1,
        "sgaExpense": 13,
        "totalOperatingExpense": 173.2,
        "totalOtherIncomeExpenseNet": -2.4
      },
      {
        "costOfGoodsSold": 1228.8,
        "dilutedAverageSharesOutstanding": 407.9,
        "dilutedEPS": 0.32,
        "ebit": 207.2,
        "equityEarningsAffiliates": 0.2,
        "grossIncome": 693.4,
        "interestExpense": 21.7,
        "interestIncomeExpense": -17,
        "minorityInterest": -4.1,
        "netIncome": 128.6,
        "netIncomeAfterTaxes": 132.5,
        "nonRecurringItems": 3.9,
        "period": "2016-09-30",
        "pretaxIncome": 196.3,
        "provisionforIncomeTaxes": 63.8,
        "revenue": 1922.2,
        "sgaExpense": 486.2,
        "totalOperatingExpense": 486.2,
        "totalOtherIncomeExpenseNet": 2.2
      },
      {
        "costOfGoodsSold": 1229,
        "dilutedAverageSharesOutstanding": 409.8,
        "dilutedEPS": 0.38,
        "ebit": 224.8,
        "equityEarningsAffiliates": -1.9,
        "grossIncome": 688.9,
        "interestExpense": 24.5,
        "interestIncomeExpense": -18.9,
        "minorityInterest": -3.3,
        "netIncome": 156.9,
        "netIncomeAfterTaxes": 162.1,
        "nonRecurringItems": -2.2,
        "period": "2016-06-30",
        "pretaxIncome": 205.8,
        "provisionforIncomeTaxes": 43.7,
        "revenue": 1917.9,
        "sgaExpense": 464.1,
        "totalOperatingExpense": 464.1,
        "totalOtherIncomeExpenseNet": 2.1
      },
      {
        "costOfGoodsSold": 1270.9,
        "dilutedAverageSharesOutstanding": 409.3,
        "dilutedEPS": 0.01,
        "ebit": 20.9,
        "equityEarningsAffiliates": 0.1,
        "grossIncome": 471.1,
        "interestExpense": 22.6,
        "interestIncomeExpense": -16.8,
        "minorityInterest": 2.7,
        "netIncome": 5.4,
        "netIncomeAfterTaxes": 2.6,
        "nonRecurringItems": -16.3,
        "period": "2016-03-31",
        "pretaxIncome": -13,
        "provisionforIncomeTaxes": -15.6,
        "revenue": 1742,
        "sgaExpense": 450.2,
        "totalOperatingExpense": 450.2,
        "totalOtherIncomeExpenseNet": -0.8
      },
      {
        "costOfGoodsSold": 1235.1,
        "dilutedAverageSharesOutstanding": 411.8,
        "dilutedEPS": 0.63,
        "ebit": 455.6,
        "equityEarningsAffiliates": 0.5,
        "grossIncome": 961.1,
        "interestExpense": 23.3,
        "interestIncomeExpense": -18.3,
        "minorityInterest": -22.6,
        "netIncome": 260.3,
        "netIncomeAfterTaxes": 282.4,
        "nonRecurringItems": -11,
        "period": "2015-12-31",
        "pretaxIncome": 427.8,
        "provisionforIncomeTaxes": 145.4,
        "revenue": 2196.2,
        "sgaExpense": 505.5,
        "totalOperatingExpense": 505.5,
        "totalOtherIncomeExpenseNet": 1.5
      },
      {
        "costOfGoodsSold": 1202.2,
        "dilutedAverageSharesOutstanding": 415.5,
        "dilutedEPS": 0.18,
        "ebit": 191.9,
        "equityEarningsAffiliates": 0.1,
        "grossIncome": 663.3,
        "interestExpense": 21.3,
        "interestIncomeExpense": -15.7,
        "minorityInterest": -3.1,
        "netIncome": 74.9,
        "netIncomeAfterTaxes": 77.9,
        "nonRecurringItems": -37.6,
        "period": "2015-09-30",
        "pretaxIncome": 139,
        "provisionforIncomeTaxes": 61.1,
        "revenue": 1865.5,
        "sgaExpense": 471.4,
        "totalOperatingExpense": 471.4,
        "totalOtherIncomeExpenseNet": 0.4
      }
    ],
    "symbol": "IPG"
  }
}