{
  "symbol": "TSCO",
  "statement": "ic",
  "frequency": "quarterly",
  "timestamp": "2025-09-19T14:07:38.000343",
  "data": {
    "financials": [
      {
        "costOfGoodsSold": 2799.755,
        "depreciationAmortization": 122.099,
        "dilutedAverageSharesOutstanding": 532.205,
        "dilutedEPS": 0.808,
        "ebit": 577.812,
        "grossIncome": 1639.974,
        "interestExpense": 17.983,
        "interestIncomeExpense": -17.983,
        "netIncome": 430.043,
        "netIncomeAfterTaxes": 430.043,
        "period": "2025-06-28",
        "pretaxIncome": 559.829,
        "provisionforIncomeTaxes": 129.786,
        "revenue": 4439.729,
        "sgaExpense": 940.063,
        "totalOperatingExpense": 1062.162
      },
      {
        "costOfGoodsSold": 2211.53,
        "depreciationAmortization": 120.079,
        "dilutedAverageSharesOutstanding": 534.099,
        "dilutedEPS": 0.3358,
        "ebit": 249.137,
        "grossIncome": 1255.422,
        "interestExpense": 19.641,
        "interestIncomeExpense": -19.641,
        "netIncome": 179.369,
        "netIncomeAfterTaxes": 179.369,
        "period": "2025-03-29",
        "pretaxIncome": 229.496,
        "provisionforIncomeTaxes": 50.127,
        "revenue": 3466.952,
        "sgaExpense": 886.206,
        "totalOperatingExpense": 1006.285
      },
      {
        "costOfGoodsSold": 2443.901,
        "depreciationAmortization": 120.055,
        "dilutedAverageSharesOutstanding": 536.403,
        "dilutedEPS": 0.4407,
        "ebit": 318.349,
        "grossIncome": 1329.63,
        "interestExpense": 17.203,
        "interestIncomeExpense": -17.203,
        "netIncome": 236.406,
        "netIncomeAfterTaxes": 236.406,
        "period": "2024-12-28",
        "pretaxIncome": 301.146,
        "provisionforIncomeTaxes": 64.74,
        "revenue": 3773.531,
        "sgaExpense": 891.226,
        "totalOperatingExpense": 1011.281
      },
      {
        "costOfGoodsSold": 2177.797,
        "depreciationAmortization": 113.55,
        "dilutedAverageSharesOutstanding": 538.39,
        "dilutedEPS": 0.45,
        "ebit": 324.599,
        "grossIncome": 1290.448,
        "interestExpense": 13.875,
        "interestIncomeExpense": -13.875,
        "netIncome": 241.47,
        "netIncomeAfterTaxes": 241.47,
        "period": "2024-09-28",
        "pretaxIncome": 310.724,
        "provisionforIncomeTaxes": 69.254,
        "revenue": 3468.245,
        "sgaExpense": 852.299,
        "totalOperatingExpense": 965.849
      },
      {
        "costOfGoodsSold": 2690.996,
        "depreciationAmortization": 109.265,
        "dilutedAverageSharesOutstanding": 541.175,
        "dilutedEPS": 0.79,
        "ebit": 561.458,
        "grossIncome": 1555.626,
        "interestExpense": 11.612,
        "interestIncomeExpense": -11.612,
        "netIncome": 425.196,
        "netIncomeAfterTaxes": 425.196,
        "period": "2024-06-29",
        "pretaxIncome": 549.846,
        "provisionforIncomeTaxes": 124.65,
        "revenue": 4246.622,
        "sgaExpense": 884.903,
        "totalOperatingExpense": 994.168
      },
      {
        "costOfGoodsSold": 2173.98,
        "depreciationAmortization": 104.293,
        "dilutedAverageSharesOutstanding": 542.64,
        "dilutedEPS": 0.37,
        "ebit": 263.125,
        "grossIncome": 1220.854,
        "interestExpense": 11.902,
        "interestIncomeExpense": -11.902,
        "netIncome": 198.167,
        "netIncomeAfterTaxes": 198.167,
        "period": "2024-03-30",
        "pretaxIncome": 251.223,
        "provisionforIncomeTaxes": 53.056,
        "revenue": 3394.834,
        "sgaExpense": 853.436,
        "totalOperatingExpense": 957.729
      },
      {
        "costOfGoodsSold": 2366.778,
        "depreciationAmortization": 103.274,
        "dilutedAverageSharesOutstanding": 544.095,
        "dilutedEPS": 0.46,
        "ebit": 334.235,
        "grossIncome": 1293.063,
        "interestExpense": 11.948,
        "interestIncomeExpense": -11.948,
        "netIncome": 247.903,
        "netIncomeAfterTaxes": 247.903,
        "period": "2023-12-30",
        "pretaxIncome": 322.287,
        "provisionforIncomeTaxes": 74.384,
        "revenue": 3659.841,
        "sgaExpense": 855.554,
        "totalOperatingExpense": 958.828
      },
      {
        "costOfGoodsSold": 2161.501,
        "depreciationAmortization": 90.263,
        "dilutedAverageSharesOutstanding": 546.715,
        "dilutedEPS": 0.47,
        "ebit": 340.905,
        "grossIncome": 1250.479,
        "interestExpense": 9.539,
        "interestIncomeExpense": -9.539,
        "netIncome": 255.001,
        "netIncomeAfterTaxes": 255.001,
        "period": "2023-09-30",
        "pretaxIncome": 331.366,
        "provisionforIncomeTaxes": 76.365,
        "revenue": 3411.98,
        "sgaExpense": 819.311,
        "totalOperatingExpense": 909.574
      },
      {
        "costOfGoodsSold": 2669.926,
        "depreciationAmortization": 102.279,
        "dilutedAverageSharesOutstanding": 550.205,
        "dilutedEPS": 0.77,
        "ebit": 559.332,
        "grossIncome": 1514.769,
        "interestExpense": 12.343,
        "interestIncomeExpense": -12.343,
        "netIncome": 421.234,
        "netIncomeAfterTaxes": 421.234,
        "period": "2023-07-01",
        "pretaxIncome": 546.989,
        "provisionforIncomeTaxes": 125.755,
        "revenue": 4184.695,
        "sgaExpense": 853.158,
        "totalOperatingExpense": 955.437
      },
      {
        "costOfGoodsSold": 2129.317,
        "depreciationAmortization": 97.233,
        "dilutedAverageSharesOutstanding": 553.905,
        "dilutedEPS": 0.33,
        "ebit": 244.44,
        "grossIncome": 1169.908,
        "interestExpense": 12.68,
        "interestIncomeExpense": -12.68,
        "netIncome": 183.088,
        "netIncomeAfterTaxes": 183.088,
        "period": "2023-04-01",
        "pretaxIncome": 231.76,
        "provisionforIncomeTaxes": 48.672,
        "revenue": 3299.225,
        "sgaExpense": 828.235,
        "totalOperatingExpense": 925.468
      },
      {
        "costOfGoodsSold": 2642.75,
        "depreciationAmortization": 94.82,
        "dilutedAverageSharesOutstanding": 556.065,
        "dilutedEPS": 0.49,
        "ebit": 359.21,
        "grossIncome": 1363.625,
        "interestExpense": 10.241,
        "interestIncomeExpense": -10.241,
        "netIncome": 270.87,
        "netIncomeAfterTaxes": 270.87,
        "nonRecurringItems": 0,
        "period": "2022-12-31",
        "pretaxIncome": 348.969,
        "provisionforIncomeTaxes": 78.099,
        "revenue": 4006.375,
        "sgaExpense": 909.595,
        "totalOperatingExpense": 1004.415
      },
      {
        "costOfGoodsSold": 2104.989,
        "depreciationAmortization": 87.236,
        "dilutedAverageSharesOutstanding": 557.8,
        "dilutedEPS": 0.42,
        "ebit": 306.412,
        "grossIncome": 1165.815,
        "interestExpense": 6.226,
        "interestIncomeExpense": -6.226,
        "netIncome": 234.137,
        "netIncomeAfterTaxes": 234.137,
        "period": "2022-09-24",
        "pretaxIncome": 300.186,
        "provisionforIncomeTaxes": 66.049,
        "revenue": 3270.804,
        "sgaExpense": 772.167,
        "totalOperatingExpense": 859.403
      },
      {
        "costOfGoodsSold": 2517.151,
        "depreciationAmortization": 83.36,
        "dilutedAverageSharesOutstanding": 561.59,
        "dilutedEPS": 0.71,
        "ebit": 525.035,
        "grossIncome": 1386.255,
        "interestExpense": 7.097,
        "interestIncomeExpense": -7.097,
        "netIncome": 396.478,
        "netIncomeAfterTaxes": 396.478,
        "period": "2022-06-25",
        "pretaxIncome": 517.938,
        "provisionforIncomeTaxes": 121.46,
        "revenue": 3903.406,
        "sgaExpense": 777.86,
        "totalOperatingExpense": 861.22
      },
      {
        "costOfGoodsSold": 1967.623,
        "depreciationAmortization": 77.646,
        "dilutedAverageSharesOutstanding": 567.52,
        "dilutedEPS": 0.33,
        "ebit": 244.286,
        "grossIncome": 1056.509,
        "interestExpense": 7.069,
        "interestIncomeExpense": -7.069,
        "netIncome": 187.227,
        "netIncomeAfterTaxes": 187.227,
        "period": "2022-03-26",
        "pretaxIncome": 237.217,
        "provisionforIncomeTaxes": 49.99,
        "revenue": 3024.132,
        "sgaExpense": 734.577,
        "totalOperatingExpense": 812.223
      },
      {
        "costOfGoodsSold": 2198.706,
        "depreciationAmortization": 75.427,
        "dilutedAverageSharesOutstanding": 573.93,
        "dilutedEPS": 0.39,
        "ebit": 293.054,
        "grossIncome": 1120.578,
        "interestExpense": 6.542,
        "interestIncomeExpense": -6.542,
        "netIncome": 221.338,
        "netIncomeAfterTaxes": 221.338,
        "nonRecurringItems": 0,
        "period": "2021-12-25",
        "pretaxIncome": 286.512,
        "provisionforIncomeTaxes": 65.174,
        "revenue": 3319.284,
        "sgaExpense": 752.097,
        "totalOperatingExpense": 827.524
      },
      {
        "costOfGoodsSold": 1932.616,
        "depreciationAmortization": 69.824,
        "dilutedAverageSharesOutstanding": 575.965,
        "dilutedEPS": 0.39,
        "ebit": 297.225,
        "grossIncome": 1085.31,
        "interestExpense": 6.146,
        "interestIncomeExpense": -6.146,
        "netIncome": 224.4,
        "netIncomeAfterTaxes": 224.4,
        "period": "2021-09-25",
        "pretaxIncome": 291.079,
        "provisionforIncomeTaxes": 66.679,
        "revenue": 3017.926,
        "sgaExpense": 718.261,
        "totalOperatingExpense": 788.085
      },
      {
        "costOfGoodsSold": 2314.074,
        "depreciationAmortization": 64.853,
        "dilutedAverageSharesOutstanding": 580.455,
        "dilutedEPS": 0.64,
        "ebit": 485.883,
        "grossIncome": 1287.485,
        "interestExpense": 6.701,
        "interestIncomeExpense": -6.701,
        "netIncome": 370.022,
        "netIncomeAfterTaxes": 370.022,
        "period": "2021-06-26",
        "pretaxIncome": 479.182,
        "provisionforIncomeTaxes": 109.16,
        "revenue": 3601.559,
        "sgaExpense": 736.749,
        "totalOperatingExpense": 801.602
      },
      {
        "costOfGoodsSold": 1808.556,
        "depreciationAmortization": 60.054,
        "dilutedAverageSharesOutstanding": 586.135,
        "dilutedEPS": 0.31,
        "ebit": 230.536,
        "grossIncome": 983.78,
        "interestExpense": 7.221,
        "interestIncomeExpense": -7.221,
        "netIncome": 181.354,
        "netIncomeAfterTaxes": 181.354,
        "period": "2021-03-27",
        "pretaxIncome": 223.315,
        "provisionforIncomeTaxes": 41.961,
        "revenue": 2792.336,
        "sgaExpense": 693.19,
        "totalOperatingExpense": 753.244
      },
      {
        "costOfGoodsSold": 1882.735,
        "depreciationAmortization": 58.49,
        "dilutedAverageSharesOutstanding": 588.77,
        "dilutedEPS": 0.23,
        "ebit": 253.44,
        "grossIncome": 995.53,
        "interestExpense": 8.086,
        "interestIncomeExpense": -8.086,
        "netIncome": 135.893,
        "netIncomeAfterTaxes": 135.893,
        "nonRecurringItems": -68.973,
        "period": "2020-12-26",
        "pretaxIncome": 176.381,
        "provisionforIncomeTaxes": 40.488,
        "revenue": 2878.265,
        "sgaExpense": 683.6,
        "totalOperatingExpense": 742.09
      },
      {
        "costOfGoodsSold": 1658.615,
        "depreciationAmortization": 54.651,
        "dilutedAverageSharesOutstanding": 588.725,
        "dilutedEPS": 0.32,
        "ebit": 252.177,
        "grossIncome": 947.957,
        "interestExpense": 7.208,
        "interestIncomeExpense": -7.208,
        "netIncome": 190.61,
        "netIncomeAfterTaxes": 190.61,
        "period": "2020-09-26",
        "pretaxIncome": 244.969,
        "provisionforIncomeTaxes": 54.359,
        "revenue": 2606.572,
        "sgaExpense": 641.129,
        "totalOperatingExpense": 695.78
      },
      {
        "costOfGoodsSold": 2019.514,
        "depreciationAmortization": 52.547,
        "dilutedAverageSharesOutstanding": 584.06,
        "dilutedEPS": 0.58,
        "ebit": 447.746,
        "grossIncome": 1156.813,
        "interestExpense": 8.438,
        "interestIncomeExpense": -8.438,
        "netIncome": 338.678,
        "netIncomeAfterTaxes": 338.678,
        "period": "2020-06-27",
        "pretaxIncome": 439.308,
        "provisionforIncomeTaxes": 100.63,
        "revenue": 3176.327,
        "sgaExpense": 656.52,
        "totalOperatingExpense": 709.067
      },
      {
        "costOfGoodsSold": 1297.939,
        "depreciationAmortization": 51.436,
        "dilutedAverageSharesOutstanding": 587.16,
        "dilutedEPS": 0.14,
        "ebit": 112.538,
        "grossIncome": 661.249,
        "interestExpense": 5.049,
        "interestIncomeExpense": -5.049,
        "netIncome": 83.777,
        "netIncomeAfterTaxes": 83.777,
        "period": "2020-03-28",
        "pretaxIncome": 107.489,
        "provisionforIncomeTaxes": 23.712,
        "revenue": 1959.188,
        "sgaExpense": 497.275,
        "totalOperatingExpense": 548.711
      },
      {
        "costOfGoodsSold": 1449.984,
        "depreciationAmortization": 51.394,
        "dilutedAverageSharesOutstanding": 596.275,
        "dilutedEPS": 0.24,
        "ebit": 190.438,
        "grossIncome": 741.801,
        "interestExpense": 4.837,
        "interestIncomeExpense": -4.837,
        "netIncome": 144.179,
        "netIncomeAfterTaxes": 144.179,
        "period": "2019-12-28",
        "pretaxIncome": 185.601,
        "provisionforIncomeTaxes": 41.422,
        "revenue": 2191.785,
        "sgaExpense": 499.969,
        "totalOperatingExpense": 551.363
      },
      {
        "costOfGoodsSold": 1289.904,
        "depreciationAmortization": 49.819,
        "dilutedAverageSharesOutstanding": 600.29,
        "dilutedEPS": 0.2,
        "ebit": 161.817,
        "grossIncome": 694.24,
        "interestExpense": 4.9,
        "interestIncomeExpense": -4.9,
        "netIncome": 122.133,
        "netIncomeAfterTaxes": 122.133,
        "period": "2019-09-28",
        "pretaxIncome": 156.917,
        "provisionforIncomeTaxes": 34.784,
        "revenue": 1984.144,
        "sgaExpense": 482.604,
        "totalOperatingExpense": 532.423
      },
      {
        "costOfGoodsSold": 1533.037,
        "depreciationAmortization": 48.998,
        "dilutedAverageSharesOutstanding": 607.54,
        "dilutedEPS": 0.36,
        "ebit": 287.557,
        "grossIncome": 820.745,
        "interestExpense": 5.176,
        "interestIncomeExpense": -5.176,
        "netIncome": 219.21,
        "netIncomeAfterTaxes": 219.21,
        "period": "2019-06-29",
        "pretaxIncome": 282.381,
        "provisionforIncomeTaxes": 63.171,
        "revenue": 2353.782,
        "sgaExpense": 484.19,
        "totalOperatingExpense": 533.188
      },
      {
        "costOfGoodsSold": 1207.236,
        "depreciationAmortization": 45.767,
        "dilutedAverageSharesOutstanding": 610.76,
        "dilutedEPS": 0.13,
        "ebit": 103.408,
        "grossIncome": 614.984,
        "interestExpense": 4.93,
        "interestIncomeExpense": -4.93,
        "netIncome": 76.832,
        "netIncomeAfterTaxes": 76.832,
        "period": "2019-03-30",
        "pretaxIncome": 98.478,
        "provisionforIncomeTaxes": 21.646,
        "revenue": 1822.22,
        "sgaExpense": 465.809,
        "totalOperatingExpense": 511.576
      },
      {
        "costOfGoodsSold": 1416.938,
        "depreciationAmortization": 45.968,
        "dilutedAverageSharesOutstanding": 615.87,
        "dilutedEPS": 0.22,
        "ebit": 180.382,
        "grossIncome": 716.333,
        "interestExpense": 4.442,
        "interestIncomeExpense": -4.446,
        "netIncome": 136.851,
        "netIncomeAfterTaxes": 136.851,
        "period": "2018-12-29",
        "pretaxIncome": 175.936,
        "provisionforIncomeTaxes": 39.085,
        "revenue": 2133.271,
        "sgaExpense": 489.983,
        "totalOperatingExpense": 535.951
      },
      {
        "costOfGoodsSold": 1228.493,
        "depreciationAmortization": 44.986,
        "dilutedAverageSharesOutstanding": 613.805,
        "dilutedEPS": 0.19,
        "ebit": 153.148,
        "grossIncome": 653.132,
        "interestExpense": 4.476,
        "interestIncomeExpense": -4.46,
        "netIncome": 116.784,
        "netIncomeAfterTaxes": 116.784,
        "period": "2018-09-29",
        "pretaxIncome": 148.688,
        "provisionforIncomeTaxes": 31.904,
        "revenue": 1881.625,
        "sgaExpense": 454.998,
        "totalOperatingExpense": 499.984
      },
      {
        "costOfGoodsSold": 1443.835,
        "depreciationAmortization": 43.61,
        "dilutedAverageSharesOutstanding": 613.875,
        "dilutedEPS": 0.34,
        "ebit": 273.458,
        "grossIncome": 769.414,
        "interestExpense": 4.997,
        "interestIncomeExpense": -4.978,
        "netIncome": 207.289,
        "netIncomeAfterTaxes": 207.289,
        "period": "2018-06-30",
        "pretaxIncome": 268.48,
        "provisionforIncomeTaxes": 61.191,
        "revenue": 2213.249,
        "sgaExpense": 452.346,
        "totalOperatingExpense": 495.956
      },
      {
        "costOfGoodsSold": 1119.252,
        "depreciationAmortization": 42.787,
        "dilutedAverageSharesOutstanding": 625.87,
        "dilutedEPS": 0.11,
        "ebit": 94.749,
        "grossIncome": 563.649,
        "interestExpense": 4.496,
        "interestIncomeExpense": -4.468,
        "netIncome": 71.433,
        "netIncomeAfterTaxes": 71.433,
        "period": "2018-03-31",
        "pretaxIncome": 90.281,
        "provisionforIncomeTaxes": 18.848,
        "revenue": 1682.901,
        "sgaExpense": 426.113,
        "totalOperatingExpense": 468.9
      },
      {
        "costOfGoodsSold": 1284.24,
        "depreciationAmortization": 43.133,
        "dilutedAverageSharesOutstanding": 630.43,
        "dilutedEPS": 0.18,
        "ebit": 183.842,
        "grossIncome": 668.598,
        "interestExpense": 4.238,
        "interestIncomeExpense": -4.238,
        "netIncome": 109.743,
        "netIncomeAfterTaxes": 114.643,
        "period": "2017-12-30",
        "pretaxIncome": 179.604,
        "provisionforIncomeTaxes": 64.961,
        "revenue": 1952.838,
        "sgaExpense": 441.623,
        "totalOperatingExpense": 484.756
      },
      {
        "costOfGoodsSold": 1121.248,
        "depreciationAmortization": 41.927,
        "dilutedAverageSharesOutstanding": 634.595,
        "dilutedEPS": 0.14,
        "ebit": 148.253,
        "grossIncome": 600.456,
        "interestExpense": 3.752,
        "interestIncomeExpense": -3.752,
        "netIncome": 91.896,
        "netIncomeAfterTaxes": 91.896,
        "period": "2017-09-30",
        "pretaxIncome": 144.501,
        "provisionforIncomeTaxes": 52.605,
        "revenue": 1721.704,
        "sgaExpense": 410.276,
        "totalOperatingExpense": 452.203
      },
      {
        "costOfGoodsSold": 1313.054,
        "depreciationAmortization": 41.047,
        "dilutedAverageSharesOutstanding": 643.61,
        "dilutedEPS": 0.25,
        "ebit": 257.925,
        "grossIncome": 704.708,
        "interestExpense": 3.092,
        "interestIncomeExpense": -3.092,
        "netIncome": 160.649,
        "netIncomeAfterTaxes": 160.649,
        "period": "2017-07-01",
        "pretaxIncome": 254.833,
        "provisionforIncomeTaxes": 94.184,
        "revenue": 2017.762,
        "sgaExpense": 405.736,
        "totalOperatingExpense": 446.783
      },
      {
        "costOfGoodsSold": 1045.875,
        "depreciationAmortization": 39.727,
        "dilutedAverageSharesOutstanding": 655.45,
        "dilutedEPS": 0.09,
        "ebit": 96.362,
        "grossIncome": 518.203,
        "interestExpense": 2.777,
        "interestIncomeExpense": -2.777,
        "netIncome": 60.311,
        "netIncomeAfterTaxes": 60.311,
        "period": "2017-04-01",
        "pretaxIncome": 93.585,
        "provisionforIncomeTaxes": 33.274,
        "revenue": 1564.078,
        "sgaExpense": 382.114,
        "totalOperatingExpense": 421.841
      },
      {
        "costOfGoodsSold": 1270.28,
        "depreciationAmortization": 39.662,
        "dilutedAverageSharesOutstanding": 658.625,
        "dilutedEPS": 0.19,
        "ebit": 194.616,
        "grossIncome": 646.262,
        "interestExpense": 1.665,
        "interestIncomeExpense": -1.665,
        "netIncome": 123.583,
        "netIncomeAfterTaxes": 123.583,
        "period": "2016-12-31",
        "pretaxIncome": 192.951,
        "provisionforIncomeTaxes": 69.368,
        "revenue": 1916.542,
        "sgaExpense": 411.984,
        "totalOperatingExpense": 451.646
      },
      {
        "costOfGoodsSold": 1007.432,
        "depreciationAmortization": 35.662,
        "dilutedAverageSharesOutstanding": 671.28,
        "dilutedEPS": 0.13,
        "ebit": 142.02,
        "grossIncome": 535.274,
        "interestExpense": 1.11,
        "interestIncomeExpense": -1.11,
        "netIncome": 89.444,
        "netIncomeAfterTaxes": 89.444,
        "period": "2016-09-24",
        "pretaxIncome": 140.91,
        "provisionforIncomeTaxes": 51.466,
        "revenue": 1542.706,
        "sgaExpense": 357.592,
        "totalOperatingExpense": 393.254
      },
      {
        "costOfGoodsSold": 1203.312,
        "depreciationAmortization": 34.057,
        "dilutedAverageSharesOutstanding": 672.81,
        "dilutedEPS": 0.23,
        "ebit": 249.249,
        "grossIncome": 649.222,
        "interestExpense": 1.91,
        "interestIncomeExpense": -1.91,
        "netIncome": 156.425,
        "netIncomeAfterTaxes": 156.425,
        "period": "2016-06-25",
        "pretaxIncome": 247.339,
        "provisionforIncomeTaxes": 90.914,
        "revenue": 1852.534,
        "sgaExpense": 365.916,
        "totalOperatingExpense": 399.973
      },
      {
        "costOfGoodsSold": 973.353,
        "depreciationAmortization": 33.577,
        "dilutedAverageSharesOutstanding": 673.545,
        "dilutedEPS": 0.1,
        "ebit": 108.195,
        "grossIncome": 494.444,
        "interestExpense": 1.125,
        "interestIncomeExpense": -1.125,
        "netIncome": 67.668,
        "netIncomeAfterTaxes": 67.668,
        "period": "2016-03-26",
        "pretaxIncome": 107.07,
        "provisionforIncomeTaxes": 39.402,
        "revenue": 1467.797,
        "sgaExpense": 352.672,
        "totalOperatingExpense": 386.249
      },
      {
        "costOfGoodsSold": 1085.609,
        "depreciationAmortization": 32.825,
        "dilutedAverageSharesOutstanding": 677.52,
        "dilutedEPS": 0.16,
        "ebit": 173.288,
        "grossIncome": 561.001,
        "interestExpense": 0.411,
        "interestIncomeExpense": -0.411,
        "netIncome": 111.712,
        "netIncomeAfterTaxes": 111.712,
        "period": "2015-12-26",
        "pretaxIncome": 172.877,
        "provisionforIncomeTaxes": 61.165,
        "revenue": 1646.61,
        "sgaExpense": 354.888,
        "totalOperatingExpense": 387.713
      },
      {
        "costOfGoodsSold": 963.397,
        "depreciationAmortization": 30.149,
        "dilutedAverageSharesOutstanding": 683.705,
        "dilutedEPS": 0.13,
        "ebit": 139.208,
        "grossIncome": 512.248,
        "interestExpense": 0.782,
        "interestIncomeExpense": -0.782,
        "netIncome": 87.312,
        "netIncomeAfterTaxes": 87.312,
        "period": "2015-09-26",
        "pretaxIncome": 138.426,
        "provisionforIncomeTaxes": 51.114,
        "revenue": 1475.645,
        "sgaExpense": 342.891,
        "totalOperatingExpense": 373.04
      }
    ],
    "symbol": "TSCO"
  }
}