{
  "symbol": "TECH",
  "statement": "ic",
  "frequency": "annual",
  "timestamp": "2025-09-19T13:56:46.894313",
  "data": {
    "financials": [
      {
        "costOfGoodsSold": 417.892,
        "depreciationAmortization": 31.3,
        "dilutedAverageSharesOutstanding": 159.717,
        "dilutedEPS": 0.4593,
        "ebit": 223.727,
        "grossIncome": 801.743,
        "interestExpense": 8.509,
        "interestIncomeExpense": -2.238,
        "netIncome": 73.363,
        "netIncomeAfterTaxes": 73.4,
        "nonRecurringItems": -121.472,
        "period": "2025-06-30",
        "pretaxIncome": 98.463,
        "provisionforIncomeTaxes": 25.063,
        "researchDevelopment": 99.496,
        "revenue": 1219.635,
        "sgaExpense": 447.22,
        "totalOperatingExpense": 578.016,
        "totalOtherIncomeExpenseNet": -1.554,
        "year": 2025
      },
      {
        "costOfGoodsSold": 389.335,
        "depreciationAmortization": 33.2,
        "dilutedAverageSharesOutstanding": 160.774,
        "dilutedEPS": 1.0454,
        "ebit": 248.458,
        "grossIncome": 769.725,
        "interestExpense": 15.736,
        "interestIncomeExpense": -19.697,
        "minorityInterest": 0,
        "netIncome": 168.072,
        "netIncomeAfterTaxes": 168.105,
        "nonRecurringItems": -41.772,
        "period": "2024-06-30",
        "pretaxIncome": 185.689,
        "provisionforIncomeTaxes": 17.584,
        "researchDevelopment": 96.664,
        "revenue": 1159.06,
        "sgaExpense": 391.403,
        "totalOperatingExpense": 521.267,
        "totalOtherIncomeExpenseNet": -1.3,
        "year": 2024
      },
      {
        "costOfGoodsSold": 366.9,
        "depreciationAmortization": 33.2,
        "dilutedAverageSharesOutstanding": 161.9,
        "dilutedEPS": 1.76,
        "ebit": 293.6,
        "grossIncome": 769.8,
        "interestExpense": 11.215,
        "interestIncomeExpense": -8.7,
        "minorityInterest": -0.2,
        "netIncome": 285.2,
        "netIncomeAfterTaxes": 285.4,
        "nonRecurringItems": 54.2,
        "period": "2023-06-30",
        "pretaxIncome": 338.7,
        "provisionforIncomeTaxes": 53.2,
        "researchDevelopment": 92.5,
        "revenue": 1136.7,
        "sgaExpense": 350.5,
        "totalOperatingExpense": 476.2,
        "totalOtherIncomeExpenseNet": -0.5,
        "year": 2023
      },
      {
        "costOfGoodsSold": 349.1,
        "depreciationAmortization": 33.5,
        "dilutedAverageSharesOutstanding": 164.1,
        "dilutedEPS": 1.66,
        "ebit": 298.2,
        "grossIncome": 756.5,
        "interestExpense": 11.309,
        "interestIncomeExpense": 5.4,
        "minorityInterest": 9,
        "netIncome": 271.9,
        "netIncomeAfterTaxes": 263.1,
        "nonRecurringItems": -1.6,
        "period": "2022-06-30",
        "pretaxIncome": 301.4,
        "provisionforIncomeTaxes": 38.3,
        "researchDevelopment": 87.1,
        "revenue": 1105.6,
        "sgaExpense": 337.6,
        "totalOperatingExpense": 458.3,
        "totalOtherIncomeExpenseNet": -0.6,
        "year": 2022
      },
      {
        "costOfGoodsSold": 298.2,
        "depreciationAmortization": 28.4,
        "dilutedAverageSharesOutstanding": 161.9,
        "dilutedEPS": 0.87,
        "ebit": 244.9,
        "grossIncome": 632.9,
        "interestExpense": 13.952,
        "interestIncomeExpense": -88.2,
        "minorityInterest": 0.8,
        "netIncome": 140.3,
        "netIncomeAfterTaxes": 139.6,
        "nonRecurringItems": -7.6,
        "period": "2021-06-30",
        "pretaxIncome": 148.2,
        "provisionforIncomeTaxes": 8.6,
        "researchDevelopment": 70.6,
        "revenue": 931,
        "sgaExpense": 288.9,
        "totalOperatingExpense": 387.9,
        "totalOtherIncomeExpenseNet": -0.9,
        "year": 2021
      },
      {
        "costOfGoodsSold": 255.5,
        "depreciationAmortization": 26.4,
        "dilutedAverageSharesOutstanding": 157.6,
        "dilutedEPS": 1.45,
        "ebit": 150.7,
        "grossIncome": 483.2,
        "interestExpense": 19.197,
        "interestIncomeExpense": 120.6,
        "netIncome": 229.1,
        "netIncomeAfterTaxes": 229.3,
        "nonRecurringItems": 6.7,
        "period": "2020-06-30",
        "pretaxIncome": 276.5,
        "provisionforIncomeTaxes": 47.2,
        "researchDevelopment": 65.2,
        "revenue": 738.7,
        "sgaExpense": 240.9,
        "totalOperatingExpense": 332.5,
        "totalOtherIncomeExpenseNet": -1.6,
        "year": 2020
      },
      {
        "costOfGoodsSold": 240.5,
        "depreciationAmortization": 25.2,
        "dilutedAverageSharesOutstanding": 155.6,
        "dilutedEPS": 0.62,
        "ebit": 149,
        "gainLossOnDispositionOfAssets": 3.7,
        "grossIncome": 473.5,
        "interestExpense": 21.705,
        "interestIncomeExpense": -21.6,
        "netIncome": 96,
        "netIncomeAfterTaxes": 96.1,
        "nonRecurringItems": -18.4,
        "period": "2019-06-30",
        "pretaxIncome": 112,
        "provisionforIncomeTaxes": 15.9,
        "researchDevelopment": 62.4,
        "revenue": 714,
        "sgaExpense": 236.9,
        "totalOperatingExpense": 324.5,
        "totalOtherIncomeExpenseNet": -0.7,
        "year": 2019
      },
      {
        "costOfGoodsSold": 210.9,
        "depreciationAmortization": 21.7,
        "dilutedAverageSharesOutstanding": 152.2,
        "dilutedEPS": 0.82,
        "ebit": 161,
        "gainLossOnDispositionOfAssets": 0.5,
        "grossIncome": 432.1,
        "interestExpense": 10.188,
        "interestIncomeExpense": 6.1,
        "netIncome": 126.2,
        "netIncomeAfterTaxes": 93,
        "nonRecurringItems": -41,
        "period": "2018-06-30",
        "pretaxIncome": 126,
        "provisionforIncomeTaxes": 33,
        "researchDevelopment": 55.3,
        "revenue": 643,
        "sgaExpense": 194.2,
        "totalOperatingExpense": 271.1,
        "totalOtherIncomeExpenseNet": -0.6,
        "year": 2018
      },
      {
        "costOfGoodsSold": 188.5,
        "depreciationAmortization": 21.3,
        "dilutedAverageSharesOutstanding": 150,
        "dilutedEPS": 0.51,
        "ebit": 146.4,
        "grossIncome": 374.5,
        "interestExpense": 7.361,
        "interestIncomeExpense": -7.7,
        "netIncome": 76.1,
        "netIncomeAfterTaxes": 76.1,
        "nonRecurringItems": -25.8,
        "period": "2017-06-30",
        "pretaxIncome": 112,
        "provisionforIncomeTaxes": 35.9,
        "researchDevelopment": 53.5,
        "revenue": 563,
        "sgaExpense": 153.4,
        "totalOperatingExpense": 228.1,
        "totalOtherIncomeExpenseNet": -0.9,
        "year": 2017
      },
      {
        "costOfGoodsSold": 162.4,
        "depreciationAmortization": 18.3,
        "dilutedAverageSharesOutstanding": 149.3,
        "dilutedEPS": 0.7,
        "ebit": 153.4,
        "grossIncome": 336.7,
        "interestExpense": 1.748,
        "interestIncomeExpense": -2.6,
        "netIncome": 104.5,
        "netIncomeAfterTaxes": 104.5,
        "nonRecurringItems": -2.8,
        "period": "2016-06-30",
        "pretaxIncome": 147.5,
        "provisionforIncomeTaxes": 43,
        "researchDevelopment": 45.2,
        "revenue": 499,
        "sgaExpense": 119.8,
        "totalOperatingExpense": 183.2,
        "totalOtherIncomeExpenseNet": -0.5,
        "year": 2016
      }
    ],
    "symbol": "TECH"
  }
}