{
  "symbol": "HLT",
  "statement": "ic",
  "frequency": "quarterly",
  "timestamp": "2025-09-19T14:01:30.943210",
  "data": {
    "financials": [
      {
        "costOfGoodsSold": 1895,
        "depreciationAmortization": 43,
        "dilutedAverageSharesOutstanding": 239,
        "dilutedEPS": 1.841,
        "ebit": 778,
        "grossIncome": 1242,
        "interestExpense": 151,
        "interestIncomeExpense": -152,
        "minorityInterest": -2,
        "netIncome": 440,
        "netIncomeAfterTaxes": 442,
        "nonRecurringItems": 0,
        "otherOperatingExpensesTotal": 26,
        "period": "2025-06-30",
        "pretaxIncome": 629,
        "provisionforIncomeTaxes": 187,
        "revenue": 3137,
        "sgaExpense": 395,
        "totalOperatingExpense": 464,
        "totalOtherIncomeExpenseNet": 3
      },
      {
        "costOfGoodsSold": 1759,
        "depreciationAmortization": 41,
        "dilutedAverageSharesOutstanding": 243,
        "dilutedEPS": 1.2346,
        "ebit": 536,
        "grossIncome": 936,
        "interestExpense": 145,
        "interestIncomeExpense": -143,
        "minorityInterest": 0,
        "netIncome": 300,
        "netIncomeAfterTaxes": 300,
        "nonRecurringItems": 0,
        "otherOperatingExpensesTotal": 26,
        "period": "2025-03-31",
        "pretaxIncome": 410,
        "provisionforIncomeTaxes": 110,
        "revenue": 2695,
        "sgaExpense": 333,
        "totalOperatingExpense": 400,
        "totalOtherIncomeExpenseNet": 17
      },
      {
        "costOfGoodsSold": 1821,
        "depreciationAmortization": 39,
        "dilutedAverageSharesOutstanding": 245,
        "dilutedEPS": 2.0612,
        "ebit": 489,
        "grossIncome": 962,
        "interestExpense": 157,
        "interestIncomeExpense": -164,
        "minorityInterest": 0,
        "netIncome": 505,
        "netIncomeAfterTaxes": 505,
        "nonRecurringItems": 0,
        "otherOperatingExpensesTotal": 44,
        "period": "2024-12-31",
        "pretaxIncome": 336,
        "provisionforIncomeTaxes": -169,
        "revenue": 2783,
        "sgaExpense": 390,
        "totalOperatingExpense": 473,
        "totalOtherIncomeExpenseNet": 11
      },
      {
        "costOfGoodsSold": 1790,
        "depreciationAmortization": 37,
        "dilutedAverageSharesOutstanding": 249,
        "dilutedEPS": 1.3815,
        "ebit": 625,
        "grossIncome": 1077,
        "interestExpense": 140,
        "interestIncomeExpense": -143,
        "minorityInterest": 0,
        "netIncome": 344,
        "netIncomeAfterTaxes": 344,
        "nonRecurringItems": -2,
        "otherOperatingExpensesTotal": 26,
        "period": "2024-09-30",
        "pretaxIncome": 491,
        "provisionforIncomeTaxes": 147,
        "revenue": 2867,
        "sgaExpense": 389,
        "totalOperatingExpense": 452,
        "totalOtherIncomeExpenseNet": 11
      },
      {
        "costOfGoodsSold": 1744,
        "depreciationAmortization": 34,
        "dilutedAverageSharesOutstanding": 252,
        "dilutedEPS": 1.6706,
        "ebit": 725,
        "grossIncome": 1207,
        "interestExpense": 141,
        "interestIncomeExpense": -142,
        "minorityInterest": -1,
        "netIncome": 421,
        "netIncomeAfterTaxes": 422,
        "nonRecurringItems": 0,
        "otherOperatingExpensesTotal": 37,
        "period": "2024-06-30",
        "pretaxIncome": 591,
        "provisionforIncomeTaxes": 169,
        "revenue": 2951,
        "sgaExpense": 411,
        "totalOperatingExpense": 482,
        "totalOtherIncomeExpenseNet": 8
      },
      {
        "costOfGoodsSold": 1630,
        "depreciationAmortization": 36,
        "dilutedAverageSharesOutstanding": 255,
        "dilutedEPS": 1.0392,
        "ebit": 526,
        "grossIncome": 943,
        "interestExpense": 131,
        "interestIncomeExpense": -132,
        "minorityInterest": -3,
        "netIncome": 265,
        "netIncomeAfterTaxes": 268,
        "nonRecurringItems": 7,
        "otherOperatingExpensesTotal": 30,
        "period": "2024-03-31",
        "pretaxIncome": 365,
        "provisionforIncomeTaxes": 97,
        "revenue": 2573,
        "sgaExpense": 351,
        "totalOperatingExpense": 417,
        "totalOtherIncomeExpenseNet": -36
      },
      {
        "costOfGoodsSold": 1704,
        "depreciationAmortization": 33,
        "dilutedAverageSharesOutstanding": 258,
        "dilutedEPS": 0.5698,
        "ebit": 438,
        "grossIncome": 905,
        "interestExpense": 124,
        "interestIncomeExpense": -127,
        "minorityInterest": -3,
        "netIncome": 147,
        "netIncomeAfterTaxes": 150,
        "nonRecurringItems": -38,
        "otherOperatingExpensesTotal": 32,
        "period": "2023-12-31",
        "pretaxIncome": 274,
        "provisionforIncomeTaxes": 124,
        "revenue": 2609,
        "sgaExpense": 402,
        "totalOperatingExpense": 467,
        "totalOtherIncomeExpenseNet": 1
      },
      {
        "costOfGoodsSold": 1557,
        "depreciationAmortization": 40,
        "dilutedAverageSharesOutstanding": 262,
        "dilutedEPS": 1.44,
        "ebit": 653,
        "grossIncome": 1116,
        "interestExpense": 113,
        "interestIncomeExpense": -120,
        "minorityInterest": -2,
        "netIncome": 377,
        "netIncomeAfterTaxes": 379,
        "otherOperatingExpensesTotal": 26,
        "period": "2023-09-30",
        "pretaxIncome": 548,
        "provisionforIncomeTaxes": 169,
        "revenue": 2673,
        "sgaExpense": 397,
        "totalOperatingExpense": 463,
        "totalOtherIncomeExpenseNet": 15
      },
      {
        "costOfGoodsSold": 1508,
        "depreciationAmortization": 37,
        "dilutedAverageSharesOutstanding": 266,
        "dilutedEPS": 1.55,
        "ebit": 674,
        "grossIncome": 1152,
        "interestExpense": 111,
        "interestIncomeExpense": -117,
        "minorityInterest": -2,
        "netIncome": 411,
        "netIncomeAfterTaxes": 413,
        "otherOperatingExpensesTotal": 33,
        "period": "2023-06-30",
        "pretaxIncome": 568,
        "provisionforIncomeTaxes": 155,
        "revenue": 2660,
        "sgaExpense": 408,
        "totalOperatingExpense": 478,
        "totalOtherIncomeExpenseNet": 11
      },
      {
        "costOfGoodsSold": 1395,
        "depreciationAmortization": 37,
        "dilutedAverageSharesOutstanding": 269,
        "dilutedEPS": 0.77,
        "ebit": 498,
        "grossIncome": 898,
        "interestExpense": 116,
        "interestIncomeExpense": -208,
        "minorityInterest": -3,
        "netIncome": 206,
        "netIncomeAfterTaxes": 209,
        "otherOperatingExpensesTotal": 21,
        "period": "2023-03-31",
        "pretaxIncome": 302,
        "provisionforIncomeTaxes": 93,
        "revenue": 2293,
        "sgaExpense": 342,
        "totalOperatingExpense": 400,
        "totalOtherIncomeExpenseNet": 12
      },
      {
        "costOfGoodsSold": 1487,
        "depreciationAmortization": 39,
        "dilutedAverageSharesOutstanding": 271,
        "dilutedEPS": 1.21,
        "ebit": 504,
        "grossIncome": 957,
        "interestExpense": 120,
        "interestIncomeExpense": -119,
        "minorityInterest": -5,
        "netIncome": 328,
        "netIncomeAfterTaxes": 333,
        "nonRecurringItems": 0,
        "otherOperatingExpensesTotal": 25,
        "period": "2022-12-31",
        "pretaxIncome": 403,
        "provisionforIncomeTaxes": 70,
        "revenue": 2444,
        "sgaExpense": 389,
        "totalOperatingExpense": 453,
        "totalOtherIncomeExpenseNet": 18
      },
      {
        "costOfGoodsSold": 1337,
        "depreciationAmortization": 39,
        "dilutedAverageSharesOutstanding": 275,
        "dilutedEPS": 1.26,
        "ebit": 623,
        "grossIncome": 1031,
        "interestExpense": 106,
        "interestIncomeExpense": -106,
        "minorityInterest": 1,
        "netIncome": 347,
        "netIncomeAfterTaxes": 346,
        "nonRecurringItems": 0,
        "otherOperatingExpensesTotal": 13,
        "period": "2022-09-30",
        "pretaxIncome": 527,
        "provisionforIncomeTaxes": 181,
        "revenue": 2368,
        "sgaExpense": 356,
        "totalOperatingExpense": 408,
        "totalOtherIncomeExpenseNet": 10
      },
      {
        "costOfGoodsSold": 1231,
        "depreciationAmortization": 40,
        "dilutedAverageSharesOutstanding": 280,
        "dilutedEPS": 1.31,
        "ebit": 598,
        "grossIncome": 1009,
        "interestExpense": 99,
        "interestIncomeExpense": -91,
        "minorityInterest": 1,
        "netIncome": 368,
        "netIncomeAfterTaxes": 367,
        "nonRecurringItems": 0,
        "otherOperatingExpensesTotal": 11,
        "period": "2022-06-30",
        "pretaxIncome": 513,
        "provisionforIncomeTaxes": 146,
        "revenue": 2240,
        "sgaExpense": 360,
        "totalOperatingExpense": 411,
        "totalOtherIncomeExpenseNet": 6
      },
      {
        "costOfGoodsSold": 1021,
        "depreciationAmortization": 44,
        "dilutedAverageSharesOutstanding": 282,
        "dilutedEPS": 0.75,
        "ebit": 369,
        "grossIncome": 700,
        "interestExpense": 90,
        "interestIncomeExpense": -94,
        "minorityInterest": 1,
        "netIncome": 212,
        "netIncomeAfterTaxes": 211,
        "nonRecurringItems": 0,
        "otherOperatingExpensesTotal": 11,
        "period": "2022-03-31",
        "pretaxIncome": 291,
        "provisionforIncomeTaxes": 80,
        "revenue": 1721,
        "sgaExpense": 276,
        "totalOperatingExpense": 331,
        "totalOtherIncomeExpenseNet": 16
      },
      {
        "costOfGoodsSold": 1115,
        "depreciationAmortization": 45,
        "dilutedAverageSharesOutstanding": 282,
        "dilutedEPS": 0.52,
        "ebit": 332,
        "grossIncome": 721,
        "interestExpense": 95,
        "interestIncomeExpense": -103,
        "minorityInterest": -1,
        "netIncome": 147,
        "netIncomeAfterTaxes": 148,
        "nonRecurringItems": 1,
        "otherOperatingExpensesTotal": 14,
        "period": "2021-12-31",
        "pretaxIncome": 237,
        "provisionforIncomeTaxes": 89,
        "revenue": 1836,
        "sgaExpense": 330,
        "totalOperatingExpense": 389,
        "totalOtherIncomeExpenseNet": 7
      },
      {
        "costOfGoodsSold": 944,
        "depreciationAmortization": 46,
        "dilutedAverageSharesOutstanding": 281,
        "dilutedEPS": 0.86,
        "ebit": 440,
        "grossIncome": 805,
        "interestExpense": 98,
        "interestIncomeExpense": -98,
        "minorityInterest": 1,
        "netIncome": 241,
        "netIncomeAfterTaxes": 240,
        "nonRecurringItems": -8,
        "otherOperatingExpensesTotal": 12,
        "period": "2021-09-30",
        "pretaxIncome": 340,
        "provisionforIncomeTaxes": 100,
        "revenue": 1749,
        "sgaExpense": 307,
        "totalOperatingExpense": 365,
        "totalOtherIncomeExpenseNet": 6
      },
      {
        "costOfGoodsSold": 810,
        "depreciationAmortization": 46,
        "dilutedAverageSharesOutstanding": 281,
        "dilutedEPS": 0.46,
        "ebit": 224,
        "grossIncome": 519,
        "interestExpense": 101,
        "interestIncomeExpense": -102,
        "minorityInterest": 2,
        "netIncome": 130,
        "netIncomeAfterTaxes": 128,
        "nonRecurringItems": 0,
        "otherOperatingExpensesTotal": 9,
        "period": "2021-06-30",
        "pretaxIncome": 127,
        "provisionforIncomeTaxes": -1,
        "revenue": 1329,
        "sgaExpense": 240,
        "totalOperatingExpense": 295,
        "totalOtherIncomeExpenseNet": 5
      },
      {
        "costOfGoodsSold": 585,
        "depreciationAmortization": 51,
        "dilutedAverageSharesOutstanding": 278,
        "dilutedEPS": -0.39,
        "ebit": 21,
        "grossIncome": 289,
        "interestExpense": 103,
        "interestIncomeExpense": -101,
        "minorityInterest": 1,
        "netIncome": -108,
        "netIncomeAfterTaxes": -109,
        "nonRecurringItems": -69,
        "otherOperatingExpensesTotal": 10,
        "period": "2021-03-31",
        "pretaxIncome": -144,
        "provisionforIncomeTaxes": -35,
        "revenue": 874,
        "sgaExpense": 207,
        "totalOperatingExpense": 268,
        "totalOtherIncomeExpenseNet": 5
      },
      {
        "costOfGoodsSold": 622,
        "depreciationAmortization": 62,
        "dilutedAverageSharesOutstanding": 277,
        "dilutedEPS": -0.81,
        "ebit": -70,
        "grossIncome": 268,
        "interestExpense": 113,
        "interestIncomeExpense": -124,
        "minorityInterest": 1,
        "netIncome": -224,
        "netIncomeAfterTaxes": -225,
        "nonRecurringItems": -173,
        "otherOperatingExpensesTotal": 12,
        "period": "2020-12-31",
        "pretaxIncome": -349,
        "provisionforIncomeTaxes": -124,
        "revenue": 890,
        "sgaExpense": 264,
        "totalOperatingExpense": 338,
        "totalOtherIncomeExpenseNet": 18
      },
      {
        "costOfGoodsSold": 592,
        "depreciationAmortization": 90,
        "dilutedAverageSharesOutstanding": 277,
        "dilutedEPS": -0.29,
        "ebit": 20,
        "grossIncome": 341,
        "interestExpense": 116,
        "interestIncomeExpense": -128,
        "minorityInterest": 2,
        "netIncome": -79,
        "netIncomeAfterTaxes": -81,
        "nonRecurringItems": -9,
        "otherOperatingExpensesTotal": 21,
        "period": "2020-09-30",
        "pretaxIncome": -114,
        "provisionforIncomeTaxes": -33,
        "revenue": 933,
        "sgaExpense": 210,
        "totalOperatingExpense": 321,
        "totalOtherIncomeExpenseNet": 3
      },
      {
        "costOfGoodsSold": 554,
        "depreciationAmortization": 88,
        "dilutedAverageSharesOutstanding": 277,
        "dilutedEPS": -1.55,
        "ebit": -249,
        "grossIncome": 10,
        "interestExpense": 106,
        "interestIncomeExpense": -119,
        "minorityInterest": 2,
        "netIncome": -430,
        "netIncomeAfterTaxes": -432,
        "nonRecurringItems": -53,
        "otherOperatingExpensesTotal": 13,
        "period": "2020-06-30",
        "pretaxIncome": -444,
        "provisionforIncomeTaxes": -12,
        "revenue": 564,
        "sgaExpense": 158,
        "totalOperatingExpense": 259,
        "totalOtherIncomeExpenseNet": -23
      },
      {
        "costOfGoodsSold": 1336,
        "depreciationAmortization": 91,
        "dilutedAverageSharesOutstanding": 280,
        "dilutedEPS": 0.06,
        "ebit": 180,
        "grossIncome": 584,
        "interestExpense": 94,
        "interestIncomeExpense": -85,
        "minorityInterest": 0,
        "netIncome": 18,
        "netIncomeAfterTaxes": 18,
        "nonRecurringItems": -112,
        "otherOperatingExpensesTotal": 14,
        "period": "2020-03-31",
        "pretaxIncome": -17,
        "provisionforIncomeTaxes": -35,
        "revenue": 1920,
        "sgaExpense": 299,
        "totalOperatingExpense": 404,
        "totalOtherIncomeExpenseNet": 0
      },
      {
        "costOfGoodsSold": 1479,
        "depreciationAmortization": 90,
        "dilutedAverageSharesOutstanding": 284,
        "dilutedEPS": 0.62,
        "ebit": 348,
        "grossIncome": 890,
        "interestExpense": 110,
        "interestIncomeExpense": -116,
        "minorityInterest": -1,
        "netIncome": 175,
        "netIncomeAfterTaxes": 176,
        "nonRecurringItems": 0,
        "otherOperatingExpensesTotal": 26,
        "period": "2019-12-31",
        "pretaxIncome": 243,
        "provisionforIncomeTaxes": 67,
        "revenue": 2369,
        "sgaExpense": 426,
        "totalOperatingExpense": 542,
        "totalOtherIncomeExpenseNet": 11
      },
      {
        "costOfGoodsSold": 1443,
        "depreciationAmortization": 86,
        "dilutedAverageSharesOutstanding": 288,
        "dilutedEPS": 1,
        "ebit": 438,
        "grossIncome": 952,
        "interestExpense": 105,
        "interestIncomeExpense": -98,
        "minorityInterest": -2,
        "netIncome": 288,
        "netIncomeAfterTaxes": 290,
        "nonRecurringItems": 81,
        "otherOperatingExpensesTotal": 11,
        "period": "2019-09-30",
        "pretaxIncome": 421,
        "provisionforIncomeTaxes": 131,
        "revenue": 2395,
        "sgaExpense": 417,
        "totalOperatingExpense": 514,
        "totalOtherIncomeExpenseNet": 0
      },
      {
        "costOfGoodsSold": 1458,
        "depreciationAmortization": 86,
        "dilutedAverageSharesOutstanding": 292,
        "dilutedEPS": 0.89,
        "ebit": 478,
        "grossIncome": 1026,
        "interestExpense": 101,
        "interestIncomeExpense": -104,
        "minorityInterest": -1,
        "netIncome": 260,
        "netIncomeAfterTaxes": 261,
        "otherOperatingExpensesTotal": 15,
        "period": "2019-06-30",
        "pretaxIncome": 362,
        "provisionforIncomeTaxes": 101,
        "revenue": 2484,
        "sgaExpense": 447,
        "totalOperatingExpense": 548,
        "totalOtherIncomeExpenseNet": -12
      },
      {
        "costOfGoodsSold": 1383,
        "depreciationAmortization": 84,
        "dilutedAverageSharesOutstanding": 295,
        "dilutedEPS": 0.54,
        "ebit": 312,
        "grossIncome": 821,
        "interestExpense": 98,
        "interestIncomeExpense": -98,
        "minorityInterest": -1,
        "netIncome": 158,
        "netIncomeAfterTaxes": 159,
        "otherOperatingExpensesTotal": 20,
        "period": "2019-03-31",
        "pretaxIncome": 218,
        "provisionforIncomeTaxes": 59,
        "revenue": 2204,
        "sgaExpense": 405,
        "totalOperatingExpense": 509,
        "totalOtherIncomeExpenseNet": 4
      },
      {
        "costOfGoodsSold": 1384,
        "depreciationAmortization": 83,
        "dilutedAverageSharesOutstanding": 299,
        "dilutedEPS": 0.74,
        "ebit": 362,
        "grossIncome": 904,
        "interestExpense": 94,
        "interestIncomeExpense": -98,
        "minorityInterest": -1,
        "netIncome": 224,
        "netIncomeAfterTaxes": 238,
        "nonRecurringItems": 0,
        "otherOperatingExpensesTotal": 15,
        "period": "2018-12-31",
        "pretaxIncome": 266,
        "provisionforIncomeTaxes": 28,
        "revenue": 2288,
        "sgaExpense": 444,
        "totalOperatingExpense": 542,
        "totalOtherIncomeExpenseNet": 2
      },
      {
        "costOfGoodsSold": 1337,
        "depreciationAmortization": 81,
        "dilutedAverageSharesOutstanding": 300,
        "dilutedEPS": 0.54,
        "ebit": 385,
        "grossIncome": 916,
        "interestExpense": 99,
        "interestIncomeExpense": -105,
        "minorityInterest": -2,
        "netIncome": 162,
        "netIncomeAfterTaxes": 164,
        "nonRecurringItems": 0,
        "otherOperatingExpensesTotal": 10,
        "period": "2018-09-30",
        "pretaxIncome": 293,
        "provisionforIncomeTaxes": 129,
        "revenue": 2253,
        "sgaExpense": 440,
        "totalOperatingExpense": 531,
        "totalOtherIncomeExpenseNet": 13
      },
      {
        "costOfGoodsSold": 1327,
        "depreciationAmortization": 79,
        "dilutedAverageSharesOutstanding": 303,
        "dilutedEPS": 0.72,
        "ebit": 406,
        "grossIncome": 964,
        "interestExpense": 95,
        "interestIncomeExpense": -107,
        "minorityInterest": 0,
        "netIncome": 217,
        "netIncomeAfterTaxes": 217,
        "nonRecurringItems": 0,
        "otherOperatingExpensesTotal": 12,
        "period": "2018-06-30",
        "pretaxIncome": 298,
        "provisionforIncomeTaxes": 81,
        "revenue": 2291,
        "sgaExpense": 467,
        "totalOperatingExpense": 558,
        "totalOtherIncomeExpenseNet": -1
      },
      {
        "costOfGoodsSold": 1275,
        "depreciationAmortization": 82,
        "dilutedAverageSharesOutstanding": 319,
        "dilutedEPS": 0.5,
        "ebit": 279,
        "grossIncome": 799,
        "interestExpense": 83,
        "interestIncomeExpense": -72,
        "minorityInterest": -2,
        "netIncome": 161,
        "netIncomeAfterTaxes": 163,
        "nonRecurringItems": 0,
        "otherOperatingExpensesTotal": 14,
        "period": "2018-03-31",
        "pretaxIncome": 221,
        "provisionforIncomeTaxes": 58,
        "revenue": 2074,
        "sgaExpense": 424,
        "totalOperatingExpense": 520,
        "totalOtherIncomeExpenseNet": 14
      },
      {
        "costOfGoodsSold": 1267,
        "depreciationAmortization": 84,
        "dilutedAverageSharesOutstanding": 324,
        "dilutedEPS": 2.25,
        "ebit": 259,
        "grossIncome": 801,
        "interestExpense": 91,
        "interestIncomeExpense": -91,
        "minorityInterest": -1,
        "netIncome": 729,
        "netIncomeAfterTaxes": 130,
        "nonRecurringItems": 0,
        "otherOperatingExpensesTotal": 15,
        "period": "2017-12-31",
        "pretaxIncome": 181,
        "provisionforIncomeTaxes": 51,
        "revenue": 2068,
        "sgaExpense": 443,
        "totalOperatingExpense": 542,
        "totalOtherIncomeExpenseNet": 13
      },
      {
        "costOfGoodsSold": 1223,
        "depreciationAmortization": 83,
        "dilutedAverageSharesOutstanding": 325,
        "dilutedEPS": 0.49,
        "ebit": 332,
        "grossIncome": 868,
        "interestExpense": 85,
        "interestIncomeExpense": -83,
        "minorityInterest": -2,
        "netIncome": 158,
        "netIncomeAfterTaxes": 160,
        "nonRecurringItems": 0,
        "otherOperatingExpensesTotal": 7,
        "period": "2017-09-30",
        "pretaxIncome": 256,
        "provisionforIncomeTaxes": 96,
        "revenue": 2091,
        "sgaExpense": 446,
        "totalOperatingExpense": 536,
        "totalOtherIncomeExpenseNet": 7
      },
      {
        "costOfGoodsSold": 1213,
        "depreciationAmortization": 83,
        "dilutedAverageSharesOutstanding": 329,
        "dilutedEPS": 0.46,
        "ebit": 324,
        "grossIncome": 863,
        "interestExpense": 86,
        "interestIncomeExpense": -81,
        "minorityInterest": -1,
        "netIncome": 150,
        "netIncomeAfterTaxes": 151,
        "nonRecurringItems": 0,
        "otherOperatingExpensesTotal": 11,
        "period": "2017-06-30",
        "pretaxIncome": 250,
        "provisionforIncomeTaxes": 99,
        "revenue": 2076,
        "sgaExpense": 445,
        "totalOperatingExpense": 539,
        "totalOtherIncomeExpenseNet": 7
      },
      {
        "costOfGoodsSold": 1196,
        "depreciationAmortization": 86,
        "dilutedAverageSharesOutstanding": 331,
        "dilutedEPS": 0.14,
        "ebit": 217,
        "grossIncome": 700,
        "interestExpense": 89,
        "interestIncomeExpense": -93,
        "minorityInterest": -1,
        "netIncome": 47,
        "netIncomeAfterTaxes": 48,
        "nonRecurringItems": -60,
        "otherOperatingExpensesTotal": 23,
        "period": "2017-03-31",
        "pretaxIncome": 66,
        "provisionforIncomeTaxes": 18,
        "revenue": 1896,
        "sgaExpense": 374,
        "totalOperatingExpense": 483,
        "totalOtherIncomeExpenseNet": 2
      },
      {
        "costOfGoodsSold": 368,
        "depreciationAmortization": 80,
        "dilutedAverageSharesOutstanding": 329,
        "dilutedEPS": -1.22,
        "ebit": 138,
        "grossIncome": 665,
        "interestExpense": 48,
        "interestIncomeExpense": -28,
        "minorityInterest": -5,
        "netIncome": -397,
        "netIncomeAfterTaxes": -397,
        "nonRecurringItems": 22,
        "otherOperatingExpensesTotal": 27,
        "period": "2016-12-31",
        "pretaxIncome": 149,
        "provisionforIncomeTaxes": 546,
        "revenue": 1033,
        "sgaExpense": 420,
        "totalOperatingExpense": 527,
        "totalOtherIncomeExpenseNet": 17
      },
      {
        "costOfGoodsSold": 1070,
        "depreciationAmortization": 90,
        "dilutedAverageSharesOutstanding": 331,
        "dilutedEPS": 0.56,
        "ebit": 265,
        "grossIncome": 797,
        "interestExpense": 97,
        "interestIncomeExpense": -107,
        "minorityInterest": -5,
        "netIncome": 187,
        "netIncomeAfterTaxes": 89,
        "nonRecurringItems": 0,
        "otherOperatingExpensesTotal": 10,
        "period": "2016-09-30",
        "pretaxIncome": 158,
        "provisionforIncomeTaxes": 69,
        "revenue": 1867,
        "sgaExpense": 432,
        "totalOperatingExpense": 532,
        "totalOtherIncomeExpenseNet": 0
      },
      {
        "costOfGoodsSold": 1130,
        "depreciationAmortization": 91,
        "dilutedAverageSharesOutstanding": 330,
        "dilutedEPS": 0.72,
        "ebit": 272,
        "grossIncome": 820,
        "interestExpense": 99,
        "interestIncomeExpense": -113,
        "minorityInterest": -5,
        "netIncome": 239,
        "netIncomeAfterTaxes": 100,
        "nonRecurringItems": 1,
        "otherOperatingExpensesTotal": 11,
        "period": "2016-06-30",
        "pretaxIncome": 163,
        "provisionforIncomeTaxes": 63,
        "revenue": 1950,
        "sgaExpense": 446,
        "totalOperatingExpense": 548,
        "totalOtherIncomeExpenseNet": 3
      },
      {
        "costOfGoodsSold": 1041,
        "depreciationAmortization": 92,
        "dilutedAverageSharesOutstanding": 330,
        "dilutedEPS": 0.93,
        "ebit": 185,
        "grossIncome": 685,
        "interestExpense": 90,
        "interestIncomeExpense": -102,
        "minorityInterest": -1,
        "netIncome": 309,
        "netIncomeAfterTaxes": 191,
        "nonRecurringItems": -15,
        "otherOperatingExpensesTotal": 18,
        "period": "2016-03-31",
        "pretaxIncome": 70,
        "provisionforIncomeTaxes": -121,
        "revenue": 1726,
        "sgaExpense": 390,
        "totalOperatingExpense": 500,
        "totalOtherIncomeExpenseNet": 2
      },
      {
        "costOfGoodsSold": 937,
        "depreciationAmortization": -134,
        "dilutedAverageSharesOutstanding": 338.6,
        "dilutedEPS": 2.4,
        "ebit": -537,
        "grossIncome": -2220,
        "interestExpense": -54,
        "interestIncomeExpense": 1,
        "minorityInterest": -2,
        "netIncome": 814,
        "netIncomeAfterTaxes": 281,
        "nonRecurringItems": -143,
        "otherOperatingExpensesTotal": 49,
        "period": "2015-12-31",
        "pretaxIncome": -622,
        "provisionforIncomeTaxes": -903,
        "revenue": -1283,
        "sgaExpense": -1598,
        "totalOperatingExpense": -1683,
        "totalOtherIncomeExpenseNet": 57
      },
      {
        "costOfGoodsSold": 1063,
        "depreciationAmortization": 171,
        "dilutedAverageSharesOutstanding": 329.7,
        "dilutedEPS": 0.85,
        "ebit": 499,
        "grossIncome": 1832,
        "interestExpense": 138,
        "interestIncomeExpense": -134,
        "minorityInterest": -4,
        "netIncome": 279,
        "netIncomeAfterTaxes": 283,
        "nonRecurringItems": 164,
        "period": "2015-09-30",
        "pretaxIncome": 530,
        "provisionforIncomeTaxes": 247,
        "revenue": 2895,
        "sgaExpense": 1162,
        "totalOperatingExpense": 1333,
        "totalOtherIncomeExpenseNet": 1
      }
    ],
    "symbol": "HLT"
  }
}