{
  "symbol": "PANW",
  "statement": "ic",
  "frequency": "quarterly",
  "timestamp": "2025-09-19T14:05:15.456982",
  "data": {
    "financials": [
      {
        "costOfGoodsSold": 679,
        "dilutedAverageSharesOutstanding": 709,
        "dilutedEPS": 0.36,
        "ebit": 497.2,
        "grossIncome": 1857.3,
        "interestExpense": 0.2,
        "interestIncomeExpense": -0.2,
        "netIncome": 253.8,
        "netIncomeAfterTaxes": 253.8,
        "period": "2025-07-31",
        "pretaxIncome": 591.8,
        "provisionforIncomeTaxes": 338,
        "researchDevelopment": 503.5,
        "revenue": 2536.3,
        "sgaExpense": 856.6,
        "totalOperatingExpense": 1360.1,
        "totalOtherIncomeExpenseNet": 94.8
      },
      {
        "costOfGoodsSold": 619.3,
        "dilutedAverageSharesOutstanding": 707.4,
        "dilutedEPS": 0.37,
        "ebit": 218.8,
        "grossIncome": 1669.7,
        "interestExpense": 0.7,
        "interestIncomeExpense": 83.9,
        "netIncome": 262.1,
        "netIncomeAfterTaxes": 262.1,
        "period": "2025-04-30",
        "pretaxIncome": 310.5,
        "provisionforIncomeTaxes": 48.4,
        "researchDevelopment": 494.5,
        "revenue": 2289,
        "sgaExpense": 956.4,
        "totalOperatingExpense": 1450.9,
        "totalOtherIncomeExpenseNet": 7.8
      },
      {
        "costOfGoodsSold": 599.2,
        "dilutedAverageSharesOutstanding": 709,
        "dilutedEPS": 0.38,
        "ebit": 240.4,
        "grossIncome": 1658.2,
        "interestExpense": 0.9,
        "interestIncomeExpense": 88.4,
        "netIncome": 267.3,
        "netIncomeAfterTaxes": 267.3,
        "period": "2025-01-31",
        "pretaxIncome": 324.8,
        "provisionforIncomeTaxes": 57.5,
        "researchDevelopment": 505.7,
        "revenue": 2257.4,
        "sgaExpense": 912.1,
        "totalOperatingExpense": 1417.8,
        "totalOtherIncomeExpenseNet": -4
      },
      {
        "costOfGoodsSold": 554.1,
        "dilutedAverageSharesOutstanding": 709,
        "dilutedEPS": 0.49,
        "ebit": 286.5,
        "grossIncome": 1584.7,
        "interestExpense": 1.2,
        "interestIncomeExpense": 77,
        "netIncome": 350.7,
        "netIncomeAfterTaxes": 350.7,
        "period": "2024-10-31",
        "pretaxIncome": 368.6,
        "provisionforIncomeTaxes": 17.9,
        "researchDevelopment": 480.4,
        "revenue": 2138.8,
        "sgaExpense": 817.8,
        "totalOperatingExpense": 1298.2,
        "totalOtherIncomeExpenseNet": 5.1
      },
      {
        "costOfGoodsSold": 573.7,
        "dilutedAverageSharesOutstanding": 708,
        "dilutedEPS": 0.51,
        "ebit": 262.3,
        "grossIncome": 1615.8,
        "interestExpense": 0.3,
        "interestIncomeExpense": 80.1,
        "netIncome": 357.7,
        "netIncomeAfterTaxes": 357.7,
        "nonRecurringItems": -23.9,
        "period": "2024-07-31",
        "pretaxIncome": 319,
        "provisionforIncomeTaxes": -38.7,
        "researchDevelopment": 494.8,
        "revenue": 2189.5,
        "sgaExpense": 858.7,
        "totalOperatingExpense": 1353.5,
        "totalOtherIncomeExpenseNet": 0.5
      },
      {
        "costOfGoodsSold": 513.6,
        "dilutedAverageSharesOutstanding": 709.2,
        "dilutedEPS": 0.39,
        "ebit": 180.4,
        "grossIncome": 1471.2,
        "interestExpense": 2.3,
        "interestIncomeExpense": 80.3,
        "netIncome": 278.8,
        "netIncomeAfterTaxes": 278.8,
        "nonRecurringItems": -3.7,
        "period": "2024-04-30",
        "pretaxIncome": 251.2,
        "provisionforIncomeTaxes": -27.6,
        "researchDevelopment": 457.2,
        "revenue": 1984.8,
        "sgaExpense": 833.6,
        "totalOperatingExpense": 1290.8,
        "totalOtherIncomeExpenseNet": -5.8
      },
      {
        "costOfGoodsSold": 499.1,
        "dilutedAverageSharesOutstanding": 715,
        "dilutedEPS": 2.44,
        "ebit": 230.4,
        "grossIncome": 1476,
        "interestExpense": 2.8,
        "interestIncomeExpense": 76,
        "netIncome": 1746.9,
        "netIncomeAfterTaxes": 1746.9,
        "nonRecurringItems": -176.8,
        "period": "2024-01-31",
        "pretaxIncome": 135.5,
        "provisionforIncomeTaxes": -1611.4,
        "researchDevelopment": 447.9,
        "revenue": 1975.1,
        "sgaExpense": 797.7,
        "totalOperatingExpense": 1245.6,
        "totalOtherIncomeExpenseNet": 5.9
      },
      {
        "costOfGoodsSold": 472.8,
        "dilutedAverageSharesOutstanding": 699.6,
        "dilutedEPS": 0.28,
        "ebit": 215.2,
        "grossIncome": 1405.3,
        "interestExpense": 2.9,
        "interestIncomeExpense": 73.4,
        "netIncome": 194.2,
        "netIncomeAfterTaxes": 194.2,
        "period": "2023-10-31",
        "pretaxIncome": 282.6,
        "provisionforIncomeTaxes": 88.4,
        "researchDevelopment": 409.5,
        "revenue": 1878.1,
        "sgaExpense": 780.6,
        "totalOperatingExpense": 1190.1,
        "totalOtherIncomeExpenseNet": -6
      },
      {
        "costOfGoodsSold": 506.8,
        "dilutedAverageSharesOutstanding": 709.8,
        "dilutedEPS": 0.32,
        "ebit": 253.5,
        "grossIncome": 1446.5,
        "interestExpense": 5.7,
        "interestIncomeExpense": 64,
        "netIncome": 227.7,
        "netIncomeAfterTaxes": 227.7,
        "period": "2023-07-31",
        "pretaxIncome": 316.5,
        "provisionforIncomeTaxes": 88.8,
        "researchDevelopment": 414.4,
        "revenue": 1953.3,
        "sgaExpense": 778.6,
        "totalOperatingExpense": 1193,
        "totalOtherIncomeExpenseNet": -1
      },
      {
        "costOfGoodsSold": 474.8,
        "dilutedAverageSharesOutstanding": 689.4,
        "dilutedEPS": 0.16,
        "ebit": 78.7,
        "grossIncome": 1246.1,
        "interestExpense": 7.8,
        "interestIncomeExpense": 55.9,
        "netIncome": 107.8,
        "netIncomeAfterTaxes": 107.8,
        "period": "2023-04-30",
        "pretaxIncome": 131,
        "provisionforIncomeTaxes": 23.2,
        "researchDevelopment": 413.7,
        "revenue": 1720.9,
        "sgaExpense": 753.7,
        "totalOperatingExpense": 1167.4,
        "totalOtherIncomeExpenseNet": -3.6
      },
      {
        "costOfGoodsSold": 466.2,
        "dilutedAverageSharesOutstanding": 663.2,
        "dilutedEPS": 0.13,
        "ebit": 39.9,
        "grossIncome": 1188.9,
        "interestExpense": 6.9,
        "interestIncomeExpense": 42.4,
        "netIncome": 84.2,
        "netIncomeAfterTaxes": 84.2,
        "period": "2023-01-31",
        "pretaxIncome": 84.4,
        "provisionforIncomeTaxes": 0.2,
        "researchDevelopment": 404.1,
        "revenue": 1655.1,
        "sgaExpense": 744.9,
        "totalOperatingExpense": 1149,
        "totalOtherIncomeExpenseNet": 2.1
      },
      {
        "costOfGoodsSold": 461.9,
        "dilutedAverageSharesOutstanding": 676.8,
        "dilutedEPS": 0.03,
        "ebit": 15.2,
        "grossIncome": 1101.5,
        "interestExpense": 6.8,
        "interestIncomeExpense": 27,
        "netIncome": 20,
        "netIncomeAfterTaxes": 20,
        "period": "2022-10-31",
        "pretaxIncome": 34.4,
        "provisionforIncomeTaxes": 14.4,
        "researchDevelopment": 371.8,
        "revenue": 1563.4,
        "sgaExpense": 714.5,
        "totalOperatingExpense": 1086.3,
        "totalOtherIncomeExpenseNet": -7.8
      },
      {
        "costOfGoodsSold": 492.3,
        "dilutedAverageSharesOutstanding": 596.4059,
        "dilutedEPS": 0.01,
        "ebit": 15.4,
        "grossIncome": 1058.2,
        "interestExpense": 6.9,
        "interestIncomeExpense": -5.1,
        "netIncome": 3.3,
        "netIncomeAfterTaxes": 3.3,
        "period": "2022-07-31",
        "pretaxIncome": 17.3,
        "provisionforIncomeTaxes": 14,
        "researchDevelopment": 363.8,
        "revenue": 1550.5,
        "sgaExpense": 679,
        "totalOperatingExpense": 1042.8,
        "totalOtherIncomeExpenseNet": 7
      },
      {
        "costOfGoodsSold": 440.5,
        "dilutedAverageSharesOutstanding": 593.4,
        "dilutedEPS": -0.12,
        "ebit": -47.6,
        "grossIncome": 946.2,
        "interestExpense": 6.8,
        "interestIncomeExpense": -6.8,
        "netIncome": -73.2,
        "netIncomeAfterTaxes": -73.2,
        "period": "2022-04-30",
        "pretaxIncome": -52.5,
        "provisionforIncomeTaxes": 20.7,
        "researchDevelopment": 355.4,
        "revenue": 1386.7,
        "sgaExpense": 638.4,
        "totalOperatingExpense": 993.8,
        "totalOtherIncomeExpenseNet": 1.9
      },
      {
        "costOfGoodsSold": 405.3,
        "dilutedAverageSharesOutstanding": 589.2059,
        "dilutedEPS": -0.16,
        "ebit": -73.9,
        "grossIncome": 911.6,
        "interestExpense": 6.8,
        "interestIncomeExpense": -6.8,
        "netIncome": -93.5,
        "netIncomeAfterTaxes": -93.5,
        "period": "2022-01-31",
        "pretaxIncome": -80.8,
        "provisionforIncomeTaxes": 12.7,
        "researchDevelopment": 359,
        "revenue": 1316.9,
        "sgaExpense": 626.5,
        "totalOperatingExpense": 985.5,
        "totalOtherIncomeExpenseNet": -0.1
      },
      {
        "costOfGoodsSold": 380.6,
        "dilutedAverageSharesOutstanding": 585.6,
        "dilutedEPS": -0.18,
        "ebit": -82.7,
        "grossIncome": 866.8,
        "interestExpense": 6.9,
        "interestIncomeExpense": -6.9,
        "netIncome": -103.6,
        "netIncomeAfterTaxes": -103.6,
        "period": "2021-10-31",
        "pretaxIncome": -91.2,
        "provisionforIncomeTaxes": 12.4,
        "researchDevelopment": 339.5,
        "revenue": 1247.4,
        "sgaExpense": 610,
        "totalOperatingExpense": 949.5,
        "totalOtherIncomeExpenseNet": -1.6
      },
      {
        "costOfGoodsSold": 358.9,
        "dilutedAverageSharesOutstanding": 583.8,
        "dilutedEPS": -0.2,
        "ebit": -60.4,
        "grossIncome": 860.4,
        "interestExpense": 41.4,
        "interestIncomeExpense": -42.8,
        "netIncome": -119.3,
        "netIncomeAfterTaxes": -119.3,
        "otherOperatingExpensesTotal": 89.7,
        "period": "2021-07-31",
        "pretaxIncome": -102.3,
        "provisionforIncomeTaxes": 17,
        "researchDevelopment": 325.3,
        "revenue": 1219.3,
        "sgaExpense": 505.8,
        "totalOperatingExpense": 920.8,
        "totalOtherIncomeExpenseNet": 0.9
      },
      {
        "costOfGoodsSold": 330.6,
        "dilutedAverageSharesOutstanding": 581.4,
        "dilutedEPS": -0.25,
        "ebit": -110.4,
        "grossIncome": 743.3,
        "interestExpense": 41,
        "interestIncomeExpense": -40.1,
        "netIncome": -145.1,
        "netIncomeAfterTaxes": -145.1,
        "otherOperatingExpensesTotal": 73.9,
        "period": "2021-04-30",
        "pretaxIncome": -150.4,
        "provisionforIncomeTaxes": -5.3,
        "researchDevelopment": 311,
        "revenue": 1073.9,
        "sgaExpense": 468.8,
        "totalOperatingExpense": 853.7,
        "totalOtherIncomeExpenseNet": 0.1
      },
      {
        "costOfGoodsSold": 307.6,
        "dilutedAverageSharesOutstanding": 575.4,
        "dilutedEPS": -0.25,
        "ebit": -88.8,
        "grossIncome": 709.3,
        "interestExpense": 40.7,
        "interestIncomeExpense": -42.1,
        "netIncome": -142.3,
        "netIncomeAfterTaxes": -142.3,
        "otherOperatingExpensesTotal": 68.6,
        "period": "2021-01-31",
        "pretaxIncome": -130,
        "provisionforIncomeTaxes": 12.3,
        "researchDevelopment": 266.7,
        "revenue": 1016.9,
        "sgaExpense": 462.8,
        "totalOperatingExpense": 798.1,
        "totalOtherIncomeExpenseNet": 0.9
      },
      {
        "costOfGoodsSold": 277.8,
        "dilutedAverageSharesOutstanding": 573,
        "dilutedEPS": -0.16,
        "ebit": -44.5,
        "grossIncome": 668.2,
        "interestExpense": 40.2,
        "interestIncomeExpense": -35.2,
        "netIncome": -92.2,
        "netIncomeAfterTaxes": -92.2,
        "otherOperatingExpensesTotal": 65.8,
        "period": "2020-10-31",
        "pretaxIncome": -82.3,
        "provisionforIncomeTaxes": 9.9,
        "researchDevelopment": 237.4,
        "revenue": 946,
        "sgaExpense": 409.5,
        "totalOperatingExpense": 712.7,
        "totalOtherIncomeExpenseNet": -2.6
      },
      {
        "costOfGoodsSold": 290.4,
        "dilutedAverageSharesOutstanding": 576.0057,
        "dilutedEPS": -0.1,
        "ebit": -17.8,
        "grossIncome": 660,
        "interestExpense": 31.4,
        "interestIncomeExpense": -32.9,
        "netIncome": -58.9,
        "netIncomeAfterTaxes": -58.9,
        "nonRecurringItems": 0,
        "otherOperatingExpensesTotal": 83,
        "period": "2020-07-31",
        "pretaxIncome": -48.4,
        "provisionforIncomeTaxes": 10.5,
        "researchDevelopment": 215.9,
        "revenue": 950.4,
        "sgaExpense": 378.9,
        "totalOperatingExpense": 677.8,
        "totalOtherIncomeExpenseNet": 2.3
      },
      {
        "costOfGoodsSold": 258.3,
        "dilutedAverageSharesOutstanding": 580.2058,
        "dilutedEPS": -0.13,
        "ebit": -56.5,
        "grossIncome": 611.1,
        "interestExpense": 19.4,
        "interestIncomeExpense": -10.9,
        "netIncome": -74.8,
        "netIncomeAfterTaxes": -74.8,
        "nonRecurringItems": 0,
        "otherOperatingExpensesTotal": 60.5,
        "period": "2020-04-30",
        "pretaxIncome": -67.8,
        "provisionforIncomeTaxes": 7,
        "researchDevelopment": 196.3,
        "revenue": 869.4,
        "sgaExpense": 410.8,
        "totalOperatingExpense": 667.6,
        "totalOtherIncomeExpenseNet": -0.4
      },
      {
        "costOfGoodsSold": 233.1,
        "dilutedAverageSharesOutstanding": 589.8059,
        "dilutedEPS": -0.12,
        "ebit": -49.8,
        "grossIncome": 583.6,
        "interestExpense": 19,
        "interestIncomeExpense": -7.5,
        "netIncome": -73.7,
        "netIncomeAfterTaxes": -73.7,
        "nonRecurringItems": -3.1,
        "otherOperatingExpensesTotal": 55.3,
        "period": "2020-01-31",
        "pretaxIncome": -61.1,
        "provisionforIncomeTaxes": 12.6,
        "researchDevelopment": 185.4,
        "revenue": 816.7,
        "sgaExpense": 392.7,
        "totalOperatingExpense": 633.4,
        "totalOtherIncomeExpenseNet": -0.7
      },
      {
        "costOfGoodsSold": 217.7,
        "dilutedAverageSharesOutstanding": 579.6,
        "dilutedEPS": -0.1,
        "ebit": -51.8,
        "grossIncome": 554.2,
        "interestExpense": 18.9,
        "interestIncomeExpense": -2.7,
        "netIncome": -59.6,
        "netIncomeAfterTaxes": -59.6,
        "otherOperatingExpensesTotal": 55.6,
        "period": "2019-10-31",
        "pretaxIncome": -54.5,
        "provisionforIncomeTaxes": 5.1,
        "researchDevelopment": 170.5,
        "revenue": 771.9,
        "sgaExpense": 379.9,
        "totalOperatingExpense": 606,
        "totalOtherIncomeExpenseNet": 0
      },
      {
        "costOfGoodsSold": 217.4,
        "dilutedAverageSharesOutstanding": 574.2,
        "dilutedEPS": -0.04,
        "ebit": -2.9,
        "grossIncome": 588.4,
        "interestExpense": 20,
        "interestIncomeExpense": -4.1,
        "netIncome": -20.8,
        "netIncomeAfterTaxes": -20.8,
        "nonRecurringItems": -9.6,
        "otherOperatingExpensesTotal": 76.2,
        "period": "2019-07-31",
        "pretaxIncome": -13.7,
        "provisionforIncomeTaxes": 7.1,
        "researchDevelopment": 158.7,
        "revenue": 805.8,
        "sgaExpense": 356.4,
        "totalOperatingExpense": 591.3,
        "totalOtherIncomeExpenseNet": 2.9
      },
      {
        "costOfGoodsSold": 204.9,
        "dilutedAverageSharesOutstanding": 566.4,
        "dilutedEPS": -0.04,
        "ebit": -18.7,
        "grossIncome": 521.7,
        "interestExpense": 20.6,
        "interestIncomeExpense": -2.4,
        "netIncome": -20.2,
        "netIncomeAfterTaxes": -20.2,
        "otherOperatingExpensesTotal": 57.2,
        "period": "2019-04-30",
        "pretaxIncome": -21.1,
        "provisionforIncomeTaxes": -0.9,
        "researchDevelopment": 139.1,
        "revenue": 726.6,
        "sgaExpense": 344.1,
        "totalOperatingExpense": 540.4,
        "totalOtherIncomeExpenseNet": 0
      },
      {
        "costOfGoodsSold": 202.6,
        "dilutedAverageSharesOutstanding": 564,
        "dilutedEPS": 0,
        "ebit": 6.6,
        "grossIncome": 508.6,
        "interestExpense": 20.6,
        "interestIncomeExpense": -3.8,
        "netIncome": -2.6,
        "netIncomeAfterTaxes": -2.6,
        "otherOperatingExpensesTotal": 41.9,
        "period": "2019-01-31",
        "pretaxIncome": 2,
        "provisionforIncomeTaxes": 4.6,
        "researchDevelopment": 128.3,
        "revenue": 711.2,
        "sgaExpense": 331.8,
        "totalOperatingExpense": 502,
        "totalOtherIncomeExpenseNet": -0.8
      },
      {
        "costOfGoodsSold": 183.5,
        "dilutedAverageSharesOutstanding": 562.8,
        "dilutedEPS": -0.07,
        "ebit": -32.1,
        "grossIncome": 472.5,
        "interestExpense": 22.7,
        "interestIncomeExpense": -7.3,
        "netIncome": -38.3,
        "netIncomeAfterTaxes": -38.3,
        "otherOperatingExpensesTotal": 41.1,
        "period": "2018-10-31",
        "pretaxIncome": -41.8,
        "provisionforIncomeTaxes": -3.5,
        "researchDevelopment": 113.4,
        "revenue": 656,
        "sgaExpense": 350.1,
        "totalOperatingExpense": 504.6,
        "totalOtherIncomeExpenseNet": -2.4
      },
      {
        "costOfGoodsSold": 184.5,
        "dilutedAverageSharesOutstanding": 557.4,
        "dilutedEPS": 0.01,
        "ebit": 17.1,
        "grossIncome": 474,
        "interestExpense": 10.4,
        "interestIncomeExpense": -0.2,
        "netIncome": 7,
        "netIncomeAfterTaxes": 7,
        "otherOperatingExpensesTotal": 47.9,
        "period": "2018-07-31",
        "pretaxIncome": 16.9,
        "provisionforIncomeTaxes": 9.9,
        "researchDevelopment": 110.3,
        "revenue": 658.5,
        "sgaExpense": 298.7,
        "totalOperatingExpense": 456.9,
        "totalOtherIncomeExpenseNet": 0
      },
      {
        "costOfGoodsSold": 159.9,
        "dilutedAverageSharesOutstanding": 551.4,
        "dilutedEPS": -0.07,
        "ebit": -45.3,
        "grossIncome": 407.8,
        "interestExpense": 6.5,
        "interestIncomeExpense": 2.9,
        "netIncome": -40.4,
        "netIncomeAfterTaxes": -40.4,
        "otherOperatingExpensesTotal": 37.7,
        "period": "2018-04-30",
        "pretaxIncome": -43.2,
        "provisionforIncomeTaxes": -2.8,
        "researchDevelopment": 99.6,
        "revenue": 567.7,
        "sgaExpense": 315.8,
        "totalOperatingExpense": 453.1,
        "totalOtherIncomeExpenseNet": -0.8
      },
      {
        "costOfGoodsSold": 159.4,
        "dilutedAverageSharesOutstanding": 546.6,
        "dilutedEPS": -0.05,
        "ebit": -22.5,
        "grossIncome": 386.2,
        "interestExpense": 6.4,
        "interestIncomeExpense": -1.7,
        "netIncome": -25.6,
        "netIncomeAfterTaxes": -25.6,
        "otherOperatingExpensesTotal": 29.2,
        "period": "2018-01-31",
        "pretaxIncome": -24,
        "provisionforIncomeTaxes": 1.6,
        "researchDevelopment": 96.6,
        "revenue": 545.6,
        "sgaExpense": 282.9,
        "totalOperatingExpense": 408.7,
        "totalOtherIncomeExpenseNet": 0.2
      },
      {
        "costOfGoodsSold": 141.3,
        "dilutedAverageSharesOutstanding": 545.4,
        "dilutedEPS": -0.12,
        "ebit": -53.5,
        "grossIncome": 360.5,
        "interestExpense": 6.3,
        "interestIncomeExpense": -1.8,
        "netIncome": -63.2,
        "netIncomeAfterTaxes": -63.2,
        "otherOperatingExpensesTotal": 28.1,
        "period": "2017-10-31",
        "pretaxIncome": -55,
        "provisionforIncomeTaxes": 8.2,
        "researchDevelopment": 94.2,
        "revenue": 501.8,
        "sgaExpense": 291.7,
        "totalOperatingExpense": 414,
        "totalOtherIncomeExpenseNet": 0.3
      },
      {
        "costOfGoodsSold": 138.3,
        "dilutedAverageSharesOutstanding": 545.4,
        "dilutedEPS": -0.05,
        "ebit": -13.3,
        "grossIncome": 364.3,
        "interestExpense": 6.2,
        "interestIncomeExpense": -6.2,
        "netIncome": -24.6,
        "netIncomeAfterTaxes": -24.6,
        "period": "2017-07-31",
        "pretaxIncome": -16.6,
        "provisionforIncomeTaxes": 8,
        "researchDevelopment": 87.3,
        "revenue": 502.6,
        "sgaExpense": 290.3,
        "totalOperatingExpense": 377.6,
        "totalOtherIncomeExpenseNet": 2.9
      },
      {
        "costOfGoodsSold": 123.7,
        "dilutedAverageSharesOutstanding": 546,
        "dilutedEPS": -0.11,
        "ebit": -49.1,
        "grossIncome": 308.1,
        "interestExpense": 6.2,
        "interestIncomeExpense": -6.2,
        "netIncome": -60.9,
        "netIncomeAfterTaxes": -60.9,
        "period": "2017-04-30",
        "pretaxIncome": -53.2,
        "provisionforIncomeTaxes": 7.7,
        "researchDevelopment": 86,
        "revenue": 431.8,
        "sgaExpense": 271.2,
        "totalOperatingExpense": 357.2,
        "totalOtherIncomeExpenseNet": 2.1
      },
      {
        "costOfGoodsSold": 113.2,
        "dilutedAverageSharesOutstanding": 544.2,
        "dilutedEPS": -0.11,
        "ebit": -54.4,
        "grossIncome": 309.4,
        "interestExpense": 6.1,
        "interestIncomeExpense": -6.1,
        "netIncome": -60.6,
        "netIncomeAfterTaxes": -60.6,
        "period": "2017-01-31",
        "pretaxIncome": -57.8,
        "provisionforIncomeTaxes": 2.8,
        "researchDevelopment": 89.9,
        "revenue": 422.6,
        "sgaExpense": 273.9,
        "totalOperatingExpense": 363.8,
        "totalOtherIncomeExpenseNet": 2.7
      },
      {
        "costOfGoodsSold": 101.2,
        "dilutedAverageSharesOutstanding": 538.8,
        "dilutedEPS": -0.11,
        "ebit": -49,
        "grossIncome": 296.9,
        "interestExpense": 6,
        "interestIncomeExpense": -6,
        "netIncome": -56.9,
        "netIncomeAfterTaxes": -56.9,
        "period": "2016-10-31",
        "pretaxIncome": -52.5,
        "provisionforIncomeTaxes": 4.4,
        "researchDevelopment": 84.2,
        "revenue": 398.1,
        "sgaExpense": 261.7,
        "totalOperatingExpense": 345.9,
        "totalOtherIncomeExpenseNet": 2.5
      },
      {
        "costOfGoodsSold": 101.7,
        "dilutedAverageSharesOutstanding": 533.4,
        "dilutedEPS": -0.06,
        "ebit": -22.7,
        "grossIncome": 299.1,
        "interestExpense": 6,
        "interestIncomeExpense": -6,
        "netIncome": -31.4,
        "netIncomeAfterTaxes": -31.4,
        "period": "2016-07-31",
        "pretaxIncome": -26,
        "provisionforIncomeTaxes": 5.4,
        "researchDevelopment": 76.5,
        "revenue": 400.8,
        "sgaExpense": 245.3,
        "totalOperatingExpense": 321.8,
        "totalOtherIncomeExpenseNet": 2.7
      },
      {
        "costOfGoodsSold": 94.9,
        "dilutedAverageSharesOutstanding": 526.8,
        "dilutedEPS": -0.12,
        "ebit": -52.5,
        "grossIncome": 250.9,
        "interestExpense": 5.8,
        "interestIncomeExpense": -5.8,
        "netIncome": -64.1,
        "netIncomeAfterTaxes": -64.1,
        "period": "2016-04-30",
        "pretaxIncome": -57.3,
        "provisionforIncomeTaxes": 6.8,
        "researchDevelopment": 74,
        "revenue": 345.8,
        "sgaExpense": 229.4,
        "totalOperatingExpense": 303.4,
        "totalOtherIncomeExpenseNet": 1
      },
      {
        "costOfGoodsSold": 94.2,
        "dilutedAverageSharesOutstanding": 519.6,
        "dilutedEPS": -0.11,
        "ebit": -50.1,
        "grossIncome": 240.5,
        "interestExpense": 5.8,
        "interestIncomeExpense": -5.8,
        "netIncome": -57.3,
        "netIncomeAfterTaxes": -57.3,
        "period": "2016-01-31",
        "pretaxIncome": -53.4,
        "provisionforIncomeTaxes": 3.9,
        "researchDevelopment": 74,
        "revenue": 334.7,
        "sgaExpense": 216.6,
        "totalOperatingExpense": 290.6,
        "totalOtherIncomeExpenseNet": 2.5
      },
      {
        "costOfGoodsSold": 79.2,
        "dilutedAverageSharesOutstanding": 510.6,
        "dilutedEPS": -0.08,
        "ebit": -32,
        "grossIncome": 218,
        "interestExpense": 5.8,
        "interestIncomeExpense": -5.8,
        "netIncome": -39.9,
        "netIncomeAfterTaxes": -39.9,
        "period": "2015-10-31",
        "pretaxIncome": -35.6,
        "provisionforIncomeTaxes": 4.3,
        "researchDevelopment": 59.7,
        "revenue": 297.2,
        "sgaExpense": 190.3,
        "totalOperatingExpense": 250,
        "totalOtherIncomeExpenseNet": 2.2
      }
    ],
    "symbol": "PANW"
  }
}