{
  "symbol": "TYL",
  "statement": "ic",
  "frequency": "annual",
  "timestamp": "2025-09-19T14:07:47.989061",
  "data": {
    "financials": [
      {
        "costOfGoodsSold": 1202.042,
        "depreciationAmortization": 61.228,
        "dilutedAverageSharesOutstanding": 43.497,
        "dilutedEPS": 6.047,
        "ebit": 299.526,
        "grossIncome": 935.761,
        "interestExpense": 5.931,
        "interestIncomeExpense": -5.931,
        "netIncome": 263.026,
        "netIncomeAfterTaxes": 263.026,
        "period": "2024-12-31",
        "pretaxIncome": 308.167,
        "provisionforIncomeTaxes": 45.141,
        "researchDevelopment": 117.939,
        "revenue": 2137.803,
        "sgaExpense": 457.068,
        "totalOperatingExpense": 636.235,
        "totalOtherIncomeExpenseNet": 14.572,
        "year": 2024
      },
      {
        "costOfGoodsSold": 1090.652,
        "depreciationAmortization": 75.562,
        "dilutedAverageSharesOutstanding": 42.769,
        "dilutedEPS": 3.8794,
        "ebit": 225.346,
        "grossIncome": 861.099,
        "interestExpense": 23.629,
        "interestIncomeExpense": -23.629,
        "netIncome": 165.919,
        "netIncomeAfterTaxes": 165.919,
        "nonRecurringItems": -6.809,
        "period": "2023-12-31",
        "pretaxIncome": 198.236,
        "provisionforIncomeTaxes": 32.317,
        "researchDevelopment": 109.585,
        "revenue": 1951.751,
        "sgaExpense": 450.606,
        "totalOperatingExpense": 635.753,
        "totalOtherIncomeExpenseNet": 3.328,
        "year": 2023
      },
      {
        "costOfGoodsSold": 1066.341,
        "depreciationAmortization": 62.763,
        "dilutedAverageSharesOutstanding": 42.399,
        "dilutedEPS": 3.8737,
        "ebit": 219.049,
        "grossIncome": 783.863,
        "interestExpense": 28.379,
        "interestIncomeExpense": -28.379,
        "netIncome": 164.24,
        "netIncomeAfterTaxes": 164.24,
        "nonRecurringItems": -4.8,
        "period": "2022-12-31",
        "pretaxIncome": 187.593,
        "provisionforIncomeTaxes": 23.353,
        "researchDevelopment": 105.184,
        "revenue": 1850.204,
        "sgaExpense": 396.867,
        "totalOperatingExpense": 564.814,
        "totalOtherIncomeExpenseNet": 1.723,
        "year": 2022
      },
      {
        "costOfGoodsSold": 882.643,
        "depreciationAmortization": 44.849,
        "dilutedAverageSharesOutstanding": 42.244,
        "dilutedEPS": 3.822,
        "ebit": 209.035,
        "grossIncome": 709.644,
        "interestExpense": 23.298,
        "interestIncomeExpense": -23.298,
        "netIncome": 161.458,
        "netIncomeAfterTaxes": 161.458,
        "nonRecurringItems": -28.3,
        "period": "2021-12-31",
        "pretaxIncome": 158.981,
        "provisionforIncomeTaxes": -2.477,
        "researchDevelopment": 93.481,
        "revenue": 1592.287,
        "sgaExpense": 362.279,
        "totalOperatingExpense": 500.609,
        "totalOtherIncomeExpenseNet": 1.544,
        "year": 2021
      },
      {
        "costOfGoodsSold": 574.2,
        "depreciationAmortization": 21.7,
        "dilutedAverageSharesOutstanding": 41.5,
        "dilutedEPS": 4.69,
        "ebit": 172.9,
        "grossIncome": 542.5,
        "netIncome": 194.8,
        "netIncomeAfterTaxes": 194.8,
        "period": "2020-12-31",
        "pretaxIncome": 175,
        "provisionforIncomeTaxes": -19.8,
        "researchDevelopment": 88.4,
        "revenue": 1116.7,
        "sgaExpense": 259.6,
        "totalOperatingExpense": 369.5,
        "totalOtherIncomeExpenseNet": 2.1,
        "year": 2020
      },
      {
        "costOfGoodsSold": 569.5,
        "depreciationAmortization": 21.4,
        "dilutedAverageSharesOutstanding": 40.1,
        "dilutedEPS": 3.65,
        "ebit": 157.5,
        "grossIncome": 516.9,
        "netIncome": 146.5,
        "netIncomeAfterTaxes": 146.5,
        "nonRecurringItems": -1.1,
        "period": "2019-12-31",
        "pretaxIncome": 159.8,
        "provisionforIncomeTaxes": 13.3,
        "researchDevelopment": 81.3,
        "revenue": 1086.4,
        "sgaExpense": 256.6,
        "totalOperatingExpense": 359.5,
        "totalOtherIncomeExpenseNet": 3.5,
        "year": 2019
      },
      {
        "costOfGoodsSold": 495.7,
        "depreciationAmortization": 16.2,
        "dilutedAverageSharesOutstanding": 40.1,
        "dilutedEPS": 3.67,
        "ebit": 152.5,
        "grossIncome": 439.6,
        "netIncome": 147.5,
        "netIncomeAfterTaxes": 145.7,
        "period": "2018-12-31",
        "pretaxIncome": 155.9,
        "provisionforIncomeTaxes": 10.2,
        "researchDevelopment": 63.3,
        "revenue": 935.3,
        "sgaExpense": 207.6,
        "totalOperatingExpense": 287.1,
        "totalOtherIncomeExpenseNet": 3.4,
        "year": 2018
      },
      {
        "costOfGoodsSold": 441.5,
        "depreciationAmortization": 13.4,
        "dilutedAverageSharesOutstanding": 39.2,
        "dilutedEPS": 4.32,
        "ebit": 162.8,
        "grossIncome": 399.4,
        "netIncome": 169.6,
        "netIncomeAfterTaxes": 143.6,
        "period": "2017-12-31",
        "pretaxIncome": 163.5,
        "provisionforIncomeTaxes": 19.9,
        "researchDevelopment": 47.3,
        "revenue": 840.9,
        "sgaExpense": 175.9,
        "totalOperatingExpense": 236.6,
        "totalOtherIncomeExpenseNet": 0.7,
        "year": 2017
      },
      {
        "costOfGoodsSold": 400.7,
        "depreciationAmortization": 13.2,
        "dilutedAverageSharesOutstanding": 39,
        "dilutedEPS": 2.92,
        "ebit": 137.7,
        "grossIncome": 359.2,
        "netIncome": 113.7,
        "netIncomeAfterTaxes": 113.7,
        "period": "2016-12-31",
        "pretaxIncome": 135.7,
        "provisionforIncomeTaxes": 22,
        "researchDevelopment": 43.2,
        "revenue": 759.9,
        "sgaExpense": 165.2,
        "totalOperatingExpense": 221.5,
        "totalOtherIncomeExpenseNet": -2,
        "year": 2016
      },
      {
        "costOfGoodsSold": 313.8,
        "depreciationAmortization": 5.9,
        "dilutedAverageSharesOutstanding": 36.6,
        "dilutedEPS": 1.77,
        "ebit": 108,
        "grossIncome": 277.2,
        "netIncome": 64.9,
        "netIncomeAfterTaxes": 64.9,
        "period": "2015-12-31",
        "pretaxIncome": 108.4,
        "provisionforIncomeTaxes": 43.6,
        "researchDevelopment": 29.9,
        "revenue": 591,
        "sgaExpense": 133.3,
        "totalOperatingExpense": 169.2,
        "totalOtherIncomeExpenseNet": 0.4,
        "year": 2015
      }
    ],
    "symbol": "TYL"
  }
}