{
  "symbol": "NTRS",
  "statement": "ic",
  "frequency": "quarterly",
  "timestamp": "2025-09-19T14:04:45.509819",
  "data": {
    "financials": [
      {
        "costOfGoodsSold": 1427,
        "depreciationAmortization": 168,
        "dilutedAverageSharesOutstanding": 193.3749,
        "dilutedEPS": 2.1347,
        "ebit": 564.8,
        "grossIncome": 1997.9,
        "netIncome": 412.8,
        "netIncomeAfterTaxes": 421.3,
        "otherOperatingExpensesTotal": 325.2,
        "period": "2025-06-30",
        "pretaxIncome": 564.8,
        "provisionforIncomeTaxes": 143.5,
        "revenue": 3424.9,
        "sgaExpense": 939.9,
        "totalOperatingExpense": 1433.1
      },
      {
        "costOfGoodsSold": 1398.7,
        "depreciationAmortization": 162.9,
        "dilutedAverageSharesOutstanding": 196.125,
        "dilutedEPS": 1.8978,
        "ebit": 521.4,
        "grossIncome": 1940,
        "netIncome": 372.2,
        "netIncomeAfterTaxes": 392,
        "otherOperatingExpensesTotal": 309.1,
        "period": "2025-03-31",
        "pretaxIncome": 521.4,
        "provisionforIncomeTaxes": 129.4,
        "revenue": 3338.7,
        "sgaExpense": 946.6,
        "totalOperatingExpense": 1418.6
      },
      {
        "costOfGoodsSold": 1535,
        "depreciationAmortization": 153.5,
        "dilutedAverageSharesOutstanding": 198.0862,
        "dilutedEPS": 2.2566,
        "ebit": 594.2,
        "grossIncome": 1959.6,
        "netIncome": 447,
        "netIncomeAfterTaxes": 455.4,
        "nonRecurringItems": 0,
        "otherOperatingExpensesTotal": 298.1,
        "period": "2024-12-31",
        "pretaxIncome": 594.2,
        "provisionforIncomeTaxes": 138.8,
        "revenue": 3494.6,
        "sgaExpense": 913.8,
        "totalOperatingExpense": 1365.4
      },
      {
        "costOfGoodsSold": 1772.8,
        "depreciationAmortization": 153.1,
        "dilutedAverageSharesOutstanding": 200.5491,
        "dilutedEPS": 2.2194,
        "ebit": 601.1,
        "grossIncome": 1968.5,
        "netIncome": 445.1,
        "netIncomeAfterTaxes": 464.9,
        "otherOperatingExpensesTotal": 318.9,
        "period": "2024-09-30",
        "pretaxIncome": 601.1,
        "provisionforIncomeTaxes": 136.2,
        "revenue": 3741.3,
        "sgaExpense": 895.4,
        "totalOperatingExpense": 1367.4
      },
      {
        "costOfGoodsSold": 1788.5,
        "depreciationAmortization": 150.6,
        "dilutedAverageSharesOutstanding": 203.7387,
        "dilutedEPS": 4.3404,
        "ebit": 1338.3,
        "grossIncome": 2715.5,
        "netIncome": 884.3,
        "netIncomeAfterTaxes": 896.1,
        "nonRecurringItems": -164.7,
        "otherOperatingExpensesTotal": 332.3,
        "period": "2024-06-30",
        "pretaxIncome": 1173.6,
        "provisionforIncomeTaxes": 277.5,
        "revenue": 4504,
        "sgaExpense": 894.3,
        "totalOperatingExpense": 1377.2
      },
      {
        "costOfGoodsSold": 1729.2,
        "depreciationAmortization": 140.4,
        "dilutedAverageSharesOutstanding": 205.1349,
        "dilutedEPS": 0.956,
        "ebit": 303.1,
        "grossIncome": 1646.8,
        "netIncome": 196.1,
        "netIncomeAfterTaxes": 214.7,
        "nonRecurringItems": -12.5,
        "otherOperatingExpensesTotal": 277.8,
        "period": "2024-03-31",
        "pretaxIncome": 290.6,
        "provisionforIncomeTaxes": 75.9,
        "revenue": 3376,
        "sgaExpense": 925.5,
        "totalOperatingExpense": 1343.7
      },
      {
        "costOfGoodsSold": 1519.9,
        "depreciationAmortization": 138.6,
        "dilutedAverageSharesOutstanding": 206.4718,
        "dilutedEPS": 0.5158,
        "ebit": 230.4,
        "grossIncome": 1545.3,
        "netIncome": 106.5,
        "netIncomeAfterTaxes": 113.1,
        "nonRecurringItems": -84.6,
        "otherOperatingExpensesTotal": 309.8,
        "period": "2023-12-31",
        "pretaxIncome": 145.8,
        "provisionforIncomeTaxes": 32.7,
        "revenue": 3065.2,
        "sgaExpense": 866.5,
        "totalOperatingExpense": 1314.9
      },
      {
        "costOfGoodsSold": 1248.1,
        "depreciationAmortization": 126.7,
        "dilutedAverageSharesOutstanding": 207.3,
        "dilutedEPS": 1.49,
        "ebit": 434.3,
        "grossIncome": 1726.5,
        "netIncome": 308.5,
        "netIncomeAfterTaxes": 327.8,
        "nonRecurringItems": 0,
        "otherOperatingExpensesTotal": 314.9,
        "period": "2023-09-30",
        "pretaxIncome": 434.3,
        "provisionforIncomeTaxes": 106.5,
        "revenue": 2974.6,
        "sgaExpense": 850.6,
        "totalOperatingExpense": 1292.2
      },
      {
        "costOfGoodsSold": 994.5,
        "depreciationAmortization": 104.4,
        "dilutedAverageSharesOutstanding": 207.8,
        "dilutedEPS": 1.56,
        "ebit": 477.4,
        "grossIncome": 1757.1,
        "netIncome": 323.7,
        "netIncomeAfterTaxes": 331.8,
        "nonRecurringItems": -36.7,
        "otherOperatingExpensesTotal": 297.4,
        "period": "2023-06-30",
        "pretaxIncome": 440.7,
        "provisionforIncomeTaxes": 108.9,
        "revenue": 2751.6,
        "sgaExpense": 877.9,
        "totalOperatingExpense": 1279.7
      },
      {
        "costOfGoodsSold": 720.8,
        "depreciationAmortization": 121.3,
        "dilutedAverageSharesOutstanding": 208.7,
        "dilutedEPS": 1.51,
        "ebit": 444,
        "grossIncome": 1744.6,
        "netIncome": 315.2,
        "netIncomeAfterTaxes": 334.6,
        "otherOperatingExpensesTotal": 287.4,
        "period": "2023-03-31",
        "pretaxIncome": 444,
        "provisionforIncomeTaxes": 109.4,
        "revenue": 2465.4,
        "sgaExpense": 891.9,
        "totalOperatingExpense": 1300.6
      },
      {
        "costOfGoodsSold": 498.5,
        "depreciationAmortization": 2.2,
        "dilutedAverageSharesOutstanding": 208.9,
        "dilutedEPS": 0.71,
        "ebit": 197.2,
        "grossIncome": 1519,
        "netIncome": 148.7,
        "netIncomeAfterTaxes": 155.7,
        "nonRecurringItems": -6.8,
        "otherOperatingExpensesTotal": 298,
        "period": "2022-12-31",
        "pretaxIncome": 190.4,
        "provisionforIncomeTaxes": 34.7,
        "revenue": 2017.5,
        "sgaExpense": 1021.6,
        "totalOperatingExpense": 1321.8
      },
      {
        "costOfGoodsSold": 212.7,
        "depreciationAmortization": 2.2,
        "dilutedAverageSharesOutstanding": 208.9,
        "dilutedEPS": 1.8,
        "ebit": 541.5,
        "grossIncome": 1754.8,
        "netIncome": 375.4,
        "netIncomeAfterTaxes": 394.8,
        "nonRecurringItems": -17,
        "otherOperatingExpensesTotal": 273.3,
        "period": "2022-09-30",
        "pretaxIncome": 524.5,
        "provisionforIncomeTaxes": 129.7,
        "revenue": 1967.5,
        "sgaExpense": 937.8,
        "totalOperatingExpense": 1213.3
      },
      {
        "costOfGoodsSold": 32,
        "depreciationAmortization": 2.2,
        "dilutedAverageSharesOutstanding": 208.9,
        "dilutedEPS": 1.86,
        "ebit": 560.9,
        "grossIncome": 1768.7,
        "netIncome": 388.3,
        "netIncomeAfterTaxes": 396.2,
        "nonRecurringItems": -20.3,
        "otherOperatingExpensesTotal": 281,
        "period": "2022-06-30",
        "pretaxIncome": 540.6,
        "provisionforIncomeTaxes": 144.4,
        "revenue": 1800.7,
        "sgaExpense": 924.6,
        "totalOperatingExpense": 1207.8
      },
      {
        "costOfGoodsSold": -15.6,
        "depreciationAmortization": 2.7,
        "dilutedAverageSharesOutstanding": 208.8,
        "dilutedEPS": 1.77,
        "ebit": 510.8,
        "grossIncome": 1718.7,
        "netIncome": 370,
        "netIncomeAfterTaxes": 389.3,
        "otherOperatingExpensesTotal": 278.7,
        "period": "2022-03-31",
        "pretaxIncome": 510.8,
        "provisionforIncomeTaxes": 121.5,
        "revenue": 1703.1,
        "sgaExpense": 926.5,
        "totalOperatingExpense": 1207.9
      },
      {
        "costOfGoodsSold": -16.6,
        "depreciationAmortization": 3.2,
        "dilutedAverageSharesOutstanding": 208.6,
        "dilutedEPS": 1.91,
        "ebit": 537.5,
        "grossIncome": 1667,
        "netIncome": 398.7,
        "netIncomeAfterTaxes": 406.4,
        "nonRecurringItems": -27.9,
        "otherOperatingExpensesTotal": 259.7,
        "period": "2021-12-31",
        "pretaxIncome": 509.6,
        "provisionforIncomeTaxes": 103.2,
        "revenue": 1650.4,
        "sgaExpense": 866.6,
        "totalOperatingExpense": 1129.5
      },
      {
        "costOfGoodsSold": -15.7,
        "depreciationAmortization": 3.4,
        "dilutedAverageSharesOutstanding": 208.9,
        "dilutedEPS": 1.8,
        "ebit": 518.1,
        "grossIncome": 1633.8,
        "netIncome": 376.5,
        "netIncomeAfterTaxes": 395.7,
        "otherOperatingExpensesTotal": 238,
        "period": "2021-09-30",
        "pretaxIncome": 518.1,
        "provisionforIncomeTaxes": 122.4,
        "revenue": 1618.1,
        "sgaExpense": 874.3,
        "totalOperatingExpense": 1115.7
      },
      {
        "costOfGoodsSold": -14.8,
        "depreciationAmortization": 3.9,
        "dilutedAverageSharesOutstanding": 209.1,
        "dilutedEPS": 1.72,
        "ebit": 486.5,
        "grossIncome": 1580.3,
        "netIncome": 360.2,
        "netIncomeAfterTaxes": 368.1,
        "otherOperatingExpensesTotal": 236,
        "period": "2021-06-30",
        "pretaxIncome": 486.5,
        "provisionforIncomeTaxes": 118.4,
        "revenue": 1565.5,
        "sgaExpense": 853.9,
        "totalOperatingExpense": 1093.8
      },
      {
        "costOfGoodsSold": -12.7,
        "depreciationAmortization": 4.3,
        "dilutedAverageSharesOutstanding": 208.9,
        "dilutedEPS": 1.7,
        "ebit": 495.9,
        "grossIncome": 1583.4,
        "netIncome": 355.2,
        "netIncomeAfterTaxes": 375.1,
        "otherOperatingExpensesTotal": 219.1,
        "period": "2021-03-31",
        "pretaxIncome": 495.9,
        "provisionforIncomeTaxes": 120.8,
        "revenue": 1570.7,
        "sgaExpense": 864.1,
        "totalOperatingExpense": 1087.5
      },
      {
        "costOfGoodsSold": 0.7,
        "depreciationAmortization": 4.3,
        "dilutedAverageSharesOutstanding": 209,
        "dilutedEPS": 1.12,
        "ebit": 373.4,
        "grossIncome": 1521.9,
        "netIncome": 234.7,
        "netIncomeAfterTaxes": 240.9,
        "otherOperatingExpensesTotal": 255.4,
        "period": "2020-12-31",
        "pretaxIncome": 373.4,
        "provisionforIncomeTaxes": 132.5,
        "revenue": 1522.6,
        "sgaExpense": 888.8,
        "totalOperatingExpense": 1148.5
      },
      {
        "costOfGoodsSold": -3,
        "depreciationAmortization": 4.3,
        "dilutedAverageSharesOutstanding": 208.7,
        "dilutedEPS": 1.32,
        "ebit": 389.9,
        "grossIncome": 1485.1,
        "netIncome": 275,
        "netIncomeAfterTaxes": 294.5,
        "otherOperatingExpensesTotal": 274,
        "period": "2020-09-30",
        "pretaxIncome": 389.9,
        "provisionforIncomeTaxes": 95.4,
        "revenue": 1482.1,
        "sgaExpense": 816.9,
        "totalOperatingExpense": 1095.2
      },
      {
        "costOfGoodsSold": 0.8,
        "depreciationAmortization": 4.2,
        "dilutedAverageSharesOutstanding": 208.6,
        "dilutedEPS": 1.46,
        "ebit": 403.2,
        "grossIncome": 1506.1,
        "netIncome": 305.1,
        "netIncomeAfterTaxes": 313.3,
        "otherOperatingExpensesTotal": 303.7,
        "period": "2020-06-30",
        "pretaxIncome": 403.2,
        "provisionforIncomeTaxes": 89.9,
        "revenue": 1506.9,
        "sgaExpense": 795,
        "totalOperatingExpense": 1102.9
      },
      {
        "costOfGoodsSold": 65.6,
        "depreciationAmortization": 4.1,
        "dilutedAverageSharesOutstanding": 209.8,
        "dilutedEPS": 1.55,
        "ebit": 461.1,
        "grossIncome": 1587.7,
        "netIncome": 326.2,
        "netIncomeAfterTaxes": 360.6,
        "otherOperatingExpensesTotal": 296.2,
        "period": "2020-03-31",
        "pretaxIncome": 461.1,
        "provisionforIncomeTaxes": 100.5,
        "revenue": 1653.3,
        "sgaExpense": 826.3,
        "totalOperatingExpense": 1126.6
      },
      {
        "costOfGoodsSold": 91.3,
        "depreciationAmortization": 4.1,
        "dilutedAverageSharesOutstanding": 211.8,
        "dilutedEPS": 1.7,
        "ebit": 476.4,
        "grossIncome": 1547.7,
        "netIncome": 361,
        "netIncomeAfterTaxes": 371.1,
        "otherOperatingExpensesTotal": 248.7,
        "period": "2019-12-31",
        "pretaxIncome": 476.4,
        "provisionforIncomeTaxes": 105.3,
        "revenue": 1639,
        "sgaExpense": 818.5,
        "totalOperatingExpense": 1071.3
      },
      {
        "costOfGoodsSold": 128.1,
        "depreciationAmortization": 4.2,
        "dilutedAverageSharesOutstanding": 214.2,
        "dilutedEPS": 1.69,
        "ebit": 508.6,
        "grossIncome": 1537.9,
        "netIncome": 362.7,
        "netIncomeAfterTaxes": 384.6,
        "otherOperatingExpensesTotal": 224.5,
        "period": "2019-09-30",
        "pretaxIncome": 508.6,
        "provisionforIncomeTaxes": 124,
        "revenue": 1666,
        "sgaExpense": 800.6,
        "totalOperatingExpense": 1029.3
      },
      {
        "costOfGoodsSold": 145.2,
        "depreciationAmortization": 4.2,
        "dilutedAverageSharesOutstanding": 217.2,
        "dilutedEPS": 1.75,
        "ebit": 506.9,
        "grossIncome": 1506.6,
        "netIncome": 379.7,
        "netIncomeAfterTaxes": 389.4,
        "otherOperatingExpensesTotal": 222.3,
        "period": "2019-06-30",
        "pretaxIncome": 506.9,
        "provisionforIncomeTaxes": 117.5,
        "revenue": 1651.8,
        "sgaExpense": 773.2,
        "totalOperatingExpense": 999.7
      },
      {
        "costOfGoodsSold": 165,
        "depreciationAmortization": 4.2,
        "dilutedAverageSharesOutstanding": 219.3,
        "dilutedEPS": 1.48,
        "ebit": 452.2,
        "grossIncome": 1480.9,
        "netIncome": 325.5,
        "netIncomeAfterTaxes": 347.1,
        "otherOperatingExpensesTotal": 230.6,
        "period": "2019-03-31",
        "pretaxIncome": 452.2,
        "provisionforIncomeTaxes": 105.1,
        "revenue": 1645.9,
        "sgaExpense": 793.9,
        "totalOperatingExpense": 1028.7
      },
      {
        "costOfGoodsSold": 157.9,
        "depreciationAmortization": 4.2,
        "dilutedAverageSharesOutstanding": 221.5,
        "dilutedEPS": 1.79,
        "ebit": 485.9,
        "grossIncome": 1503.8,
        "netIncome": 398.2,
        "netIncomeAfterTaxes": 394.8,
        "otherOperatingExpensesTotal": 246.6,
        "period": "2018-12-31",
        "pretaxIncome": 485.9,
        "provisionforIncomeTaxes": 91.1,
        "revenue": 1661.7,
        "sgaExpense": 767.1,
        "totalOperatingExpense": 1017.9
      },
      {
        "costOfGoodsSold": 125,
        "depreciationAmortization": 4.3,
        "dilutedAverageSharesOutstanding": 223.9,
        "dilutedEPS": 1.57,
        "ebit": 486,
        "grossIncome": 1474.3,
        "netIncome": 353.1,
        "netIncomeAfterTaxes": 369,
        "nonRecurringItems": -5,
        "otherOperatingExpensesTotal": 217.2,
        "period": "2018-09-30",
        "pretaxIncome": 481,
        "provisionforIncomeTaxes": 112,
        "revenue": 1599.3,
        "sgaExpense": 766.8,
        "totalOperatingExpense": 988.3
      },
      {
        "costOfGoodsSold": 94.8,
        "depreciationAmortization": 4.3,
        "dilutedAverageSharesOutstanding": 225.6,
        "dilutedEPS": 1.68,
        "ebit": 514.2,
        "grossIncome": 1506.1,
        "netIncome": 379.5,
        "netIncomeAfterTaxes": 390.4,
        "nonRecurringItems": -7,
        "otherOperatingExpensesTotal": 223,
        "period": "2018-06-30",
        "pretaxIncome": 507.2,
        "provisionforIncomeTaxes": 116.8,
        "revenue": 1600.9,
        "sgaExpense": 764.6,
        "totalOperatingExpense": 991.9
      },
      {
        "costOfGoodsSold": 72.6,
        "depreciationAmortization": 4.5,
        "dilutedAverageSharesOutstanding": 227,
        "dilutedEPS": 1.58,
        "ebit": 489.8,
        "grossIncome": 1476,
        "netIncome": 359.1,
        "netIncomeAfterTaxes": 397.4,
        "nonRecurringItems": -6.1,
        "otherOperatingExpensesTotal": 211.4,
        "period": "2018-03-31",
        "pretaxIncome": 483.7,
        "provisionforIncomeTaxes": 86.3,
        "revenue": 1548.6,
        "sgaExpense": 770.3,
        "totalOperatingExpense": 986.2
      },
      {
        "costOfGoodsSold": 66.4,
        "depreciationAmortization": 4.4,
        "dilutedAverageSharesOutstanding": 228,
        "dilutedEPS": 1.51,
        "ebit": 450.8,
        "grossIncome": 1424.5,
        "netIncome": 345.2,
        "netIncomeAfterTaxes": 303.5,
        "nonRecurringItems": -15.2,
        "otherOperatingExpensesTotal": 216.3,
        "period": "2017-12-31",
        "pretaxIncome": 435.6,
        "provisionforIncomeTaxes": 132.1,
        "revenue": 1490.9,
        "sgaExpense": 753,
        "totalOperatingExpense": 973.7
      },
      {
        "costOfGoodsSold": 62.6,
        "depreciationAmortization": 2.3,
        "dilutedAverageSharesOutstanding": 229.3,
        "dilutedEPS": 1.21,
        "ebit": 423.2,
        "grossIncome": 1345.2,
        "netIncome": 276.7,
        "netIncomeAfterTaxes": 298.4,
        "nonRecurringItems": -6.6,
        "otherOperatingExpensesTotal": 208.7,
        "period": "2017-09-30",
        "pretaxIncome": 416.6,
        "provisionforIncomeTaxes": 118.2,
        "revenue": 1407.8,
        "sgaExpense": 711,
        "totalOperatingExpense": 922
      },
      {
        "costOfGoodsSold": 44.3,
        "depreciationAmortization": 2.3,
        "dilutedAverageSharesOutstanding": 230.6,
        "dilutedEPS": 1.12,
        "ebit": 413.6,
        "grossIncome": 1321.2,
        "netIncome": 257.6,
        "netIncomeAfterTaxes": 267.9,
        "nonRecurringItems": -22.8,
        "otherOperatingExpensesTotal": 206.6,
        "period": "2017-06-30",
        "pretaxIncome": 390.8,
        "provisionforIncomeTaxes": 122.9,
        "revenue": 1365.5,
        "sgaExpense": 698.7,
        "totalOperatingExpense": 907.6
      },
      {
        "costOfGoodsSold": 30.1,
        "depreciationAmortization": 2.4,
        "dilutedAverageSharesOutstanding": 230.6,
        "dilutedEPS": 1.09,
        "ebit": 390.9,
        "grossIncome": 1284.4,
        "netIncome": 250.9,
        "netIncomeAfterTaxes": 276.1,
        "otherOperatingExpensesTotal": 190,
        "period": "2017-03-31",
        "pretaxIncome": 390.9,
        "provisionforIncomeTaxes": 114.8,
        "revenue": 1314.5,
        "sgaExpense": 701.1,
        "totalOperatingExpense": 893.5
      },
      {
        "costOfGoodsSold": 22.4,
        "depreciationAmortization": 2.5,
        "dilutedAverageSharesOutstanding": 229.5,
        "dilutedEPS": 1.11,
        "ebit": 389.5,
        "grossIncome": 1241.4,
        "netIncome": 255.7,
        "netIncomeAfterTaxes": 266.5,
        "otherOperatingExpensesTotal": 187.6,
        "period": "2016-12-31",
        "pretaxIncome": 389.5,
        "provisionforIncomeTaxes": 123,
        "revenue": 1263.8,
        "sgaExpense": 661.8,
        "totalOperatingExpense": 851.9
      },
      {
        "costOfGoodsSold": 21.8,
        "depreciationAmortization": 2,
        "dilutedAverageSharesOutstanding": 228.1,
        "dilutedEPS": 1.08,
        "ebit": 373.7,
        "grossIncome": 1213.7,
        "netIncome": 246.9,
        "netIncomeAfterTaxes": 257.6,
        "otherOperatingExpensesTotal": 193.3,
        "period": "2016-09-30",
        "pretaxIncome": 373.7,
        "provisionforIncomeTaxes": 116.1,
        "revenue": 1235.5,
        "sgaExpense": 644.7,
        "totalOperatingExpense": 840
      },
      {
        "costOfGoodsSold": 22.9,
        "depreciationAmortization": 2.2,
        "dilutedAverageSharesOutstanding": 229.3,
        "dilutedEPS": 1.1,
        "ebit": 394.7,
        "grossIncome": 1316.7,
        "netIncome": 252.4,
        "netIncomeAfterTaxes": 263,
        "otherOperatingExpensesTotal": 260.4,
        "period": "2016-06-30",
        "pretaxIncome": 394.7,
        "provisionforIncomeTaxes": 131.7,
        "revenue": 1339.6,
        "sgaExpense": 659.4,
        "totalOperatingExpense": 922
      },
      {
        "costOfGoodsSold": 23.7,
        "depreciationAmortization": 2.1,
        "dilutedAverageSharesOutstanding": 229.8,
        "dilutedEPS": 1.02,
        "ebit": 359.2,
        "grossIncome": 1190,
        "netIncome": 235.4,
        "netIncomeAfterTaxes": 245.4,
        "otherOperatingExpensesTotal": 191.4,
        "period": "2016-03-31",
        "pretaxIncome": 359.2,
        "provisionforIncomeTaxes": 113.8,
        "revenue": 1213.7,
        "sgaExpense": 637.3,
        "totalOperatingExpense": 830.8
      },
      {
        "costOfGoodsSold": 22.4,
        "depreciationAmortization": 2.1,
        "dilutedAverageSharesOutstanding": 232.2,
        "dilutedEPS": 0.99,
        "ebit": 350.4,
        "grossIncome": 1156.7,
        "netIncome": 229.6,
        "netIncomeAfterTaxes": 239.3,
        "otherOperatingExpensesTotal": 172.8,
        "period": "2015-12-31",
        "pretaxIncome": 350.4,
        "provisionforIncomeTaxes": 111.1,
        "revenue": 1179.1,
        "sgaExpense": 631.4,
        "totalOperatingExpense": 806.3
      },
      {
        "costOfGoodsSold": 18.6,
        "depreciationAmortization": 2.1,
        "dilutedAverageSharesOutstanding": 234.2,
        "dilutedEPS": 0.96,
        "ebit": 353.2,
        "grossIncome": 1155.5,
        "netIncome": 225,
        "netIncomeAfterTaxes": 234.6,
        "otherOperatingExpensesTotal": 182.2,
        "period": "2015-09-30",
        "pretaxIncome": 353.2,
        "provisionforIncomeTaxes": 118.6,
        "revenue": 1174.1,
        "sgaExpense": 618,
        "totalOperatingExpense": 802.3
      }
    ],
    "symbol": "NTRS"
  }
}