{
  "symbol": "ULTA",
  "statement": "ic",
  "frequency": "quarterly",
  "timestamp": "2025-09-19T14:07:55.798406",
  "data": {
    "financials": [
      {
        "costOfGoodsSold": 1734.148,
        "dilutedAverageSharesOutstanding": 45.508,
        "dilutedEPS": 6.7033,
        "ebit": 401.777,
        "equityEarningsAffiliates": -0.628,
        "grossIncome": 1114.219,
        "interestIncomeExpense": 3.547,
        "netIncome": 305.052,
        "netIncomeAfterTaxes": 305.68,
        "period": "2025-05-03",
        "pretaxIncome": 405.324,
        "provisionforIncomeTaxes": 99.644,
        "revenue": 2848.367,
        "sgaExpense": 712.442,
        "totalOperatingExpense": 712.442
      },
      {
        "costOfGoodsSold": 2153.967,
        "dilutedAverageSharesOutstanding": 46.486,
        "dilutedEPS": 8.46,
        "ebit": 516.321,
        "grossIncome": 1333.652,
        "interestIncomeExpense": 1.994,
        "netIncome": 393.27,
        "netIncomeAfterTaxes": 393.27,
        "period": "2025-02-01",
        "pretaxIncome": 518.315,
        "provisionforIncomeTaxes": 125.045,
        "revenue": 3487.619,
        "sgaExpense": 817.331,
        "totalOperatingExpense": 817.331
      },
      {
        "costOfGoodsSold": 1524.456,
        "dilutedAverageSharesOutstanding": 47.092,
        "dilutedEPS": 5.1427,
        "ebit": 318.502,
        "grossIncome": 1005.644,
        "interestIncomeExpense": 1.674,
        "netIncome": 242.179,
        "netIncomeAfterTaxes": 242.179,
        "period": "2024-11-02",
        "pretaxIncome": 320.176,
        "provisionforIncomeTaxes": 77.997,
        "revenue": 2530.1,
        "sgaExpense": 687.142,
        "totalOperatingExpense": 687.142
      },
      {
        "costOfGoodsSold": 1573.91,
        "dilutedAverageSharesOutstanding": 47.667,
        "dilutedEPS": 5.2983,
        "ebit": 329.201,
        "grossIncome": 978.177,
        "interestIncomeExpense": 4.526,
        "netIncome": 252.556,
        "netIncomeAfterTaxes": 252.556,
        "period": "2024-08-03",
        "pretaxIncome": 333.727,
        "provisionforIncomeTaxes": 81.171,
        "revenue": 2552.087,
        "sgaExpense": 648.976,
        "totalOperatingExpense": 648.976
      },
      {
        "costOfGoodsSold": 1656.068,
        "dilutedAverageSharesOutstanding": 48.381,
        "dilutedEPS": 6.4718,
        "ebit": 400.948,
        "grossIncome": 1069.78,
        "interestIncomeExpense": 6.9,
        "netIncome": 313.113,
        "netIncomeAfterTaxes": 313.113,
        "period": "2024-05-04",
        "pretaxIncome": 407.848,
        "provisionforIncomeTaxes": 94.735,
        "revenue": 2725.848,
        "sgaExpense": 668.832,
        "totalOperatingExpense": 668.832
      },
      {
        "costOfGoodsSold": 2213.734,
        "dilutedAverageSharesOutstanding": 48.846,
        "dilutedEPS": 8.0737,
        "ebit": 517.09,
        "grossIncome": 1340.564,
        "interestIncomeExpense": 3.328,
        "netIncome": 394.369,
        "netIncomeAfterTaxes": 394.369,
        "period": "2024-02-03",
        "pretaxIncome": 520.418,
        "provisionforIncomeTaxes": 126.049,
        "revenue": 3554.298,
        "sgaExpense": 823.474,
        "totalOperatingExpense": 823.474
      },
      {
        "costOfGoodsSold": 1496.9,
        "dilutedAverageSharesOutstanding": 49.2,
        "dilutedEPS": 5.07,
        "ebit": 327.2,
        "grossIncome": 992.1,
        "interestIncomeExpense": 2.5,
        "netIncome": 249.5,
        "netIncomeAfterTaxes": 249.5,
        "period": "2023-10-28",
        "pretaxIncome": 329.7,
        "provisionforIncomeTaxes": 80.2,
        "revenue": 2488.9,
        "sgaExpense": 664.8,
        "totalOperatingExpense": 664.8
      },
      {
        "costOfGoodsSold": 1536.2,
        "dilutedAverageSharesOutstanding": 49.8,
        "dilutedEPS": 6.02,
        "ebit": 391.6,
        "grossIncome": 993.6,
        "interestIncomeExpense": 4.4,
        "netIncome": 300.1,
        "netIncomeAfterTaxes": 300.1,
        "period": "2023-07-29",
        "pretaxIncome": 396.1,
        "provisionforIncomeTaxes": 96,
        "revenue": 2529.8,
        "sgaExpense": 602,
        "totalOperatingExpense": 602
      },
      {
        "costOfGoodsSold": 1579.4,
        "dilutedAverageSharesOutstanding": 50.5,
        "dilutedEPS": 6.88,
        "ebit": 442.1,
        "grossIncome": 1054.9,
        "interestIncomeExpense": 7.3,
        "netIncome": 347.1,
        "netIncomeAfterTaxes": 347.1,
        "period": "2023-04-29",
        "pretaxIncome": 449.4,
        "provisionforIncomeTaxes": 102.4,
        "revenue": 2634.3,
        "sgaExpense": 612.8,
        "totalOperatingExpense": 612.8
      },
      {
        "costOfGoodsSold": 2014.3,
        "dilutedAverageSharesOutstanding": 51.1,
        "dilutedEPS": 6.67,
        "ebit": 447.6,
        "grossIncome": 1212.5,
        "interestIncomeExpense": 4.4,
        "netIncome": 340.8,
        "netIncomeAfterTaxes": 340.8,
        "nonRecurringItems": 0,
        "period": "2023-01-28",
        "pretaxIncome": 452,
        "provisionforIncomeTaxes": 111.2,
        "revenue": 3226.8,
        "sgaExpense": 764.9,
        "totalOperatingExpense": 764.9
      },
      {
        "costOfGoodsSold": 1376,
        "dilutedAverageSharesOutstanding": 51.4,
        "dilutedEPS": 5.34,
        "ebit": 361.9,
        "grossIncome": 962.8,
        "interestIncomeExpense": 0.8,
        "netIncome": 274.6,
        "netIncomeAfterTaxes": 274.6,
        "period": "2022-10-29",
        "pretaxIncome": 362.7,
        "provisionforIncomeTaxes": 88.1,
        "revenue": 2338.8,
        "sgaExpense": 601,
        "totalOperatingExpense": 600.9
      },
      {
        "costOfGoodsSold": 1368.9,
        "dilutedAverageSharesOutstanding": 51.9,
        "dilutedEPS": 5.7,
        "ebit": 391.4,
        "grossIncome": 928.2,
        "interestIncomeExpense": 0.1,
        "netIncome": 295.7,
        "netIncomeAfterTaxes": 295.7,
        "period": "2022-07-30",
        "pretaxIncome": 391.5,
        "provisionforIncomeTaxes": 95.9,
        "revenue": 2297.1,
        "sgaExpense": 536.7,
        "totalOperatingExpense": 536.8
      },
      {
        "costOfGoodsSold": 1404.9,
        "dilutedAverageSharesOutstanding": 52.6,
        "dilutedEPS": 6.3,
        "ebit": 437.7,
        "grossIncome": 941,
        "interestIncomeExpense": -0.4,
        "netIncome": 331.4,
        "netIncomeAfterTaxes": 331.4,
        "period": "2022-04-30",
        "pretaxIncome": 437.3,
        "provisionforIncomeTaxes": 105.9,
        "revenue": 2345.9,
        "sgaExpense": 503.3,
        "totalOperatingExpense": 503.3
      },
      {
        "costOfGoodsSold": 1702.1,
        "dilutedAverageSharesOutstanding": 53.5,
        "dilutedEPS": 5.41,
        "ebit": 375.6,
        "grossIncome": 1027.3,
        "interestIncomeExpense": -0.5,
        "netIncome": 289.4,
        "netIncomeAfterTaxes": 289.4,
        "nonRecurringItems": 0,
        "period": "2022-01-29",
        "pretaxIncome": 375.2,
        "provisionforIncomeTaxes": 85.8,
        "revenue": 2729.4,
        "sgaExpense": 651.7,
        "totalOperatingExpense": 651.7
      },
      {
        "costOfGoodsSold": 1206.3,
        "dilutedAverageSharesOutstanding": 54.7,
        "dilutedEPS": 3.94,
        "ebit": 284.2,
        "grossIncome": 789.5,
        "interestIncomeExpense": -0.4,
        "netIncome": 215.3,
        "netIncomeAfterTaxes": 215.3,
        "nonRecurringItems": 0,
        "period": "2021-10-30",
        "pretaxIncome": 283.8,
        "provisionforIncomeTaxes": 68.5,
        "revenue": 1995.8,
        "sgaExpense": 505.2,
        "totalOperatingExpense": 505.2
      },
      {
        "costOfGoodsSold": 1169.2,
        "dilutedAverageSharesOutstanding": 55,
        "dilutedEPS": 4.56,
        "ebit": 332.3,
        "grossIncome": 798,
        "interestIncomeExpense": -0.4,
        "netIncome": 250.9,
        "netIncomeAfterTaxes": 250.9,
        "nonRecurringItems": 0,
        "period": "2021-07-31",
        "pretaxIncome": 331.9,
        "provisionforIncomeTaxes": 81,
        "revenue": 1967.2,
        "sgaExpense": 465.7,
        "totalOperatingExpense": 465.7
      },
      {
        "costOfGoodsSold": 1184.7,
        "dilutedAverageSharesOutstanding": 56.2,
        "dilutedEPS": 4.1,
        "ebit": 305.3,
        "grossIncome": 753.8,
        "interestIncomeExpense": -0.4,
        "netIncome": 230.3,
        "netIncomeAfterTaxes": 230.3,
        "period": "2021-05-01",
        "pretaxIncome": 305,
        "provisionforIncomeTaxes": 74.7,
        "revenue": 1938.5,
        "sgaExpense": 448.5,
        "totalOperatingExpense": 448.5
      },
      {
        "costOfGoodsSold": 1427.7,
        "dilutedAverageSharesOutstanding": 56.7,
        "dilutedEPS": 3.03,
        "ebit": 254.7,
        "grossIncome": 771,
        "interestIncomeExpense": -0.5,
        "netIncome": 171.5,
        "netIncomeAfterTaxes": 171.5,
        "nonRecurringItems": -30.4,
        "period": "2021-01-30",
        "pretaxIncome": 223.8,
        "provisionforIncomeTaxes": 52.3,
        "revenue": 2198.7,
        "sgaExpense": 516.4,
        "totalOperatingExpense": 516.3
      },
      {
        "costOfGoodsSold": 1006.5,
        "dilutedAverageSharesOutstanding": 56.5,
        "dilutedEPS": 1.32,
        "ebit": 124.9,
        "grossIncome": 545.5,
        "interestIncomeExpense": -1.4,
        "netIncome": 74.8,
        "netIncomeAfterTaxes": 74.8,
        "nonRecurringItems": -23.6,
        "period": "2020-10-31",
        "pretaxIncome": 99.9,
        "provisionforIncomeTaxes": 25.1,
        "revenue": 1552,
        "sgaExpense": 420.6,
        "totalOperatingExpense": 420.7
      },
      {
        "costOfGoodsSold": 899,
        "dilutedAverageSharesOutstanding": 56.5,
        "dilutedEPS": 0.14,
        "ebit": 53.6,
        "grossIncome": 329,
        "interestIncomeExpense": -2.6,
        "netIncome": 8.1,
        "netIncomeAfterTaxes": 8.1,
        "nonRecurringItems": -40.8,
        "period": "2020-08-01",
        "pretaxIncome": 10.1,
        "provisionforIncomeTaxes": 2.1,
        "revenue": 1228,
        "sgaExpense": 275.5,
        "totalOperatingExpense": 275.5
      },
      {
        "costOfGoodsSold": 869.6,
        "dilutedAverageSharesOutstanding": 56.4,
        "dilutedEPS": -1.39,
        "ebit": -82,
        "grossIncome": 303.6,
        "interestIncomeExpense": -1.3,
        "netIncome": -78.5,
        "netIncomeAfterTaxes": -78.5,
        "nonRecurringItems": -19.5,
        "period": "2020-05-02",
        "pretaxIncome": -102.8,
        "provisionforIncomeTaxes": -24.2,
        "revenue": 1173.2,
        "sgaExpense": 385.5,
        "totalOperatingExpense": 385.6
      },
      {
        "costOfGoodsSold": 1499,
        "dilutedAverageSharesOutstanding": 57.2,
        "dilutedEPS": 3.89,
        "ebit": 287.8,
        "grossIncome": 806.9,
        "interestIncomeExpense": 0.4,
        "netIncome": 222.7,
        "netIncomeAfterTaxes": 222.7,
        "period": "2020-02-01",
        "pretaxIncome": 288.2,
        "provisionforIncomeTaxes": 65.5,
        "revenue": 2305.9,
        "sgaExpense": 519.1,
        "totalOperatingExpense": 519.2
      },
      {
        "costOfGoodsSold": 1059.1,
        "dilutedAverageSharesOutstanding": 57.8,
        "dilutedEPS": 2.25,
        "ebit": 167.8,
        "grossIncome": 623.4,
        "interestIncomeExpense": 0.9,
        "netIncome": 129.7,
        "netIncomeAfterTaxes": 129.7,
        "period": "2019-11-02",
        "pretaxIncome": 168.7,
        "provisionforIncomeTaxes": 38.9,
        "revenue": 1682.5,
        "sgaExpense": 455.7,
        "totalOperatingExpense": 455.6
      },
      {
        "costOfGoodsSold": 1060.7,
        "dilutedAverageSharesOutstanding": 58.4,
        "dilutedEPS": 2.76,
        "ebit": 208,
        "grossIncome": 605.9,
        "interestIncomeExpense": 1.7,
        "netIncome": 161.3,
        "netIncomeAfterTaxes": 161.3,
        "period": "2019-08-03",
        "pretaxIncome": 209.7,
        "provisionforIncomeTaxes": 48.4,
        "revenue": 1666.6,
        "sgaExpense": 397.9,
        "totalOperatingExpense": 397.9
      },
      {
        "costOfGoodsSold": 1098.2,
        "dilutedAverageSharesOutstanding": 59,
        "dilutedEPS": 3.26,
        "ebit": 237.5,
        "grossIncome": 644.8,
        "interestIncomeExpense": 2,
        "netIncome": 192.2,
        "netIncomeAfterTaxes": 192.2,
        "period": "2019-05-04",
        "pretaxIncome": 239.6,
        "provisionforIncomeTaxes": 47.4,
        "revenue": 1743,
        "sgaExpense": 407.3,
        "totalOperatingExpense": 407.3
      },
      {
        "costOfGoodsSold": 1383.9,
        "dilutedAverageSharesOutstanding": 59.4,
        "dilutedEPS": 3.61,
        "ebit": 281.2,
        "grossIncome": 740.9,
        "interestIncomeExpense": 1.3,
        "netIncome": 214.7,
        "netIncomeAfterTaxes": 214.7,
        "period": "2019-02-02",
        "pretaxIncome": 282.5,
        "provisionforIncomeTaxes": 67.8,
        "revenue": 2124.7,
        "sgaExpense": 459.6,
        "totalOperatingExpense": 459.6
      },
      {
        "costOfGoodsSold": 987.7,
        "dilutedAverageSharesOutstanding": 60.1,
        "dilutedEPS": 2.18,
        "ebit": 169.2,
        "grossIncome": 572.3,
        "interestIncomeExpense": 1.3,
        "netIncome": 131.2,
        "netIncomeAfterTaxes": 131.2,
        "period": "2018-11-03",
        "pretaxIncome": 170.5,
        "provisionforIncomeTaxes": 39.4,
        "revenue": 1560,
        "sgaExpense": 403.1,
        "totalOperatingExpense": 403.1
      },
      {
        "costOfGoodsSold": 952.8,
        "dilutedAverageSharesOutstanding": 60.4,
        "dilutedEPS": 2.46,
        "ebit": 193.8,
        "grossIncome": 535.5,
        "interestIncomeExpense": 1.1,
        "netIncome": 148.3,
        "netIncomeAfterTaxes": 148.3,
        "period": "2018-08-04",
        "pretaxIncome": 195,
        "provisionforIncomeTaxes": 46.6,
        "revenue": 1488.2,
        "sgaExpense": 341.6,
        "totalOperatingExpense": 341.6
      },
      {
        "costOfGoodsSold": 983,
        "dilutedAverageSharesOutstanding": 60.9,
        "dilutedEPS": 2.7,
        "ebit": 209.8,
        "grossIncome": 560.7,
        "interestIncomeExpense": 1.3,
        "netIncome": 164.4,
        "netIncomeAfterTaxes": 164.4,
        "period": "2018-05-05",
        "pretaxIncome": 211.2,
        "provisionforIncomeTaxes": 46.8,
        "revenue": 1543.7,
        "sgaExpense": 350.9,
        "totalOperatingExpense": 350.8
      },
      {
        "costOfGoodsSold": 1279.2,
        "dilutedAverageSharesOutstanding": 61.3,
        "dilutedEPS": 3.39,
        "ebit": 254.4,
        "grossIncome": 658.3,
        "interestIncomeExpense": 0.4,
        "netIncome": 208.2,
        "netIncomeAfterTaxes": 246.5,
        "period": "2018-02-03",
        "pretaxIncome": 254.8,
        "provisionforIncomeTaxes": 8.3,
        "revenue": 1937.6,
        "sgaExpense": 403.9,
        "totalOperatingExpense": 404
      },
      {
        "costOfGoodsSold": 849.1,
        "dilutedAverageSharesOutstanding": 61.6,
        "dilutedEPS": 1.7,
        "ebit": 162.7,
        "grossIncome": 493.1,
        "interestIncomeExpense": 0.3,
        "netIncome": 104.6,
        "netIncomeAfterTaxes": 104.6,
        "period": "2017-10-28",
        "pretaxIncome": 163,
        "provisionforIncomeTaxes": 58.3,
        "revenue": 1342.2,
        "sgaExpense": 330.5,
        "totalOperatingExpense": 330.4
      },
      {
        "costOfGoodsSold": 820.5,
        "dilutedAverageSharesOutstanding": 62.4,
        "dilutedEPS": 1.83,
        "ebit": 179.8,
        "grossIncome": 469.3,
        "interestIncomeExpense": 0.6,
        "netIncome": 114.2,
        "netIncomeAfterTaxes": 114.2,
        "period": "2017-07-29",
        "pretaxIncome": 180.4,
        "provisionforIncomeTaxes": 66.2,
        "revenue": 1289.9,
        "sgaExpense": 289.5,
        "totalOperatingExpense": 289.6
      },
      {
        "costOfGoodsSold": 838.9,
        "dilutedAverageSharesOutstanding": 62.6,
        "dilutedEPS": 2.05,
        "ebit": 188.4,
        "grossIncome": 476,
        "interestIncomeExpense": 0.3,
        "netIncome": 128.2,
        "netIncomeAfterTaxes": 128.2,
        "period": "2017-04-29",
        "pretaxIncome": 188.7,
        "provisionforIncomeTaxes": 60.5,
        "revenue": 1314.9,
        "sgaExpense": 287.6,
        "totalOperatingExpense": 287.6
      },
      {
        "costOfGoodsSold": 1035.7,
        "dilutedAverageSharesOutstanding": 62.6,
        "dilutedEPS": 2.24,
        "ebit": 224.2,
        "grossIncome": 544.9,
        "interestIncomeExpense": 0.1,
        "netIncome": 140.2,
        "netIncomeAfterTaxes": 140.2,
        "period": "2017-01-28",
        "pretaxIncome": 224.3,
        "provisionforIncomeTaxes": 84.1,
        "revenue": 1580.6,
        "sgaExpense": 320.7,
        "totalOperatingExpense": 320.6
      },
      {
        "costOfGoodsSold": 704.2,
        "dilutedAverageSharesOutstanding": 62.7,
        "dilutedEPS": 1.4,
        "ebit": 139.7,
        "grossIncome": 427.1,
        "interestIncomeExpense": 0.2,
        "netIncome": 87.6,
        "netIncomeAfterTaxes": 87.6,
        "period": "2016-10-29",
        "pretaxIncome": 139.9,
        "provisionforIncomeTaxes": 52.3,
        "revenue": 1131.2,
        "sgaExpense": 287.4,
        "totalOperatingExpense": 287.4
      },
      {
        "costOfGoodsSold": 684.4,
        "dilutedAverageSharesOutstanding": 62.8,
        "dilutedEPS": 1.43,
        "ebit": 143.8,
        "grossIncome": 384.8,
        "interestIncomeExpense": 0.2,
        "netIncome": 90,
        "netIncomeAfterTaxes": 90,
        "period": "2016-07-30",
        "pretaxIncome": 144,
        "provisionforIncomeTaxes": 54,
        "revenue": 1069.2,
        "sgaExpense": 241.1,
        "totalOperatingExpense": 241
      },
      {
        "costOfGoodsSold": 683.3,
        "dilutedAverageSharesOutstanding": 63.3,
        "dilutedEPS": 1.45,
        "ebit": 147.2,
        "grossIncome": 390.4,
        "interestIncomeExpense": 0.3,
        "netIncome": 92,
        "netIncomeAfterTaxes": 92,
        "period": "2016-04-30",
        "pretaxIncome": 147.5,
        "provisionforIncomeTaxes": 55.5,
        "revenue": 1073.7,
        "sgaExpense": 243.3,
        "totalOperatingExpense": 243.3
      },
      {
        "costOfGoodsSold": 829.3,
        "dilutedAverageSharesOutstanding": 64,
        "dilutedEPS": 1.69,
        "ebit": 169.5,
        "grossIncome": 439,
        "interestIncomeExpense": 0.3,
        "netIncome": 107.8,
        "netIncomeAfterTaxes": 107.8,
        "period": "2016-01-30",
        "pretaxIncome": 169.8,
        "provisionforIncomeTaxes": 61.9,
        "revenue": 1268.3,
        "sgaExpense": 269.6,
        "totalOperatingExpense": 269.5
      },
      {
        "costOfGoodsSold": 575.1,
        "dilutedAverageSharesOutstanding": 64.2,
        "dilutedEPS": 1.11,
        "ebit": 110.8,
        "grossIncome": 335.6,
        "interestIncomeExpense": 0.3,
        "netIncome": 71.1,
        "netIncomeAfterTaxes": 71.1,
        "period": "2015-10-31",
        "pretaxIncome": 111.1,
        "provisionforIncomeTaxes": 40,
        "revenue": 910.7,
        "sgaExpense": 224.9,
        "totalOperatingExpense": 224.8
      },
      {
        "costOfGoodsSold": 570.5,
        "dilutedAverageSharesOutstanding": 64.4,
        "dilutedEPS": 1.15,
        "ebit": 118.5,
        "grossIncome": 306.5,
        "interestIncomeExpense": 0.3,
        "netIncome": 74.2,
        "netIncomeAfterTaxes": 74.2,
        "period": "2015-08-01",
        "pretaxIncome": 118.7,
        "provisionforIncomeTaxes": 44.6,
        "revenue": 877,
        "sgaExpense": 188,
        "totalOperatingExpense": 188
      }
    ],
    "symbol": "ULTA"
  }
}