{
  "symbol": "NVDA",
  "statement": "ic",
  "frequency": "quarterly",
  "timestamp": "2025-09-19T14:04:53.169394",
  "data": {
    "financials": [
      {
        "costOfGoodsSold": 12789,
        "dilutedAverageSharesOutstanding": 24532,
        "dilutedEPS": 1.08,
        "ebit": 28541,
        "grossIncome": 33954,
        "interestExpense": 62,
        "interestIncomeExpense": 2430,
        "netIncome": 26422,
        "netIncomeAfterTaxes": 26422,
        "nonRecurringItems": -101,
        "period": "2025-07-27",
        "pretaxIncome": 31206,
        "provisionforIncomeTaxes": 4784,
        "researchDevelopment": 4291,
        "revenue": 46743,
        "sgaExpense": 1122,
        "totalOperatingExpense": 5413,
        "totalOtherIncomeExpenseNet": 336
      },
      {
        "costOfGoodsSold": 17234,
        "dilutedAverageSharesOutstanding": 24611,
        "dilutedEPS": 0.76,
        "ebit": 21798,
        "grossIncome": 26828,
        "interestExpense": 63,
        "interestIncomeExpense": 230,
        "netIncome": 18775,
        "netIncomeAfterTaxes": 18775,
        "nonRecurringItems": -160,
        "period": "2025-04-27",
        "pretaxIncome": 21910,
        "provisionforIncomeTaxes": 3135,
        "researchDevelopment": 3989,
        "revenue": 44062,
        "sgaExpense": 1041,
        "totalOperatingExpense": 5030,
        "totalOtherIncomeExpenseNet": 42
      },
      {
        "costOfGoodsSold": 10447,
        "dilutedAverageSharesOutstanding": 24705,
        "dilutedEPS": 0.89,
        "ebit": 24195,
        "grossIncome": 28884,
        "interestExpense": 61,
        "interestIncomeExpense": 450,
        "netIncome": 22091,
        "netIncomeAfterTaxes": 22091,
        "nonRecurringItems": -161,
        "period": "2025-01-26",
        "pretaxIncome": 25217,
        "provisionforIncomeTaxes": 3126,
        "researchDevelopment": 3714,
        "revenue": 39331,
        "sgaExpense": 975,
        "totalOperatingExpense": 4689,
        "totalOtherIncomeExpenseNet": 733
      },
      {
        "costOfGoodsSold": 8771,
        "dilutedAverageSharesOutstanding": 24774,
        "dilutedEPS": 0.78,
        "ebit": 22024,
        "grossIncome": 26311,
        "interestExpense": 61,
        "interestIncomeExpense": 411,
        "netIncome": 19309,
        "netIncomeAfterTaxes": 19309,
        "nonRecurringItems": -155,
        "period": "2024-10-27",
        "pretaxIncome": 22316,
        "provisionforIncomeTaxes": 3007,
        "researchDevelopment": 3390,
        "revenue": 35082,
        "sgaExpense": 897,
        "totalOperatingExpense": 4287,
        "totalOtherIncomeExpenseNet": 36
      },
      {
        "costOfGoodsSold": 7322,
        "dilutedAverageSharesOutstanding": 24848,
        "dilutedEPS": 0.67,
        "ebit": 18786,
        "grossIncome": 22718,
        "interestExpense": 61,
        "interestIncomeExpense": 383,
        "netIncome": 16599,
        "netIncomeAfterTaxes": 16599,
        "nonRecurringItems": -144,
        "period": "2024-07-28",
        "pretaxIncome": 19214,
        "provisionforIncomeTaxes": 2615,
        "researchDevelopment": 3090,
        "revenue": 30040,
        "sgaExpense": 842,
        "totalOperatingExpense": 3932,
        "totalOtherIncomeExpenseNet": 189
      },
      {
        "costOfGoodsSold": 5498,
        "dilutedAverageSharesOutstanding": 24890,
        "dilutedEPS": 0.6,
        "ebit": 17049,
        "grossIncome": 20546,
        "interestExpense": 64,
        "interestIncomeExpense": 295,
        "netIncome": 14881,
        "netIncomeAfterTaxes": 14881,
        "nonRecurringItems": -140,
        "period": "2024-04-28",
        "pretaxIncome": 17279,
        "provisionforIncomeTaxes": 2398,
        "researchDevelopment": 2720,
        "revenue": 26044,
        "sgaExpense": 777,
        "totalOperatingExpense": 3497,
        "totalOtherIncomeExpenseNet": 75
      },
      {
        "costOfGoodsSold": 5171,
        "dilutedAverageSharesOutstanding": 24940,
        "dilutedEPS": 0.49,
        "ebit": 13755,
        "grossIncome": 16932,
        "interestExpense": 63,
        "interestIncomeExpense": 231,
        "netIncome": 12285,
        "netIncomeAfterTaxes": 12285,
        "nonRecurringItems": -141,
        "period": "2024-01-28",
        "pretaxIncome": 14106,
        "provisionforIncomeTaxes": 1821,
        "researchDevelopment": 2465,
        "revenue": 22103,
        "sgaExpense": 712,
        "totalOperatingExpense": 3177,
        "totalOtherIncomeExpenseNet": 261
      },
      {
        "costOfGoodsSold": 4559,
        "dilutedAverageSharesOutstanding": 24940,
        "dilutedEPS": 0.37,
        "ebit": 10578,
        "grossIncome": 13561,
        "interestExpense": 63,
        "interestIncomeExpense": 171,
        "netIncome": 9243,
        "netIncomeAfterTaxes": 9243,
        "nonRecurringItems": -161,
        "period": "2023-10-29",
        "pretaxIncome": 10522,
        "provisionforIncomeTaxes": 1279,
        "researchDevelopment": 2294,
        "revenue": 18120,
        "sgaExpense": 689,
        "totalOperatingExpense": 2983,
        "totalOtherIncomeExpenseNet": -66
      },
      {
        "costOfGoodsSold": 3906,
        "dilutedAverageSharesOutstanding": 24990,
        "dilutedEPS": 0.25,
        "ebit": 6939,
        "grossIncome": 9601,
        "interestExpense": 65,
        "interestIncomeExpense": 122,
        "netIncome": 6188,
        "netIncomeAfterTaxes": 6188,
        "nonRecurringItems": -139,
        "period": "2023-07-30",
        "pretaxIncome": 6981,
        "provisionforIncomeTaxes": 793,
        "researchDevelopment": 2040,
        "revenue": 13507,
        "sgaExpense": 622,
        "totalOperatingExpense": 2662,
        "totalOtherIncomeExpenseNet": 59
      },
      {
        "costOfGoodsSold": 2363,
        "dilutedAverageSharesOutstanding": 24900,
        "dilutedEPS": 0.08,
        "ebit": 2321,
        "grossIncome": 4829,
        "interestExpense": 66,
        "interestIncomeExpense": 70,
        "netIncome": 2043,
        "netIncomeAfterTaxes": 2043,
        "nonRecurringItems": -181,
        "period": "2023-04-30",
        "pretaxIncome": 2209,
        "provisionforIncomeTaxes": 166,
        "researchDevelopment": 1875,
        "revenue": 7192,
        "sgaExpense": 633,
        "totalOperatingExpense": 2508,
        "totalOtherIncomeExpenseNet": -1
      },
      {
        "costOfGoodsSold": 2218,
        "dilutedAverageSharesOutstanding": 24770,
        "dilutedEPS": 0.06,
        "ebit": 1256,
        "grossIncome": 3833,
        "interestExpense": 64,
        "interestIncomeExpense": 25,
        "netIncome": 1414,
        "netIncomeAfterTaxes": 1414,
        "nonRecurringItems": 0,
        "period": "2023-01-29",
        "pretaxIncome": 1288,
        "provisionforIncomeTaxes": -126,
        "researchDevelopment": 1952,
        "revenue": 6051,
        "sgaExpense": 625,
        "totalOperatingExpense": 2577,
        "totalOtherIncomeExpenseNet": 7
      },
      {
        "costOfGoodsSold": 2754,
        "dilutedAverageSharesOutstanding": 24990,
        "dilutedEPS": 0.03,
        "ebit": 601,
        "grossIncome": 3177,
        "interestExpense": 65,
        "interestIncomeExpense": 12,
        "netIncome": 680,
        "netIncomeAfterTaxes": 680,
        "nonRecurringItems": 0,
        "period": "2022-10-30",
        "pretaxIncome": 613,
        "provisionforIncomeTaxes": -67,
        "researchDevelopment": 1945,
        "revenue": 5931,
        "sgaExpense": 631,
        "totalOperatingExpense": 2576
      },
      {
        "costOfGoodsSold": 3789,
        "dilutedAverageSharesOutstanding": 25160,
        "dilutedEPS": 0.03,
        "ebit": 499,
        "grossIncome": 2915,
        "interestExpense": 65,
        "interestIncomeExpense": -26,
        "netIncome": 656,
        "netIncomeAfterTaxes": 656,
        "nonRecurringItems": 0,
        "period": "2022-07-31",
        "pretaxIncome": 475,
        "provisionforIncomeTaxes": -181,
        "researchDevelopment": 1824,
        "revenue": 6704,
        "sgaExpense": 592,
        "totalOperatingExpense": 2416,
        "totalOtherIncomeExpenseNet": 2
      },
      {
        "costOfGoodsSold": 2857,
        "dilutedAverageSharesOutstanding": 25370,
        "dilutedEPS": 0.06,
        "ebit": 3221,
        "grossIncome": 5431,
        "interestExpense": 68,
        "interestIncomeExpense": -74,
        "netIncome": 1618,
        "netIncomeAfterTaxes": 1618,
        "nonRecurringItems": -1353,
        "period": "2022-05-01",
        "pretaxIncome": 1805,
        "provisionforIncomeTaxes": 187,
        "researchDevelopment": 1618,
        "revenue": 8288,
        "sgaExpense": 592,
        "totalOperatingExpense": 2210,
        "totalOtherIncomeExpenseNet": 11
      },
      {
        "costOfGoodsSold": 2644,
        "dilutedAverageSharesOutstanding": 25440,
        "dilutedEPS": 0.12,
        "ebit": 2970,
        "grossIncome": 4999,
        "interestExpense": 61,
        "interestIncomeExpense": -130,
        "netIncome": 3003,
        "netIncomeAfterTaxes": 3003,
        "period": "2022-01-30",
        "pretaxIncome": 2865,
        "provisionforIncomeTaxes": -138,
        "researchDevelopment": 1466,
        "revenue": 7643,
        "sgaExpense": 563,
        "totalOperatingExpense": 2029,
        "totalOtherIncomeExpenseNet": 25
      },
      {
        "costOfGoodsSold": 2472,
        "dilutedAverageSharesOutstanding": 25380,
        "dilutedEPS": 0.1,
        "ebit": 2671,
        "grossIncome": 4631,
        "interestExpense": 62,
        "interestIncomeExpense": -47,
        "netIncome": 2464,
        "netIncomeAfterTaxes": 2464,
        "period": "2021-10-31",
        "pretaxIncome": 2638,
        "provisionforIncomeTaxes": 174,
        "researchDevelopment": 1403,
        "revenue": 7103,
        "sgaExpense": 557,
        "totalOperatingExpense": 1960,
        "totalOtherIncomeExpenseNet": 14
      },
      {
        "costOfGoodsSold": 2292,
        "dilutedAverageSharesOutstanding": 25320,
        "dilutedEPS": 0.09,
        "ebit": 2444,
        "grossIncome": 4215,
        "interestExpense": 60,
        "interestIncomeExpense": -60,
        "netIncome": 2374,
        "netIncomeAfterTaxes": 2374,
        "period": "2021-08-01",
        "pretaxIncome": 2394,
        "provisionforIncomeTaxes": 20,
        "researchDevelopment": 1245,
        "revenue": 6507,
        "sgaExpense": 526,
        "totalOperatingExpense": 1771,
        "totalOtherIncomeExpenseNet": 10
      },
      {
        "costOfGoodsSold": 2032,
        "dilutedAverageSharesOutstanding": 25280,
        "dilutedEPS": 0.08,
        "ebit": 1956,
        "grossIncome": 3629,
        "interestExpense": 53,
        "interestIncomeExpense": 77,
        "netIncome": 1912,
        "netIncomeAfterTaxes": 1912,
        "period": "2021-05-02",
        "pretaxIncome": 2044,
        "provisionforIncomeTaxes": 132,
        "researchDevelopment": 1153,
        "revenue": 5661,
        "sgaExpense": 520,
        "totalOperatingExpense": 1673,
        "totalOtherIncomeExpenseNet": 11
      },
      {
        "costOfGoodsSold": 1847,
        "dilutedAverageSharesOutstanding": 25360,
        "dilutedEPS": 0.06,
        "ebit": 1507,
        "grossIncome": 3156,
        "interestExpense": 53,
        "interestIncomeExpense": -46,
        "netIncome": 1457,
        "netIncomeAfterTaxes": 1457,
        "period": "2021-01-31",
        "pretaxIncome": 1470,
        "provisionforIncomeTaxes": 13,
        "researchDevelopment": 1146,
        "revenue": 5003,
        "sgaExpense": 503,
        "totalOperatingExpense": 1649,
        "totalOtherIncomeExpenseNet": 9
      },
      {
        "costOfGoodsSold": 1766,
        "dilutedAverageSharesOutstanding": 25200,
        "dilutedEPS": 0.05,
        "ebit": 1398,
        "grossIncome": 2960,
        "interestExpense": 53,
        "interestIncomeExpense": -46,
        "netIncome": 1336,
        "netIncomeAfterTaxes": 1336,
        "period": "2020-10-25",
        "pretaxIncome": 1348,
        "provisionforIncomeTaxes": 12,
        "researchDevelopment": 1047,
        "revenue": 4726,
        "sgaExpense": 515,
        "totalOperatingExpense": 1562,
        "totalOtherIncomeExpenseNet": -4
      },
      {
        "costOfGoodsSold": 1591,
        "dilutedAverageSharesOutstanding": 25040,
        "dilutedEPS": 0.02,
        "ebit": 651,
        "grossIncome": 2275,
        "interestExpense": 54,
        "interestIncomeExpense": -41,
        "netIncome": 622,
        "netIncomeAfterTaxes": 622,
        "period": "2020-07-26",
        "pretaxIncome": 609,
        "provisionforIncomeTaxes": -13,
        "researchDevelopment": 997,
        "revenue": 3866,
        "sgaExpense": 627,
        "totalOperatingExpense": 1624,
        "totalOtherIncomeExpenseNet": -1
      },
      {
        "costOfGoodsSold": 1076,
        "dilutedAverageSharesOutstanding": 24880,
        "dilutedEPS": 0.04,
        "ebit": 976,
        "grossIncome": 2004,
        "interestExpense": 25,
        "interestIncomeExpense": 6,
        "netIncome": 917,
        "netIncomeAfterTaxes": 917,
        "period": "2020-04-26",
        "pretaxIncome": 981,
        "provisionforIncomeTaxes": 64,
        "researchDevelopment": 735,
        "revenue": 3080,
        "sgaExpense": 293,
        "totalOperatingExpense": 1028,
        "totalOtherIncomeExpenseNet": -1
      },
      {
        "costOfGoodsSold": 1090,
        "dilutedAverageSharesOutstanding": 24840,
        "dilutedEPS": 0.04,
        "ebit": 990,
        "grossIncome": 2015,
        "interestExpense": 13,
        "interestIncomeExpense": 28,
        "netIncome": 951,
        "netIncomeAfterTaxes": 951,
        "period": "2020-01-26",
        "pretaxIncome": 1016,
        "provisionforIncomeTaxes": 65,
        "researchDevelopment": 738,
        "revenue": 3105,
        "sgaExpense": 287,
        "totalOperatingExpense": 1025,
        "totalOtherIncomeExpenseNet": -2
      },
      {
        "costOfGoodsSold": 1098,
        "dilutedAverageSharesOutstanding": 24720,
        "dilutedEPS": 0.04,
        "ebit": 927,
        "grossIncome": 1916,
        "interestExpense": 13,
        "interestIncomeExpense": 32,
        "netIncome": 899,
        "netIncomeAfterTaxes": 899,
        "period": "2019-10-27",
        "pretaxIncome": 959,
        "provisionforIncomeTaxes": 60,
        "researchDevelopment": 712,
        "revenue": 3014,
        "sgaExpense": 277,
        "totalOperatingExpense": 989,
        "totalOtherIncomeExpenseNet": 0
      },
      {
        "costOfGoodsSold": 1038,
        "dilutedAverageSharesOutstanding": 24640,
        "dilutedEPS": 0.02,
        "ebit": 571,
        "grossIncome": 1541,
        "interestExpense": 13,
        "interestIncomeExpense": 34,
        "netIncome": 552,
        "netIncomeAfterTaxes": 552,
        "period": "2019-07-28",
        "pretaxIncome": 606,
        "provisionforIncomeTaxes": 54,
        "researchDevelopment": 704,
        "revenue": 2579,
        "sgaExpense": 266,
        "totalOperatingExpense": 970,
        "totalOtherIncomeExpenseNet": 1
      },
      {
        "costOfGoodsSold": 924,
        "dilutedAverageSharesOutstanding": 24640,
        "dilutedEPS": 0.02,
        "ebit": 358,
        "grossIncome": 1296,
        "interestExpense": 13,
        "interestIncomeExpense": 31,
        "netIncome": 394,
        "netIncomeAfterTaxes": 394,
        "period": "2019-04-28",
        "pretaxIncome": 389,
        "provisionforIncomeTaxes": -5,
        "researchDevelopment": 674,
        "revenue": 2220,
        "sgaExpense": 264,
        "totalOperatingExpense": 938,
        "totalOtherIncomeExpenseNet": 0
      },
      {
        "costOfGoodsSold": 998,
        "dilutedAverageSharesOutstanding": 24880,
        "dilutedEPS": 0.01,
        "ebit": 294,
        "grossIncome": 1207,
        "interestExpense": 14,
        "interestIncomeExpense": 28,
        "netIncome": 566,
        "netIncomeAfterTaxes": 336,
        "nonRecurringItems": 0,
        "period": "2019-01-27",
        "pretaxIncome": 324,
        "provisionforIncomeTaxes": -12,
        "researchDevelopment": 647,
        "revenue": 2205,
        "sgaExpense": 266,
        "totalOperatingExpense": 913,
        "totalOtherIncomeExpenseNet": 2
      },
      {
        "costOfGoodsSold": 1260,
        "dilutedAverageSharesOutstanding": 25000,
        "dilutedEPS": 0.04,
        "ebit": 1058,
        "grossIncome": 1921,
        "interestExpense": 15,
        "interestIncomeExpense": 22,
        "netIncome": 1230,
        "netIncomeAfterTaxes": 1092,
        "period": "2018-10-28",
        "pretaxIncome": 1081,
        "provisionforIncomeTaxes": -11,
        "researchDevelopment": 605,
        "revenue": 3181,
        "sgaExpense": 258,
        "totalOperatingExpense": 863,
        "totalOtherIncomeExpenseNet": 1
      },
      {
        "costOfGoodsSold": 1148,
        "dilutedAverageSharesOutstanding": 25040,
        "dilutedEPS": 0.04,
        "ebit": 1157,
        "grossIncome": 1975,
        "interestExpense": 14,
        "interestIncomeExpense": 18,
        "netIncome": 1101,
        "netIncomeAfterTaxes": 1101,
        "period": "2018-07-29",
        "pretaxIncome": 1180,
        "provisionforIncomeTaxes": 79,
        "researchDevelopment": 581,
        "revenue": 3123,
        "sgaExpense": 237,
        "totalOperatingExpense": 818,
        "totalOtherIncomeExpenseNet": 5
      },
      {
        "costOfGoodsSold": 1139,
        "dilutedAverageSharesOutstanding": 25080,
        "dilutedEPS": 0.05,
        "ebit": 1295,
        "grossIncome": 2068,
        "interestExpense": 15,
        "interestIncomeExpense": 10,
        "netIncome": 1244,
        "netIncomeAfterTaxes": 1244,
        "period": "2018-04-29",
        "pretaxIncome": 1311,
        "provisionforIncomeTaxes": 67,
        "researchDevelopment": 542,
        "revenue": 3207,
        "sgaExpense": 231,
        "totalOperatingExpense": 773,
        "totalOtherIncomeExpenseNet": 6
      },
      {
        "costOfGoodsSold": 1110,
        "dilutedAverageSharesOutstanding": 25160,
        "dilutedEPS": 0.04,
        "ebit": 1073,
        "grossIncome": 1801,
        "interestExpense": 15,
        "interestIncomeExpense": 6,
        "netIncome": 1119,
        "netIncomeAfterTaxes": 986,
        "nonRecurringItems": 0,
        "period": "2018-01-28",
        "pretaxIncome": 1079,
        "provisionforIncomeTaxes": 93,
        "researchDevelopment": 507,
        "revenue": 2911,
        "sgaExpense": 221,
        "totalOperatingExpense": 728
      },
      {
        "costOfGoodsSold": 1067,
        "dilutedAverageSharesOutstanding": 25120,
        "dilutedEPS": 0.03,
        "ebit": 895,
        "grossIncome": 1569,
        "interestExpense": 15,
        "interestIncomeExpense": 1,
        "netIncome": 838,
        "netIncomeAfterTaxes": 838,
        "nonRecurringItems": 0,
        "period": "2017-10-29",
        "pretaxIncome": 896,
        "provisionforIncomeTaxes": 58,
        "researchDevelopment": 462,
        "revenue": 2636,
        "sgaExpense": 212,
        "totalOperatingExpense": 674
      },
      {
        "costOfGoodsSold": 928,
        "dilutedAverageSharesOutstanding": 25320,
        "dilutedEPS": 0.02,
        "ebit": 688,
        "grossIncome": 1302,
        "interestExpense": 15,
        "interestIncomeExpense": -4,
        "netIncome": 583,
        "netIncomeAfterTaxes": 583,
        "nonRecurringItems": 0,
        "period": "2017-07-30",
        "pretaxIncome": 684,
        "provisionforIncomeTaxes": 101,
        "researchDevelopment": 416,
        "revenue": 2230,
        "sgaExpense": 198,
        "totalOperatingExpense": 614
      },
      {
        "costOfGoodsSold": 787,
        "dilutedAverageSharesOutstanding": 25640,
        "dilutedEPS": 0.02,
        "ebit": 554,
        "grossIncome": 1150,
        "interestExpense": 16,
        "interestIncomeExpense": -18,
        "netIncome": 507,
        "netIncomeAfterTaxes": 507,
        "nonRecurringItems": 0,
        "period": "2017-04-30",
        "pretaxIncome": 536,
        "provisionforIncomeTaxes": 29,
        "researchDevelopment": 411,
        "revenue": 1937,
        "sgaExpense": 185,
        "totalOperatingExpense": 596
      },
      {
        "costOfGoodsSold": 870,
        "dilutedAverageSharesOutstanding": 27520,
        "dilutedEPS": 0.02,
        "ebit": 733,
        "grossIncome": 1303,
        "interestExpense": 19,
        "interestIncomeExpense": -8,
        "netIncome": 654,
        "netIncomeAfterTaxes": 654,
        "nonRecurringItems": 0,
        "period": "2017-01-29",
        "pretaxIncome": 725,
        "provisionforIncomeTaxes": 71,
        "researchDevelopment": 394,
        "revenue": 2173,
        "sgaExpense": 176,
        "totalOperatingExpense": 570
      },
      {
        "costOfGoodsSold": 821,
        "dilutedAverageSharesOutstanding": 26120,
        "dilutedEPS": 0.02,
        "ebit": 639,
        "grossIncome": 1183,
        "interestExpense": 16,
        "interestIncomeExpense": -18,
        "netIncome": 542,
        "netIncomeAfterTaxes": 542,
        "nonRecurringItems": 0,
        "period": "2016-10-30",
        "pretaxIncome": 621,
        "provisionforIncomeTaxes": 79,
        "researchDevelopment": 373,
        "revenue": 2004,
        "sgaExpense": 171,
        "totalOperatingExpense": 544
      },
      {
        "costOfGoodsSold": 602,
        "dilutedAverageSharesOutstanding": 25360,
        "dilutedEPS": 0.01,
        "ebit": 319,
        "grossIncome": 826,
        "interestExpense": 12,
        "interestIncomeExpense": 0,
        "netIncome": 261,
        "netIncomeAfterTaxes": 261,
        "nonRecurringItems": -2,
        "period": "2016-07-31",
        "pretaxIncome": 317,
        "provisionforIncomeTaxes": 56,
        "researchDevelopment": 350,
        "revenue": 1428,
        "sgaExpense": 157,
        "totalOperatingExpense": 507
      },
      {
        "costOfGoodsSold": 554,
        "dilutedAverageSharesOutstanding": 23960,
        "dilutedEPS": 0.01,
        "ebit": 246,
        "grossIncome": 751,
        "interestExpense": 12,
        "interestIncomeExpense": -4,
        "netIncome": 208,
        "netIncomeAfterTaxes": 208,
        "nonRecurringItems": -1,
        "period": "2016-05-01",
        "pretaxIncome": 241,
        "provisionforIncomeTaxes": 33,
        "researchDevelopment": 346,
        "revenue": 1305,
        "sgaExpense": 159,
        "totalOperatingExpense": 505
      },
      {
        "costOfGoodsSold": 610,
        "dilutedAverageSharesOutstanding": 23480,
        "dilutedEPS": 0.01,
        "ebit": 286,
        "grossIncome": 791,
        "interestExpense": 12,
        "interestIncomeExpense": -1,
        "netIncome": 208,
        "netIncomeAfterTaxes": 208,
        "nonRecurringItems": -34,
        "period": "2016-01-31",
        "pretaxIncome": 254,
        "provisionforIncomeTaxes": 46,
        "researchDevelopment": 344,
        "revenue": 1401,
        "sgaExpense": 161,
        "totalOperatingExpense": 505,
        "totalOtherIncomeExpenseNet": 3
      },
      {
        "costOfGoodsSold": 571,
        "dilutedAverageSharesOutstanding": 22600,
        "dilutedEPS": 0.01,
        "ebit": 253,
        "grossIncome": 734,
        "interestExpense": 12,
        "interestIncomeExpense": -3,
        "netIncome": 246,
        "netIncomeAfterTaxes": 246,
        "nonRecurringItems": -8,
        "period": "2015-10-25",
        "pretaxIncome": 245,
        "provisionforIncomeTaxes": -1,
        "researchDevelopment": 329,
        "revenue": 1305,
        "sgaExpense": 152,
        "totalOperatingExpense": 481,
        "totalOtherIncomeExpenseNet": 3
      }
    ],
    "symbol": "NVDA"
  }
}