{
  "symbol": "FTNT",
  "statement": "ic",
  "frequency": "annual",
  "timestamp": "2025-09-19T14:00:38.206993",
  "data": {
    "financials": [
      {
        "costOfGoodsSold": 1120.5,
        "dilutedAverageSharesOutstanding": 771.9,
        "dilutedEPS": 2.2609,
        "ebit": 1835.9,
        "equityEarningsAffiliates": -29.4,
        "grossIncome": 4835.3,
        "interestExpense": 20,
        "interestIncomeExpense": 144.7,
        "minorityInterest": 0,
        "netIncome": 1745.2,
        "netIncomeAfterTaxes": 1774.6,
        "nonRecurringItems": 73.8,
        "period": "2024-12-31",
        "pretaxIncome": 2058.5,
        "provisionforIncomeTaxes": 283.9,
        "researchDevelopment": 716.8,
        "revenue": 5955.8,
        "sgaExpense": 2282.6,
        "totalOperatingExpense": 2999.4,
        "totalOtherIncomeExpenseNet": 4.1,
        "year": 2024
      },
      {
        "costOfGoodsSold": 1237.2,
        "dilutedAverageSharesOutstanding": 788.2,
        "dilutedEPS": 1.46,
        "ebit": 1236.5,
        "equityEarningsAffiliates": -42.1,
        "grossIncome": 4067.6,
        "interestExpense": 21,
        "interestIncomeExpense": 98.7,
        "minorityInterest": 0,
        "netIncome": 1147.8,
        "netIncomeAfterTaxes": 1189.9,
        "nonRecurringItems": 4.6,
        "period": "2023-12-31",
        "pretaxIncome": 1333.7,
        "provisionforIncomeTaxes": 143.8,
        "researchDevelopment": 613.8,
        "revenue": 5304.8,
        "sgaExpense": 2217.3,
        "totalOperatingExpense": 2831.1,
        "totalOtherIncomeExpenseNet": -6.1,
        "year": 2023
      },
      {
        "costOfGoodsSold": 1084.9,
        "dilutedAverageSharesOutstanding": 805.3,
        "dilutedEPS": 1.06,
        "ebit": 965,
        "equityEarningsAffiliates": -68.1,
        "grossIncome": 3332.5,
        "interestExpense": 18,
        "interestIncomeExpense": -5.2,
        "minorityInterest": 0.7,
        "netIncome": 857.3,
        "netIncomeAfterTaxes": 924.7,
        "nonRecurringItems": 4.6,
        "period": "2022-12-31",
        "pretaxIncome": 955.5,
        "provisionforIncomeTaxes": 30.8,
        "researchDevelopment": 512.4,
        "revenue": 4417.4,
        "sgaExpense": 1855.1,
        "totalOperatingExpense": 2367.5,
        "totalOtherIncomeExpenseNet": -8.9,
        "year": 2022
      },
      {
        "costOfGoodsSold": 783,
        "dilutedAverageSharesOutstanding": 835.5,
        "dilutedEPS": 0.73,
        "ebit": 645.8,
        "equityEarningsAffiliates": -7.6,
        "grossIncome": 2559.2,
        "interestExpense": 14.9,
        "interestIncomeExpense": -18.6,
        "minorityInterest": 0.1,
        "netIncome": 606.8,
        "netIncomeAfterTaxes": 614.3,
        "nonRecurringItems": 4.6,
        "period": "2021-12-31",
        "pretaxIncome": 628.4,
        "provisionforIncomeTaxes": 14.1,
        "researchDevelopment": 424.2,
        "revenue": 3342.2,
        "sgaExpense": 1489.2,
        "totalOperatingExpense": 1913.4,
        "totalOtherIncomeExpenseNet": -3.4,
        "year": 2021
      },
      {
        "costOfGoodsSold": 570,
        "dilutedAverageSharesOutstanding": 838.5,
        "dilutedEPS": 0.58,
        "ebit": 491.6,
        "grossIncome": 2024.4,
        "interestIncomeExpense": 12.2,
        "netIncome": 488.5,
        "netIncomeAfterTaxes": 488.5,
        "nonRecurringItems": 35.9,
        "period": "2020-12-31",
        "pretaxIncome": 541.7,
        "provisionforIncomeTaxes": 53.2,
        "researchDevelopment": 341.4,
        "revenue": 2594.4,
        "sgaExpense": 1191.4,
        "totalOperatingExpense": 1532.8,
        "totalOtherIncomeExpenseNet": 2,
        "year": 2020
      },
      {
        "costOfGoodsSold": 505.9,
        "dilutedAverageSharesOutstanding": 875,
        "dilutedEPS": 0.38,
        "ebit": 351,
        "grossIncome": 1657.1,
        "interestIncomeExpense": 37.8,
        "netIncome": 331.7,
        "netIncomeAfterTaxes": 329.6,
        "nonRecurringItems": -3.8,
        "period": "2019-12-31",
        "pretaxIncome": 386,
        "provisionforIncomeTaxes": 56.4,
        "researchDevelopment": 277.1,
        "revenue": 2163,
        "sgaExpense": 1029,
        "totalOperatingExpense": 1306.1,
        "totalOtherIncomeExpenseNet": 1,
        "year": 2019
      },
      {
        "costOfGoodsSold": 450.4,
        "dilutedAverageSharesOutstanding": 871,
        "dilutedEPS": 0.38,
        "ebit": 231,
        "grossIncome": 1350.8,
        "interestIncomeExpense": 28.7,
        "netIncome": 332.2,
        "netIncomeAfterTaxes": 364.8,
        "nonRecurringItems": 0,
        "period": "2018-12-31",
        "pretaxIncome": 250.9,
        "provisionforIncomeTaxes": -113.9,
        "researchDevelopment": 244.5,
        "revenue": 1801.2,
        "sgaExpense": 875.3,
        "totalOperatingExpense": 1119.8,
        "totalOtherIncomeExpenseNet": -8.8,
        "year": 2018
      },
      {
        "costOfGoodsSold": 385.284,
        "dilutedAverageSharesOutstanding": 890.395,
        "dilutedEPS": 0.03,
        "ebit": 110.144,
        "grossIncome": 1109.646,
        "interestIncomeExpense": 13.482,
        "netIncome": 31.399,
        "netIncomeAfterTaxes": 94.499,
        "nonRecurringItems": -0.34,
        "period": "2017-12-31",
        "pretaxIncome": 123.994,
        "provisionforIncomeTaxes": 29.495,
        "researchDevelopment": 210.614,
        "revenue": 1494.93,
        "sgaExpense": 788.888,
        "totalOperatingExpense": 999.502,
        "totalOtherIncomeExpenseNet": 0.708,
        "year": 2017
      },
      {
        "costOfGoodsSold": 337.837,
        "dilutedAverageSharesOutstanding": 881.69,
        "dilutedEPS": 0.04,
        "ebit": 46.941,
        "grossIncome": 937.606,
        "interestIncomeExpense": 7.303,
        "netIncome": 32.187,
        "netIncomeAfterTaxes": 32.187,
        "nonRecurringItems": -3.997,
        "period": "2016-12-31",
        "pretaxIncome": 43.148,
        "provisionforIncomeTaxes": 10.961,
        "researchDevelopment": 183.084,
        "revenue": 1275.443,
        "sgaExpense": 707.581,
        "totalOperatingExpense": 890.665,
        "totalOtherIncomeExpenseNet": -7.099,
        "year": 2016
      },
      {
        "costOfGoodsSold": 286.777,
        "dilutedAverageSharesOutstanding": 880.705,
        "dilutedEPS": 0.01,
        "ebit": 22.477,
        "grossIncome": 722.491,
        "interestIncomeExpense": 5.295,
        "netIncome": 7.987,
        "netIncomeAfterTaxes": 7.987,
        "nonRecurringItems": -7.6,
        "period": "2015-12-31",
        "pretaxIncome": 17.005,
        "provisionforIncomeTaxes": 9.018,
        "researchDevelopment": 158.129,
        "revenue": 1009.268,
        "sgaExpense": 541.885,
        "totalOperatingExpense": 700.014,
        "totalOtherIncomeExpenseNet": -3.167,
        "year": 2015
      }
    ],
    "symbol": "FTNT"
  }
}