{
  "symbol": "PG",
  "statement": "ic",
  "frequency": "annual",
  "timestamp": "2025-09-19T14:05:44.070485",
  "data": {
    "financials": [
      {
        "costOfGoodsSold": 41014,
        "dilutedAverageSharesOutstanding": 2454.4,
        "dilutedEPS": 6.38,
        "ebit": 20772,
        "grossIncome": 43270,
        "interestExpense": 907,
        "interestIncomeExpense": -438,
        "minorityInterest": -91,
        "netIncome": 15682,
        "netIncomeAfterTaxes": 16065,
        "nonRecurringItems": -1114,
        "period": "2025-06-30",
        "pretaxIncome": 20167,
        "provisionforIncomeTaxes": 4102,
        "researchDevelopment": 2100,
        "revenue": 84284,
        "sgaExpense": 20398,
        "totalOperatingExpense": 22498,
        "totalOtherIncomeExpenseNet": 947,
        "year": 2025
      },
      {
        "costOfGoodsSold": 40600,
        "dilutedAverageSharesOutstanding": 2471.9,
        "dilutedEPS": 5.9,
        "ebit": 20289,
        "grossIncome": 43439,
        "interestExpense": 925,
        "interestIncomeExpense": -452,
        "minorityInterest": -95,
        "netIncome": 14595,
        "netIncomeAfterTaxes": 14974,
        "nonRecurringItems": -1999,
        "period": "2024-06-30",
        "pretaxIncome": 18761,
        "provisionforIncomeTaxes": 3787,
        "researchDevelopment": 2000,
        "revenue": 84039,
        "sgaExpense": 21150,
        "totalOperatingExpense": 23150,
        "totalOtherIncomeExpenseNet": 923,
        "year": 2024
      },
      {
        "costOfGoodsSold": 42600,
        "dilutedAverageSharesOutstanding": 2483.9,
        "dilutedEPS": 5.78,
        "ebit": 18454,
        "grossIncome": 39406,
        "interestExpense": 756,
        "interestIncomeExpense": -449,
        "minorityInterest": -85,
        "netIncome": 14371,
        "netIncomeAfterTaxes": 14738,
        "nonRecurringItems": -329,
        "period": "2023-06-30",
        "pretaxIncome": 18353,
        "provisionforIncomeTaxes": 3615,
        "researchDevelopment": 2000,
        "revenue": 82006,
        "sgaExpense": 18952,
        "totalOperatingExpense": 20952,
        "totalOtherIncomeExpenseNet": 677,
        "year": 2023
      },
      {
        "costOfGoodsSold": 41975,
        "dilutedAverageSharesOutstanding": 2539.1,
        "dilutedEPS": 5.69,
        "ebit": 18062,
        "grossIncome": 38212,
        "interestExpense": 439,
        "interestIncomeExpense": -433,
        "minorityInterest": -51,
        "netIncome": 14461,
        "netIncomeAfterTaxes": 14793,
        "nonRecurringItems": -253,
        "period": "2022-06-30",
        "pretaxIncome": 17995,
        "provisionforIncomeTaxes": 3202,
        "researchDevelopment": 2000,
        "revenue": 80187,
        "sgaExpense": 18150,
        "totalOperatingExpense": 20150,
        "totalOtherIncomeExpenseNet": 619,
        "year": 2022
      },
      {
        "costOfGoodsSold": 36974,
        "dilutedAverageSharesOutstanding": 2601,
        "dilutedEPS": 5.39,
        "ebit": 18296,
        "grossIncome": 39144,
        "interestExpense": 502,
        "interestIncomeExpense": -388,
        "minorityInterest": -46,
        "netIncome": 14035,
        "netIncomeAfterTaxes": 14352,
        "nonRecurringItems": -842,
        "period": "2021-06-30",
        "pretaxIncome": 17615,
        "provisionforIncomeTaxes": 3263,
        "researchDevelopment": 1900,
        "revenue": 76118,
        "sgaExpense": 18948,
        "totalOperatingExpense": 20848,
        "totalOtherIncomeExpenseNet": 549,
        "year": 2021
      },
      {
        "costOfGoodsSold": 34636,
        "dilutedAverageSharesOutstanding": 2625.8,
        "dilutedEPS": 4.86,
        "ebit": 16465,
        "grossIncome": 36314,
        "interestExpense": 465,
        "interestIncomeExpense": -300,
        "minorityInterest": -76,
        "netIncome": 12764,
        "netIncomeAfterTaxes": 13103,
        "nonRecurringItems": -782,
        "period": "2020-06-30",
        "pretaxIncome": 15834,
        "provisionforIncomeTaxes": 2731,
        "revenue": 70950,
        "sgaExpense": 19849,
        "totalOperatingExpense": 19849,
        "totalOtherIncomeExpenseNet": 451,
        "year": 2020
      },
      {
        "costOfGoodsSold": 33949,
        "dilutedAverageSharesOutstanding": 2539.5,
        "dilutedEPS": 1.43,
        "ebit": 14730,
        "grossIncome": 33735,
        "interestExpense": 509,
        "interestIncomeExpense": -131,
        "minorityInterest": -69,
        "netIncome": 3634,
        "netIncomeAfterTaxes": 3966,
        "nonRecurringItems": -9060,
        "period": "2019-06-30",
        "pretaxIncome": 6069,
        "provisionforIncomeTaxes": 2103,
        "revenue": 67684,
        "sgaExpense": 19005,
        "totalOperatingExpense": 19005,
        "totalOtherIncomeExpenseNet": 530,
        "year": 2019
      },
      {
        "costOfGoodsSold": 33613,
        "dilutedAverageSharesOutstanding": 2656.7,
        "dilutedEPS": 3.57,
        "ebit": 14540,
        "grossIncome": 33219,
        "interestExpense": 506,
        "interestIncomeExpense": -366,
        "minorityInterest": -111,
        "netIncome": 9485,
        "netIncomeAfterTaxes": 10461,
        "nonRecurringItems": -1090,
        "period": "2018-06-30",
        "pretaxIncome": 13326,
        "provisionforIncomeTaxes": 2865,
        "revenue": 66832,
        "sgaExpense": 18679,
        "totalOperatingExpense": 18679,
        "totalOtherIncomeExpenseNet": 242,
        "year": 2018
      },
      {
        "costOfGoodsSold": 31942,
        "dilutedAverageSharesOutstanding": 2740.4,
        "dilutedEPS": 5.5,
        "ebit": 14685,
        "grossIncome": 33116,
        "interestExpense": 465,
        "interestIncomeExpense": -294,
        "minorityInterest": -85,
        "netIncome": 15079,
        "netIncomeAfterTaxes": 10194,
        "nonRecurringItems": -730,
        "period": "2017-06-30",
        "pretaxIncome": 13257,
        "provisionforIncomeTaxes": 3063,
        "revenue": 65058,
        "sgaExpense": 18431,
        "totalOperatingExpense": 18431,
        "totalOtherIncomeExpenseNet": -404,
        "year": 2017
      },
      {
        "costOfGoodsSold": 32191,
        "dilutedAverageSharesOutstanding": 2844.4,
        "dilutedEPS": 3.6,
        "ebit": 14361,
        "grossIncome": 33108,
        "interestExpense": 579,
        "interestIncomeExpense": -397,
        "minorityInterest": -96,
        "netIncome": 10253,
        "netIncomeAfterTaxes": 10027,
        "nonRecurringItems": -920,
        "period": "2016-06-30",
        "pretaxIncome": 13369,
        "provisionforIncomeTaxes": 3342,
        "revenue": 65299,
        "sgaExpense": 18747,
        "totalOperatingExpense": 18747,
        "totalOtherIncomeExpenseNet": 325,
        "year": 2016
      }
    ],
    "symbol": "PG"
  }
}