{
  "symbol": "EIX",
  "statement": "ic",
  "frequency": "quarterly",
  "timestamp": "2025-09-19T13:59:37.663102",
  "data": {
    "financials": [
      {
        "costOfGoodsSold": 1157,
        "depreciationAmortization": 826,
        "dilutedAverageSharesOutstanding": 386,
        "dilutedEPS": 0.89,
        "ebit": 812,
        "grossIncome": 3386,
        "interestExpense": 504,
        "interestIncomeExpense": -471,
        "netIncome": 343,
        "netIncomeAfterTaxes": 398,
        "nonRecurringItems": -37,
        "operationsMaintenance": 1580,
        "otherOperatingExpensesTotal": 168,
        "period": "2025-06-30",
        "pretaxIncome": 384,
        "provisionforIncomeTaxes": -14,
        "revenue": 4543,
        "totalOperatingExpense": 2574,
        "totalOtherIncomeExpenseNet": 80
      },
      {
        "costOfGoodsSold": 1047,
        "depreciationAmortization": 742,
        "dilutedAverageSharesOutstanding": 386,
        "dilutedEPS": 3.7202,
        "ebit": 873,
        "grossIncome": 2764,
        "interestExpense": 301,
        "interestIncomeExpense": -262,
        "netIncome": 1435,
        "netIncomeAfterTaxes": 1492,
        "nonRecurringItems": 1261,
        "operationsMaintenance": 983,
        "otherOperatingExpensesTotal": 166,
        "period": "2025-03-31",
        "pretaxIncome": 1940,
        "provisionforIncomeTaxes": 448,
        "revenue": 3811,
        "totalOperatingExpense": 1891,
        "totalOtherIncomeExpenseNet": 68
      },
      {
        "costOfGoodsSold": 1069,
        "depreciationAmortization": 728,
        "dilutedAverageSharesOutstanding": 388,
        "dilutedEPS": 0.8763,
        "ebit": 866,
        "grossIncome": 2912,
        "interestExpense": 468,
        "interestIncomeExpense": -409,
        "netIncome": 340,
        "netIncomeAfterTaxes": 408,
        "nonRecurringItems": -76,
        "operationsMaintenance": 1171,
        "otherOperatingExpensesTotal": 147,
        "period": "2024-12-31",
        "pretaxIncome": 411,
        "provisionforIncomeTaxes": 3,
        "revenue": 3981,
        "totalOperatingExpense": 2046,
        "totalOtherIncomeExpenseNet": 30
      },
      {
        "costOfGoodsSold": 1898,
        "depreciationAmortization": 710,
        "dilutedAverageSharesOutstanding": 390,
        "dilutedEPS": 1.3231,
        "ebit": 1079,
        "grossIncome": 3303,
        "interestExpense": 477,
        "interestIncomeExpense": -413,
        "netIncome": 516,
        "netIncomeAfterTaxes": 577,
        "nonRecurringItems": -84,
        "operationsMaintenance": 1346,
        "otherOperatingExpensesTotal": 168,
        "period": "2024-09-30",
        "pretaxIncome": 645,
        "provisionforIncomeTaxes": 68,
        "revenue": 5201,
        "totalOperatingExpense": 2224,
        "totalOtherIncomeExpenseNet": 63
      },
      {
        "costOfGoodsSold": 1234,
        "depreciationAmortization": 726,
        "dilutedAverageSharesOutstanding": 388,
        "dilutedEPS": 1.13,
        "ebit": 937,
        "grossIncome": 3102,
        "interestExpense": 480,
        "interestIncomeExpense": -408,
        "netIncome": 439,
        "netIncomeAfterTaxes": 509,
        "nonRecurringItems": -37,
        "operationsMaintenance": 1285,
        "otherOperatingExpensesTotal": 154,
        "period": "2024-06-30",
        "pretaxIncome": 568,
        "provisionforIncomeTaxes": 59,
        "revenue": 4336,
        "totalOperatingExpense": 2165,
        "totalOtherIncomeExpenseNet": 76
      },
      {
        "costOfGoodsSold": 1008,
        "depreciationAmortization": 702,
        "dilutedAverageSharesOutstanding": 385,
        "dilutedEPS": -0.03,
        "ebit": 896,
        "grossIncome": 3070,
        "interestExpense": 444,
        "interestIncomeExpense": -380,
        "netIncome": -11,
        "netIncomeAfterTaxes": 52,
        "nonRecurringItems": -651,
        "operationsMaintenance": 1317,
        "otherOperatingExpensesTotal": 155,
        "period": "2024-03-31",
        "pretaxIncome": -61,
        "provisionforIncomeTaxes": -113,
        "revenue": 4078,
        "totalOperatingExpense": 2174,
        "totalOtherIncomeExpenseNet": 74
      },
      {
        "costOfGoodsSold": 1033,
        "depreciationAmortization": 664,
        "dilutedAverageSharesOutstanding": 385,
        "dilutedEPS": 0.9818,
        "ebit": 935,
        "grossIncome": 2673,
        "interestExpense": 426,
        "interestIncomeExpense": -359,
        "netIncome": 378,
        "netIncomeAfterTaxes": 421,
        "nonRecurringItems": -144,
        "operationsMaintenance": 931,
        "otherOperatingExpensesTotal": 143,
        "period": "2023-12-31",
        "pretaxIncome": 488,
        "provisionforIncomeTaxes": 67,
        "revenue": 3706,
        "totalOperatingExpense": 1738,
        "totalOtherIncomeExpenseNet": 56
      },
      {
        "costOfGoodsSold": 1988,
        "depreciationAmortization": 665,
        "dilutedAverageSharesOutstanding": 385,
        "dilutedEPS": 0.4026,
        "ebit": 1028,
        "grossIncome": 2714,
        "interestExpense": 433,
        "interestIncomeExpense": -365,
        "netIncome": 155,
        "netIncomeAfterTaxes": 212,
        "nonRecurringItems": -536,
        "operationsMaintenance": 882,
        "otherOperatingExpensesTotal": 139,
        "period": "2023-09-30",
        "pretaxIncome": 189,
        "provisionforIncomeTaxes": -23,
        "revenue": 4702,
        "totalOperatingExpense": 1686,
        "totalOtherIncomeExpenseNet": 62
      },
      {
        "costOfGoodsSold": 1147,
        "depreciationAmortization": 650,
        "dilutedAverageSharesOutstanding": 385,
        "dilutedEPS": 0.9195,
        "ebit": 777,
        "grossIncome": 2817,
        "interestExpense": 392,
        "interestIncomeExpense": -326,
        "netIncome": 354,
        "netIncomeAfterTaxes": 409,
        "nonRecurringItems": -53,
        "operationsMaintenance": 1241,
        "otherOperatingExpensesTotal": 149,
        "period": "2023-06-30",
        "pretaxIncome": 460,
        "provisionforIncomeTaxes": 51,
        "revenue": 3964,
        "totalOperatingExpense": 2040,
        "totalOtherIncomeExpenseNet": 62
      },
      {
        "costOfGoodsSold": 1318,
        "depreciationAmortization": 656,
        "dilutedAverageSharesOutstanding": 384,
        "dilutedEPS": 0.8073,
        "ebit": 768,
        "grossIncome": 2648,
        "interestExpense": 361,
        "interestIncomeExpense": -304,
        "netIncome": 310,
        "netIncomeAfterTaxes": 365,
        "nonRecurringItems": -148,
        "operationsMaintenance": 1084,
        "otherOperatingExpensesTotal": 140,
        "period": "2023-03-31",
        "pretaxIncome": 378,
        "provisionforIncomeTaxes": 13,
        "revenue": 3966,
        "totalOperatingExpense": 1880,
        "totalOtherIncomeExpenseNet": 62
      },
      {
        "costOfGoodsSold": 1549,
        "depreciationAmortization": 639,
        "dilutedAverageSharesOutstanding": 386,
        "dilutedEPS": 1.0751,
        "ebit": 804,
        "grossIncome": 2467,
        "interestExpense": 350,
        "interestIncomeExpense": -301,
        "netIncome": 415,
        "netIncomeAfterTaxes": 470,
        "nonRecurringItems": -45,
        "operationsMaintenance": 897,
        "otherOperatingExpensesTotal": 127,
        "period": "2022-12-31",
        "pretaxIncome": 543,
        "provisionforIncomeTaxes": 73,
        "revenue": 4016,
        "totalOperatingExpense": 1663,
        "totalOtherIncomeExpenseNet": 85
      },
      {
        "costOfGoodsSold": 2485,
        "depreciationAmortization": 738,
        "dilutedAverageSharesOutstanding": 382,
        "dilutedEPS": -0.3351,
        "ebit": 898,
        "grossIncome": 2743,
        "interestExpense": 302,
        "interestIncomeExpense": -275,
        "netIncome": -128,
        "netIncomeAfterTaxes": -74,
        "nonRecurringItems": -942,
        "operationsMaintenance": 979,
        "otherOperatingExpensesTotal": 128,
        "period": "2022-09-30",
        "pretaxIncome": -261,
        "provisionforIncomeTaxes": -187,
        "revenue": 5228,
        "totalOperatingExpense": 1845,
        "totalOtherIncomeExpenseNet": 58
      },
      {
        "costOfGoodsSold": 1304,
        "depreciationAmortization": 601,
        "dilutedAverageSharesOutstanding": 381,
        "dilutedEPS": 0.6325,
        "ebit": 622,
        "grossIncome": 2704,
        "interestExpense": 271,
        "interestIncomeExpense": -256,
        "netIncome": 241,
        "netIncomeAfterTaxes": 292,
        "nonRecurringItems": -118,
        "operationsMaintenance": 1361,
        "otherOperatingExpensesTotal": 120,
        "period": "2022-06-30",
        "pretaxIncome": 299,
        "provisionforIncomeTaxes": 7,
        "revenue": 4008,
        "totalOperatingExpense": 2082,
        "totalOtherIncomeExpenseNet": 51
      },
      {
        "costOfGoodsSold": 1037,
        "depreciationAmortization": 583,
        "dilutedAverageSharesOutstanding": 382,
        "dilutedEPS": 0.2199,
        "ebit": 737,
        "grossIncome": 2931,
        "interestExpense": 246,
        "interestIncomeExpense": -243,
        "netIncome": 84,
        "netIncomeAfterTaxes": 136,
        "nonRecurringItems": -478,
        "operationsMaintenance": 1487,
        "otherOperatingExpensesTotal": 124,
        "period": "2022-03-31",
        "pretaxIncome": 81,
        "provisionforIncomeTaxes": -55,
        "revenue": 3968,
        "totalOperatingExpense": 2194,
        "totalOtherIncomeExpenseNet": 65
      },
      {
        "costOfGoodsSold": 1156,
        "depreciationAmortization": 561,
        "dilutedAverageSharesOutstanding": 380,
        "dilutedEPS": 1.3763,
        "ebit": 677,
        "grossIncome": 2175,
        "interestExpense": 231,
        "interestIncomeExpense": -227,
        "netIncome": 523,
        "netIncomeAfterTaxes": 571,
        "nonRecurringItems": -58,
        "operationsMaintenance": 828,
        "otherOperatingExpensesTotal": 109,
        "period": "2021-12-31",
        "pretaxIncome": 432,
        "provisionforIncomeTaxes": -139,
        "revenue": 3331,
        "totalOperatingExpense": 1498,
        "totalOtherIncomeExpenseNet": 40
      },
      {
        "costOfGoodsSold": 2088,
        "depreciationAmortization": 599,
        "dilutedAverageSharesOutstanding": 380,
        "dilutedEPS": -0.8974,
        "ebit": 1277,
        "grossIncome": 3211,
        "interestExpense": 245,
        "interestIncomeExpense": -252,
        "netIncome": -341,
        "netIncomeAfterTaxes": -297,
        "nonRecurringItems": -1405,
        "operationsMaintenance": 1222,
        "otherOperatingExpensesTotal": 113,
        "period": "2021-09-30",
        "pretaxIncome": -326,
        "provisionforIncomeTaxes": -29,
        "revenue": 5299,
        "totalOperatingExpense": 1934,
        "totalOtherIncomeExpenseNet": 54
      },
      {
        "costOfGoodsSold": 1283,
        "depreciationAmortization": 533,
        "dilutedAverageSharesOutstanding": 380,
        "dilutedEPS": 0.8368,
        "ebit": 628,
        "grossIncome": 2032,
        "interestExpense": 232,
        "interestIncomeExpense": -219,
        "netIncome": 318,
        "netIncomeAfterTaxes": 361,
        "nonRecurringItems": -43,
        "operationsMaintenance": 754,
        "otherOperatingExpensesTotal": 117,
        "period": "2021-06-30",
        "pretaxIncome": 429,
        "provisionforIncomeTaxes": 68,
        "revenue": 3315,
        "totalOperatingExpense": 1404,
        "totalOtherIncomeExpenseNet": 63
      },
      {
        "costOfGoodsSold": 1013,
        "depreciationAmortization": 525,
        "dilutedAverageSharesOutstanding": 380,
        "dilutedEPS": 0.68,
        "ebit": 452,
        "grossIncome": 1947,
        "interestExpense": 217,
        "interestIncomeExpense": -217,
        "netIncome": 259,
        "netIncomeAfterTaxes": 290,
        "nonRecurringItems": -53,
        "operationsMaintenance": 844,
        "otherOperatingExpensesTotal": 126,
        "period": "2021-03-31",
        "pretaxIncome": 254,
        "provisionforIncomeTaxes": -36,
        "revenue": 2960,
        "totalOperatingExpense": 1495,
        "totalOtherIncomeExpenseNet": 72
      },
      {
        "costOfGoodsSold": 1119,
        "depreciationAmortization": 504,
        "dilutedAverageSharesOutstanding": 380,
        "dilutedEPS": 1.38,
        "ebit": 833,
        "grossIncome": 2038,
        "interestExpense": 226,
        "interestIncomeExpense": -224,
        "netIncome": 526,
        "netIncomeAfterTaxes": 552,
        "nonRecurringItems": -39,
        "operationsMaintenance": 724,
        "otherOperatingExpensesTotal": -23,
        "period": "2020-12-31",
        "pretaxIncome": 602,
        "provisionforIncomeTaxes": 50,
        "revenue": 3157,
        "totalOperatingExpense": 1205,
        "totalOtherIncomeExpenseNet": 32
      },
      {
        "costOfGoodsSold": 1817,
        "depreciationAmortization": 490,
        "dilutedAverageSharesOutstanding": 378,
        "dilutedEPS": -0.76,
        "ebit": 975,
        "grossIncome": 2827,
        "interestExpense": 222,
        "interestIncomeExpense": -220,
        "netIncome": -288,
        "netIncomeAfterTaxes": -242,
        "nonRecurringItems": -1354,
        "operationsMaintenance": 1248,
        "otherOperatingExpensesTotal": 114,
        "period": "2020-09-30",
        "pretaxIncome": -517,
        "provisionforIncomeTaxes": -275,
        "revenue": 4644,
        "totalOperatingExpense": 1852,
        "totalOtherIncomeExpenseNet": 82
      },
      {
        "costOfGoodsSold": 1068,
        "depreciationAmortization": 489,
        "dilutedAverageSharesOutstanding": 376,
        "dilutedEPS": 0.85,
        "ebit": 565,
        "grossIncome": 1919,
        "interestExpense": 229,
        "interestIncomeExpense": -222,
        "netIncome": 318,
        "netIncomeAfterTaxes": 348,
        "nonRecurringItems": -65,
        "operationsMaintenance": 762,
        "otherOperatingExpensesTotal": 103,
        "period": "2020-06-30",
        "pretaxIncome": 352,
        "provisionforIncomeTaxes": 4,
        "revenue": 2987,
        "totalOperatingExpense": 1354,
        "totalOtherIncomeExpenseNet": 74
      },
      {
        "costOfGoodsSold": 928,
        "depreciationAmortization": 484,
        "dilutedAverageSharesOutstanding": 364,
        "dilutedEPS": 0.5,
        "ebit": 386,
        "grossIncome": 1862,
        "interestExpense": 225,
        "interestIncomeExpense": -216,
        "netIncome": 183,
        "netIncomeAfterTaxes": 213,
        "nonRecurringItems": -84,
        "operationsMaintenance": 881,
        "otherOperatingExpensesTotal": 111,
        "period": "2020-03-31",
        "pretaxIncome": 129,
        "provisionforIncomeTaxes": -84,
        "revenue": 2790,
        "totalOperatingExpense": 1476,
        "totalOtherIncomeExpenseNet": 43
      },
      {
        "costOfGoodsSold": 991,
        "depreciationAmortization": 470,
        "dilutedAverageSharesOutstanding": 362,
        "dilutedEPS": 0.4,
        "ebit": 712,
        "grossIncome": 1979,
        "interestExpense": 222,
        "interestIncomeExpense": -214,
        "minorityInterest": 0,
        "netIncome": 143,
        "netIncomeAfterTaxes": 173,
        "nonRecurringItems": -425,
        "operationsMaintenance": 700,
        "otherOperatingExpensesTotal": 97,
        "period": "2019-12-31",
        "pretaxIncome": 107,
        "provisionforIncomeTaxes": -66,
        "revenue": 2970,
        "totalOperatingExpense": 1267,
        "totalOtherIncomeExpenseNet": 34
      },
      {
        "costOfGoodsSold": 1708,
        "depreciationAmortization": 459,
        "dilutedAverageSharesOutstanding": 349,
        "dilutedEPS": 1.35,
        "ebit": 636,
        "grossIncome": 2033,
        "interestExpense": 214,
        "interestIncomeExpense": -201,
        "minorityInterest": 0,
        "netIncome": 471,
        "netIncomeAfterTaxes": 502,
        "nonRecurringItems": 0,
        "operationsMaintenance": 841,
        "otherOperatingExpensesTotal": 97,
        "period": "2019-09-30",
        "pretaxIncome": 480,
        "provisionforIncomeTaxes": -22,
        "revenue": 3741,
        "totalOperatingExpense": 1397,
        "totalOtherIncomeExpenseNet": 45
      },
      {
        "costOfGoodsSold": 1135,
        "depreciationAmortization": 321,
        "dilutedAverageSharesOutstanding": 327,
        "dilutedEPS": 1.2,
        "ebit": 670,
        "grossIncome": 1677,
        "interestExpense": 211,
        "interestIncomeExpense": -204,
        "minorityInterest": 0,
        "netIncome": 392,
        "netIncomeAfterTaxes": 422,
        "nonRecurringItems": -170,
        "operationsMaintenance": 595,
        "otherOperatingExpensesTotal": 91,
        "period": "2019-06-30",
        "pretaxIncome": 344,
        "provisionforIncomeTaxes": -78,
        "revenue": 2812,
        "totalOperatingExpense": 1007,
        "totalOtherIncomeExpenseNet": 48
      },
      {
        "costOfGoodsSold": 1005,
        "depreciationAmortization": 480,
        "dilutedAverageSharesOutstanding": 327,
        "dilutedEPS": 0.85,
        "ebit": 348,
        "grossIncome": 1819,
        "interestExpense": 194,
        "interestIncomeExpense": -185,
        "minorityInterest": 0,
        "netIncome": 278,
        "netIncomeAfterTaxes": 308,
        "nonRecurringItems": 4,
        "operationsMaintenance": 882,
        "otherOperatingExpensesTotal": 109,
        "period": "2019-03-31",
        "pretaxIncome": 196,
        "provisionforIncomeTaxes": -112,
        "revenue": 2824,
        "totalOperatingExpense": 1471,
        "totalOtherIncomeExpenseNet": 29
      },
      {
        "costOfGoodsSold": 1062,
        "depreciationAmortization": 480,
        "dilutedAverageSharesOutstanding": 326,
        "dilutedEPS": -4.38,
        "ebit": 646,
        "grossIncome": 1947,
        "interestExpense": 196,
        "interestIncomeExpense": -187,
        "minorityInterest": 0,
        "netIncome": -1430,
        "netIncomeAfterTaxes": -1434,
        "nonRecurringItems": -2687,
        "operationsMaintenance": 729,
        "otherOperatingExpensesTotal": 92,
        "period": "2018-12-31",
        "pretaxIncome": -2216,
        "provisionforIncomeTaxes": -782,
        "revenue": 3009,
        "totalOperatingExpense": 1301,
        "totalOtherIncomeExpenseNet": 12
      },
      {
        "costOfGoodsSold": 2306,
        "depreciationAmortization": 466,
        "dilutedAverageSharesOutstanding": 327,
        "dilutedEPS": 1.57,
        "ebit": 728,
        "grossIncome": 1963,
        "interestExpense": 188,
        "interestIncomeExpense": -182,
        "minorityInterest": 0,
        "netIncome": 513,
        "netIncomeAfterTaxes": 544,
        "nonRecurringItems": 11,
        "operationsMaintenance": 674,
        "otherOperatingExpensesTotal": 95,
        "period": "2018-09-30",
        "pretaxIncome": 627,
        "provisionforIncomeTaxes": 83,
        "revenue": 4269,
        "totalOperatingExpense": 1235,
        "totalOtherIncomeExpenseNet": 70
      },
      {
        "costOfGoodsSold": 1112,
        "depreciationAmortization": 463,
        "dilutedAverageSharesOutstanding": 327,
        "dilutedEPS": 0.84,
        "ebit": 425,
        "grossIncome": 1703,
        "interestExpense": 180,
        "interestIncomeExpense": -175,
        "minorityInterest": 8,
        "netIncome": 276,
        "netIncomeAfterTaxes": 298,
        "nonRecurringItems": -5,
        "operationsMaintenance": 719,
        "otherOperatingExpensesTotal": 96,
        "period": "2018-06-30",
        "pretaxIncome": 289,
        "provisionforIncomeTaxes": -9,
        "revenue": 2815,
        "totalOperatingExpense": 1278,
        "totalOtherIncomeExpenseNet": 44
      },
      {
        "costOfGoodsSold": 926,
        "depreciationAmortization": 462,
        "dilutedAverageSharesOutstanding": 327,
        "dilutedEPS": 0.67,
        "ebit": 396,
        "grossIncome": 1638,
        "interestExpense": 170,
        "interestIncomeExpense": -170,
        "minorityInterest": 6,
        "netIncome": 218,
        "netIncomeAfterTaxes": 242,
        "nonRecurringItems": -66,
        "operationsMaintenance": 675,
        "otherOperatingExpensesTotal": 105,
        "period": "2018-03-31",
        "pretaxIncome": 211,
        "provisionforIncomeTaxes": -31,
        "revenue": 2564,
        "totalOperatingExpense": 1242,
        "totalOtherIncomeExpenseNet": 51
      },
      {
        "costOfGoodsSold": 1131,
        "depreciationAmortization": 506,
        "dilutedAverageSharesOutstanding": 326,
        "dilutedEPS": -1.67,
        "ebit": 678,
        "grossIncome": 2089,
        "interestExpense": 166,
        "interestIncomeExpense": -164,
        "minorityInterest": 19,
        "netIncome": -545,
        "netIncomeAfterTaxes": -68,
        "nonRecurringItems": -716,
        "operationsMaintenance": 813,
        "otherOperatingExpensesTotal": 92,
        "period": "2017-12-31",
        "pretaxIncome": -170,
        "provisionforIncomeTaxes": -102,
        "revenue": 3220,
        "totalOperatingExpense": 1411,
        "totalOtherIncomeExpenseNet": 32
      },
      {
        "costOfGoodsSold": 1783,
        "depreciationAmortization": 524,
        "dilutedAverageSharesOutstanding": 328,
        "dilutedEPS": 1.43,
        "ebit": 553,
        "grossIncome": 1889,
        "interestExpense": 162,
        "interestIncomeExpense": -159,
        "minorityInterest": 1,
        "netIncome": 470,
        "netIncomeAfterTaxes": 501,
        "nonRecurringItems": 0,
        "operationsMaintenance": 721,
        "otherOperatingExpensesTotal": 91,
        "period": "2017-09-30",
        "pretaxIncome": 432,
        "provisionforIncomeTaxes": -69,
        "revenue": 3672,
        "totalOperatingExpense": 1336,
        "totalOtherIncomeExpenseNet": 38
      },
      {
        "costOfGoodsSold": 1175,
        "depreciationAmortization": 512,
        "dilutedAverageSharesOutstanding": 329,
        "dilutedEPS": 0.84,
        "ebit": 486,
        "grossIncome": 1790,
        "interestExpense": 159,
        "interestIncomeExpense": -158,
        "minorityInterest": 0,
        "netIncome": 278,
        "netIncomeAfterTaxes": 309,
        "nonRecurringItems": -16,
        "operationsMaintenance": 706,
        "otherOperatingExpensesTotal": 86,
        "period": "2017-06-30",
        "pretaxIncome": 335,
        "provisionforIncomeTaxes": 26,
        "revenue": 2965,
        "totalOperatingExpense": 1304,
        "totalOtherIncomeExpenseNet": 23
      },
      {
        "costOfGoodsSold": 784,
        "depreciationAmortization": 499,
        "dilutedAverageSharesOutstanding": 329,
        "dilutedEPS": 1.1,
        "ebit": 476,
        "grossIncome": 1679,
        "interestExpense": 152,
        "interestIncomeExpense": -152,
        "minorityInterest": 1,
        "netIncome": 362,
        "netIncomeAfterTaxes": 392,
        "nonRecurringItems": -5,
        "operationsMaintenance": 604,
        "otherOperatingExpensesTotal": 100,
        "period": "2017-03-31",
        "pretaxIncome": 352,
        "provisionforIncomeTaxes": -40,
        "revenue": 2463,
        "totalOperatingExpense": 1203,
        "totalOtherIncomeExpenseNet": 33
      },
      {
        "costOfGoodsSold": 951,
        "depreciationAmortization": 503,
        "dilutedAverageSharesOutstanding": 333,
        "dilutedEPS": 1.03,
        "ebit": 567,
        "grossIncome": 1933,
        "interestExpense": 150,
        "interestIncomeExpense": -150,
        "minorityInterest": 0,
        "netIncome": 346,
        "netIncomeAfterTaxes": 364,
        "nonRecurringItems": 0,
        "operationsMaintenance": 778,
        "otherOperatingExpensesTotal": 85,
        "period": "2016-12-31",
        "pretaxIncome": 428,
        "provisionforIncomeTaxes": 64,
        "revenue": 2884,
        "totalOperatingExpense": 1366,
        "totalOtherIncomeExpenseNet": 11
      },
      {
        "costOfGoodsSold": 1719,
        "depreciationAmortization": 521,
        "dilutedAverageSharesOutstanding": 330,
        "dilutedEPS": 1.28,
        "ebit": 695,
        "grossIncome": 2048,
        "interestExpense": 147,
        "interestIncomeExpense": -147,
        "minorityInterest": 1,
        "netIncome": 421,
        "netIncomeAfterTaxes": 451,
        "nonRecurringItems": 0,
        "operationsMaintenance": 740,
        "otherOperatingExpensesTotal": 92,
        "period": "2016-09-30",
        "pretaxIncome": 571,
        "provisionforIncomeTaxes": 120,
        "revenue": 3767,
        "totalOperatingExpense": 1353,
        "totalOtherIncomeExpenseNet": 23
      },
      {
        "costOfGoodsSold": 1064,
        "depreciationAmortization": 505,
        "dilutedAverageSharesOutstanding": 330,
        "dilutedEPS": 0.86,
        "ebit": 402,
        "grossIncome": 1713,
        "interestExpense": 144,
        "interestIncomeExpense": -144,
        "minorityInterest": 3,
        "netIncome": 280,
        "netIncomeAfterTaxes": 310,
        "nonRecurringItems": -21,
        "operationsMaintenance": 721,
        "otherOperatingExpensesTotal": 85,
        "period": "2016-06-30",
        "pretaxIncome": 259,
        "provisionforIncomeTaxes": -51,
        "revenue": 2777,
        "totalOperatingExpense": 1311,
        "totalOtherIncomeExpenseNet": 22
      },
      {
        "costOfGoodsSold": 794,
        "depreciationAmortization": 477,
        "dilutedAverageSharesOutstanding": 329,
        "dilutedEPS": 0.85,
        "ebit": 448,
        "grossIncome": 1646,
        "interestExpense": 140,
        "interestIncomeExpense": -140,
        "minorityInterest": 5,
        "netIncome": 281,
        "netIncomeAfterTaxes": 305,
        "nonRecurringItems": 0,
        "operationsMaintenance": 629,
        "otherOperatingExpensesTotal": 92,
        "period": "2016-03-31",
        "pretaxIncome": 333,
        "provisionforIncomeTaxes": 28,
        "revenue": 2440,
        "totalOperatingExpense": 1198,
        "totalOtherIncomeExpenseNet": 25
      },
      {
        "costOfGoodsSold": 618,
        "depreciationAmortization": 468,
        "dilutedAverageSharesOutstanding": 326,
        "dilutedEPS": -0.24,
        "ebit": 343,
        "grossIncome": 1723,
        "interestExpense": 135,
        "interestIncomeExpense": -135,
        "minorityInterest": 5,
        "netIncome": -79,
        "netIncomeAfterTaxes": -47,
        "nonRecurringItems": -5,
        "operationsMaintenance": 831,
        "otherOperatingExpensesTotal": 81,
        "period": "2015-12-31",
        "pretaxIncome": 244,
        "provisionforIncomeTaxes": 291,
        "revenue": 2341,
        "totalOperatingExpense": 1380,
        "totalOtherIncomeExpenseNet": 41
      },
      {
        "costOfGoodsSold": 1785,
        "depreciationAmortization": 506,
        "dilutedAverageSharesOutstanding": 328,
        "dilutedEPS": 1.28,
        "ebit": 608,
        "grossIncome": 1978,
        "interestExpense": 138,
        "interestIncomeExpense": -138,
        "minorityInterest": 1,
        "netIncome": 421,
        "netIncomeAfterTaxes": 405,
        "nonRecurringItems": 0,
        "operationsMaintenance": 780,
        "otherOperatingExpensesTotal": 84,
        "period": "2015-09-30",
        "pretaxIncome": 487,
        "provisionforIncomeTaxes": 82,
        "revenue": 3763,
        "totalOperatingExpense": 1370,
        "totalOtherIncomeExpenseNet": 17
      }
    ],
    "symbol": "EIX"
  }
}