{
  "symbol": "V",
  "statement": "ic",
  "frequency": "quarterly",
  "timestamp": "2025-09-19T14:08:24.182806",
  "data": {
    "financials": [
      {
        "costOfGoodsSold": 1973,
        "depreciationAmortization": 317,
        "dilutedAverageSharesOutstanding": 1959,
        "dilutedEPS": 2.66,
        "ebit": 6792,
        "grossIncome": 8199,
        "interestExpense": 39,
        "interestIncomeExpense": 156,
        "netIncome": 5219,
        "netIncomeAfterTaxes": 5272,
        "nonRecurringItems": -615,
        "period": "2025-06-30",
        "pretaxIncome": 6333,
        "provisionforIncomeTaxes": 1061,
        "revenue": 10172,
        "sgaExpense": 1090,
        "totalOperatingExpense": 1407
      },
      {
        "costOfGoodsSold": 1881,
        "depreciationAmortization": 305,
        "dilutedAverageSharesOutstanding": 1974,
        "dilutedEPS": 2.29,
        "ebit": 6435,
        "grossIncome": 7713,
        "interestExpense": 158,
        "interestIncomeExpense": 3,
        "netIncome": 4530,
        "netIncomeAfterTaxes": 4577,
        "nonRecurringItems": -1000,
        "period": "2025-03-31",
        "pretaxIncome": 5438,
        "provisionforIncomeTaxes": 861,
        "revenue": 9594,
        "sgaExpense": 973,
        "totalOperatingExpense": 1278
      },
      {
        "costOfGoodsSold": 2020,
        "depreciationAmortization": 282,
        "dilutedAverageSharesOutstanding": 1985,
        "dilutedEPS": 2.55,
        "ebit": 6278,
        "grossIncome": 7490,
        "interestExpense": 182,
        "interestIncomeExpense": -34,
        "netIncome": 5064,
        "netIncomeAfterTaxes": 5119,
        "nonRecurringItems": -44,
        "period": "2024-12-31",
        "pretaxIncome": 6200,
        "provisionforIncomeTaxes": 1081,
        "revenue": 9510,
        "sgaExpense": 930,
        "totalOperatingExpense": 1212
      },
      {
        "costOfGoodsSold": 1817,
        "depreciationAmortization": 274,
        "dilutedAverageSharesOutstanding": 2002,
        "dilutedEPS": 2.62,
        "ebit": 6359,
        "grossIncome": 7800,
        "interestExpense": 176,
        "interestIncomeExpense": 23,
        "netIncome": 5248,
        "netIncomeAfterTaxes": 5318,
        "nonRecurringItems": -10,
        "period": "2024-09-30",
        "pretaxIncome": 6372,
        "provisionforIncomeTaxes": 1054,
        "revenue": 9617,
        "sgaExpense": 1167,
        "totalOperatingExpense": 1441
      },
      {
        "costOfGoodsSold": 1773,
        "depreciationAmortization": 264,
        "dilutedAverageSharesOutstanding": 2029,
        "dilutedEPS": 2.36,
        "ebit": 5951,
        "grossIncome": 7127,
        "interestExpense": 196,
        "interestIncomeExpense": 51,
        "netIncome": 4800,
        "netIncomeAfterTaxes": 4872,
        "nonRecurringItems": -13,
        "period": "2024-06-30",
        "pretaxIncome": 5989,
        "provisionforIncomeTaxes": 1117,
        "revenue": 8900,
        "sgaExpense": 912,
        "totalOperatingExpense": 1176
      },
      {
        "costOfGoodsSold": 1792,
        "depreciationAmortization": 249,
        "dilutedAverageSharesOutstanding": 2039,
        "dilutedEPS": 2.25,
        "ebit": 5784,
        "grossIncome": 6983,
        "interestExpense": 82,
        "interestIncomeExpense": 159,
        "netIncome": 4593,
        "netIncomeAfterTaxes": 4663,
        "nonRecurringItems": -430,
        "period": "2024-03-31",
        "pretaxIncome": 5513,
        "provisionforIncomeTaxes": 850,
        "revenue": 8775,
        "sgaExpense": 950,
        "totalOperatingExpense": 1199
      },
      {
        "costOfGoodsSold": 1660,
        "depreciationAmortization": 247,
        "dilutedAverageSharesOutstanding": 2469.938,
        "dilutedEPS": 1.94,
        "ebit": 5963,
        "grossIncome": 6974,
        "interestExpense": 187,
        "interestIncomeExpense": 88,
        "netIncome": 4816,
        "netIncomeAfterTaxes": 4890,
        "nonRecurringItems": -9,
        "period": "2023-12-31",
        "pretaxIncome": 6042,
        "provisionforIncomeTaxes": 1152,
        "revenue": 8634,
        "sgaExpense": 764,
        "totalOperatingExpense": 1011
      },
      {
        "costOfGoodsSold": 1695,
        "depreciationAmortization": 247,
        "dilutedAverageSharesOutstanding": 2492.938,
        "dilutedEPS": 1.84,
        "ebit": 5679,
        "grossIncome": 6914,
        "interestExpense": 183,
        "interestIncomeExpense": 86,
        "netIncome": 4609,
        "netIncomeAfterTaxes": 4681,
        "nonRecurringItems": -129,
        "period": "2023-09-30",
        "pretaxIncome": 5636,
        "provisionforIncomeTaxes": 955,
        "revenue": 8609,
        "sgaExpense": 988,
        "totalOperatingExpense": 1235
      },
      {
        "costOfGoodsSold": 1663,
        "depreciationAmortization": 235,
        "dilutedAverageSharesOutstanding": 2080,
        "dilutedEPS": 1.96,
        "ebit": 5481,
        "grossIncome": 6460,
        "interestExpense": 182,
        "interestIncomeExpense": 122,
        "netIncome": 4090,
        "netIncomeAfterTaxes": 4156,
        "nonRecurringItems": -457,
        "period": "2023-06-30",
        "pretaxIncome": 5146,
        "provisionforIncomeTaxes": 990,
        "revenue": 8123,
        "sgaExpense": 744,
        "totalOperatingExpense": 979
      },
      {
        "costOfGoodsSold": 1694,
        "depreciationAmortization": 234,
        "dilutedAverageSharesOutstanding": 2093,
        "dilutedEPS": 2,
        "ebit": 5336,
        "grossIncome": 6291,
        "interestExpense": 142,
        "interestIncomeExpense": -58,
        "netIncome": 4186,
        "netIncomeAfterTaxes": 4257,
        "nonRecurringItems": 0,
        "period": "2023-03-31",
        "pretaxIncome": 5278,
        "provisionforIncomeTaxes": 1021,
        "revenue": 7985,
        "sgaExpense": 721,
        "totalOperatingExpense": 955
      },
      {
        "costOfGoodsSold": 1515,
        "depreciationAmortization": 227,
        "dilutedAverageSharesOutstanding": 2102,
        "dilutedEPS": 1.95,
        "ebit": 5431,
        "grossIncome": 6421,
        "interestExpense": 137,
        "interestIncomeExpense": -113,
        "netIncome": 4105,
        "netIncomeAfterTaxes": 4179,
        "nonRecurringItems": -341,
        "period": "2022-12-31",
        "pretaxIncome": 4977,
        "provisionforIncomeTaxes": 798,
        "revenue": 7936,
        "sgaExpense": 763,
        "totalOperatingExpense": 990
      },
      {
        "costOfGoodsSold": 1541,
        "depreciationAmortization": 226,
        "dilutedAverageSharesOutstanding": 2115,
        "dilutedEPS": 1.82,
        "ebit": 5090,
        "grossIncome": 6246,
        "interestExpense": 159,
        "interestIncomeExpense": -219,
        "netIncome": 3859,
        "netIncomeAfterTaxes": 3940,
        "nonRecurringItems": -3,
        "period": "2022-09-30",
        "pretaxIncome": 4868,
        "provisionforIncomeTaxes": 928,
        "revenue": 7787,
        "sgaExpense": 930,
        "totalOperatingExpense": 1156
      },
      {
        "costOfGoodsSold": 1461,
        "depreciationAmortization": 230,
        "dilutedAverageSharesOutstanding": 2129,
        "dilutedEPS": 1.56,
        "ebit": 4865,
        "grossIncome": 5814,
        "interestExpense": 111,
        "interestIncomeExpense": -319,
        "netIncome": 3335,
        "netIncomeAfterTaxes": 3411,
        "nonRecurringItems": -717,
        "period": "2022-06-30",
        "pretaxIncome": 3829,
        "provisionforIncomeTaxes": 418,
        "revenue": 7275,
        "sgaExpense": 719,
        "totalOperatingExpense": 949
      },
      {
        "costOfGoodsSold": 1391,
        "depreciationAmortization": 207,
        "dilutedAverageSharesOutstanding": 2142,
        "dilutedEPS": 1.66,
        "ebit": 4862,
        "grossIncome": 5798,
        "interestExpense": 134,
        "interestIncomeExpense": -260,
        "netIncome": 3565,
        "netIncomeAfterTaxes": 3647,
        "nonRecurringItems": -60,
        "period": "2022-03-31",
        "pretaxIncome": 4542,
        "provisionforIncomeTaxes": 895,
        "revenue": 7189,
        "sgaExpense": 729,
        "totalOperatingExpense": 936
      },
      {
        "costOfGoodsSold": 1315,
        "depreciationAmortization": 198,
        "dilutedAverageSharesOutstanding": 2159,
        "dilutedEPS": 1.79,
        "ebit": 4924,
        "grossIncome": 5744,
        "interestExpense": 134,
        "interestIncomeExpense": 121,
        "netIncome": 3871,
        "netIncomeAfterTaxes": 3959,
        "nonRecurringItems": -148,
        "period": "2021-12-31",
        "pretaxIncome": 4897,
        "provisionforIncomeTaxes": 938,
        "revenue": 7059,
        "sgaExpense": 622,
        "totalOperatingExpense": 820
      },
      {
        "costOfGoodsSold": 1239,
        "depreciationAmortization": 202,
        "dilutedAverageSharesOutstanding": 2601.586,
        "dilutedEPS": 1.34,
        "ebit": 4316,
        "grossIncome": 5320,
        "interestExpense": 125,
        "interestIncomeExpense": -17,
        "netIncome": 3503,
        "netIncomeAfterTaxes": 3584,
        "nonRecurringItems": -1,
        "period": "2021-09-30",
        "pretaxIncome": 4298,
        "provisionforIncomeTaxes": 714,
        "revenue": 6559,
        "sgaExpense": 802,
        "totalOperatingExpense": 1004
      },
      {
        "costOfGoodsSold": 1284,
        "depreciationAmortization": 204,
        "dilutedAverageSharesOutstanding": 2184,
        "dilutedEPS": 1.15,
        "ebit": 4062,
        "grossIncome": 4846,
        "interestExpense": 131,
        "interestIncomeExpense": 325,
        "netIncome": 2515,
        "netIncomeAfterTaxes": 2575,
        "nonRecurringItems": 2,
        "period": "2021-06-30",
        "pretaxIncome": 4389,
        "provisionforIncomeTaxes": 1814,
        "revenue": 6130,
        "sgaExpense": 580,
        "totalOperatingExpense": 784
      },
      {
        "costOfGoodsSold": 1293,
        "depreciationAmortization": 201,
        "dilutedAverageSharesOutstanding": 2193,
        "dilutedEPS": 1.34,
        "ebit": 3584,
        "grossIncome": 4436,
        "interestExpense": 121,
        "interestIncomeExpense": 47,
        "netIncome": 2951,
        "netIncomeAfterTaxes": 3026,
        "nonRecurringItems": -3,
        "period": "2021-03-31",
        "pretaxIncome": 3628,
        "provisionforIncomeTaxes": 602,
        "revenue": 5729,
        "sgaExpense": 651,
        "totalOperatingExpense": 852
      },
      {
        "costOfGoodsSold": 1154,
        "depreciationAmortization": 197,
        "dilutedAverageSharesOutstanding": 2200,
        "dilutedEPS": 1.38,
        "ebit": 3845,
        "grossIncome": 4533,
        "interestExpense": 136,
        "interestIncomeExpense": -96,
        "netIncome": 3038,
        "netIncomeAfterTaxes": 3126,
        "nonRecurringItems": -1,
        "period": "2020-12-31",
        "pretaxIncome": 3748,
        "provisionforIncomeTaxes": 622,
        "revenue": 5687,
        "sgaExpense": 491,
        "totalOperatingExpense": 688
      },
      {
        "costOfGoodsSold": 1113,
        "depreciationAmortization": 196,
        "dilutedAverageSharesOutstanding": 2652.586,
        "dilutedEPS": 0.77,
        "ebit": 3144,
        "grossIncome": 3988,
        "interestExpense": 145,
        "interestIncomeExpense": -87,
        "netIncome": 2060,
        "netIncomeAfterTaxes": 2137,
        "nonRecurringItems": -2,
        "period": "2020-09-30",
        "pretaxIncome": 3055,
        "provisionforIncomeTaxes": 918,
        "revenue": 5101,
        "sgaExpense": 648,
        "totalOperatingExpense": 844
      },
      {
        "costOfGoodsSold": 1113,
        "depreciationAmortization": 197,
        "dilutedAverageSharesOutstanding": 2214,
        "dilutedEPS": 1.03,
        "ebit": 3000,
        "grossIncome": 3724,
        "interestExpense": 142,
        "interestIncomeExpense": -67,
        "netIncome": 2288,
        "netIncomeAfterTaxes": 2373,
        "nonRecurringItems": -1,
        "period": "2020-06-30",
        "pretaxIncome": 2932,
        "provisionforIncomeTaxes": 559,
        "revenue": 4837,
        "sgaExpense": 527,
        "totalOperatingExpense": 724
      },
      {
        "costOfGoodsSold": 1123,
        "depreciationAmortization": 192,
        "dilutedAverageSharesOutstanding": 2228,
        "dilutedEPS": 1.33,
        "ebit": 3932,
        "grossIncome": 4731,
        "interestExpense": 118,
        "interestIncomeExpense": -95,
        "netIncome": 2973,
        "netIncomeAfterTaxes": 3084,
        "nonRecurringItems": -8,
        "period": "2020-03-31",
        "pretaxIncome": 3829,
        "provisionforIncomeTaxes": 745,
        "revenue": 5854,
        "sgaExpense": 607,
        "totalOperatingExpense": 799
      },
      {
        "costOfGoodsSold": 1163,
        "depreciationAmortization": 182,
        "dilutedAverageSharesOutstanding": 2240,
        "dilutedEPS": 1.4,
        "ebit": 4016,
        "grossIncome": 4891,
        "interestExpense": 111,
        "interestIncomeExpense": -42,
        "netIncome": 3154,
        "netIncomeAfterTaxes": 3272,
        "nonRecurringItems": 0,
        "period": "2019-12-31",
        "pretaxIncome": 3974,
        "provisionforIncomeTaxes": 702,
        "revenue": 6054,
        "sgaExpense": 693,
        "totalOperatingExpense": 875
      },
      {
        "costOfGoodsSold": 1064,
        "depreciationAmortization": 172,
        "dilutedAverageSharesOutstanding": 2254,
        "dilutedEPS": 1.29,
        "ebit": 4105,
        "grossIncome": 5073,
        "interestExpense": 120,
        "interestIncomeExpense": -120,
        "netIncome": 2916,
        "netIncomeAfterTaxes": 3025,
        "nonRecurringItems": -370,
        "period": "2019-09-30",
        "pretaxIncome": 3711,
        "provisionforIncomeTaxes": 686,
        "revenue": 6137,
        "sgaExpense": 796,
        "totalOperatingExpense": 968,
        "totalOtherIncomeExpenseNet": 96
      },
      {
        "costOfGoodsSold": 1056,
        "depreciationAmortization": 165,
        "dilutedAverageSharesOutstanding": 2265,
        "dilutedEPS": 1.32,
        "ebit": 3909,
        "grossIncome": 4784,
        "interestExpense": 128,
        "interestIncomeExpense": -128,
        "netIncome": 2991,
        "netIncomeAfterTaxes": 3101,
        "nonRecurringItems": -1,
        "period": "2019-06-30",
        "pretaxIncome": 3866,
        "provisionforIncomeTaxes": 765,
        "revenue": 5840,
        "sgaExpense": 710,
        "totalOperatingExpense": 875,
        "totalOtherIncomeExpenseNet": 86
      },
      {
        "costOfGoodsSold": 1065,
        "depreciationAmortization": 160,
        "dilutedAverageSharesOutstanding": 2279,
        "dilutedEPS": 1.25,
        "ebit": 3663,
        "grossIncome": 4429,
        "interestExpense": 140,
        "interestIncomeExpense": -140,
        "netIncome": 2871,
        "netIncomeAfterTaxes": 2977,
        "nonRecurringItems": -22,
        "period": "2019-03-31",
        "pretaxIncome": 3677,
        "provisionforIncomeTaxes": 700,
        "revenue": 5494,
        "sgaExpense": 606,
        "totalOperatingExpense": 766,
        "totalOtherIncomeExpenseNet": 176
      },
      {
        "costOfGoodsSold": 980,
        "depreciationAmortization": 159,
        "dilutedAverageSharesOutstanding": 2291,
        "dilutedEPS": 1.25,
        "ebit": 3724,
        "grossIncome": 4526,
        "interestExpense": 145,
        "interestIncomeExpense": -145,
        "netIncome": 2872,
        "netIncomeAfterTaxes": 2977,
        "nonRecurringItems": -7,
        "period": "2018-12-31",
        "pretaxIncome": 3630,
        "provisionforIncomeTaxes": 653,
        "revenue": 5506,
        "sgaExpense": 643,
        "totalOperatingExpense": 802,
        "totalOtherIncomeExpenseNet": 58
      },
      {
        "costOfGoodsSold": 1003,
        "depreciationAmortization": 163,
        "dilutedAverageSharesOutstanding": 2305,
        "dilutedEPS": 1.19,
        "ebit": 3413,
        "grossIncome": 4431,
        "interestExpense": 150,
        "interestIncomeExpense": -150,
        "netIncome": 2744,
        "netIncomeAfterTaxes": 2845,
        "nonRecurringItems": -7,
        "period": "2018-09-30",
        "pretaxIncome": 3538,
        "provisionforIncomeTaxes": 693,
        "revenue": 5434,
        "sgaExpense": 855,
        "totalOperatingExpense": 1018,
        "totalOtherIncomeExpenseNet": 282
      },
      {
        "costOfGoodsSold": 1021,
        "depreciationAmortization": 152,
        "dilutedAverageSharesOutstanding": 2321,
        "dilutedEPS": 0.96,
        "ebit": 3485,
        "grossIncome": 4219,
        "interestExpense": 155,
        "interestIncomeExpense": -155,
        "netIncome": 2248,
        "netIncomeAfterTaxes": 2329,
        "nonRecurringItems": -600,
        "period": "2018-06-30",
        "pretaxIncome": 2812,
        "provisionforIncomeTaxes": 483,
        "revenue": 5240,
        "sgaExpense": 582,
        "totalOperatingExpense": 734,
        "totalOtherIncomeExpenseNet": 82
      },
      {
        "costOfGoodsSold": 993,
        "depreciationAmortization": 153,
        "dilutedAverageSharesOutstanding": 2337,
        "dilutedEPS": 1.07,
        "ebit": 3336,
        "grossIncome": 4080,
        "interestExpense": 153,
        "interestIncomeExpense": -153,
        "netIncome": 2514,
        "netIncomeAfterTaxes": 2605,
        "nonRecurringItems": 0,
        "period": "2018-03-31",
        "pretaxIncome": 3217,
        "provisionforIncomeTaxes": 612,
        "revenue": 5073,
        "sgaExpense": 591,
        "totalOperatingExpense": 744,
        "totalOtherIncomeExpenseNet": 34
      },
      {
        "costOfGoodsSold": 839,
        "depreciationAmortization": 145,
        "dilutedAverageSharesOutstanding": 2353,
        "dilutedEPS": 1.03,
        "ebit": 3327,
        "grossIncome": 4023,
        "interestExpense": 154,
        "interestIncomeExpense": -154,
        "netIncome": 2434,
        "netIncomeAfterTaxes": 2536,
        "nonRecurringItems": 0,
        "period": "2017-12-31",
        "pretaxIncome": 3239,
        "provisionforIncomeTaxes": 703,
        "revenue": 4862,
        "sgaExpense": 551,
        "totalOperatingExpense": 696,
        "totalOtherIncomeExpenseNet": 66
      },
      {
        "costOfGoodsSold": 822,
        "depreciationAmortization": 147,
        "dilutedAverageSharesOutstanding": 2368,
        "dilutedEPS": 0.87,
        "ebit": 3214,
        "grossIncome": 4033,
        "interestExpense": 148,
        "interestIncomeExpense": -148,
        "netIncome": 2066,
        "netIncomeAfterTaxes": 2140,
        "nonRecurringItems": -2,
        "period": "2017-09-30",
        "pretaxIncome": 3099,
        "provisionforIncomeTaxes": 959,
        "revenue": 4855,
        "sgaExpense": 672,
        "totalOperatingExpense": 819,
        "totalOtherIncomeExpenseNet": 35
      },
      {
        "costOfGoodsSold": 856,
        "depreciationAmortization": 132,
        "dilutedAverageSharesOutstanding": 2385,
        "dilutedEPS": 0.83,
        "ebit": 3024,
        "grossIncome": 3709,
        "interestExpense": 140,
        "interestIncomeExpense": -140,
        "netIncome": 1988,
        "netIncomeAfterTaxes": 2059,
        "nonRecurringItems": 0,
        "period": "2017-06-30",
        "pretaxIncome": 2914,
        "provisionforIncomeTaxes": 855,
        "revenue": 4565,
        "sgaExpense": 553,
        "totalOperatingExpense": 685,
        "totalOtherIncomeExpenseNet": 30
      },
      {
        "costOfGoodsSold": 854,
        "depreciationAmortization": 131,
        "dilutedAverageSharesOutstanding": 2406,
        "dilutedEPS": 0.18,
        "ebit": 2810,
        "grossIncome": 3623,
        "interestExpense": 135,
        "interestIncomeExpense": -135,
        "netIncome": 415,
        "netIncomeAfterTaxes": 430,
        "nonRecurringItems": -2,
        "period": "2017-03-31",
        "pretaxIncome": 2702,
        "provisionforIncomeTaxes": 2272,
        "revenue": 4477,
        "sgaExpense": 682,
        "totalOperatingExpense": 813,
        "totalOtherIncomeExpenseNet": 29
      },
      {
        "costOfGoodsSold": 716,
        "depreciationAmortization": 146,
        "dilutedAverageSharesOutstanding": 2421,
        "dilutedEPS": 0.82,
        "ebit": 3115,
        "grossIncome": 3745,
        "interestExpense": 140,
        "interestIncomeExpense": -140,
        "netIncome": 1998,
        "netIncomeAfterTaxes": 2070,
        "nonRecurringItems": -15,
        "period": "2016-12-31",
        "pretaxIncome": 2979,
        "provisionforIncomeTaxes": 909,
        "revenue": 4461,
        "sgaExpense": 484,
        "totalOperatingExpense": 630,
        "totalOtherIncomeExpenseNet": 19
      },
      {
        "costOfGoodsSold": 851,
        "depreciationAmortization": 141,
        "dilutedAverageSharesOutstanding": 2438,
        "dilutedEPS": 0.79,
        "ebit": 2626,
        "grossIncome": 3410,
        "interestExpense": 135,
        "interestIncomeExpense": -135,
        "netIncome": 1878,
        "netIncomeAfterTaxes": 1931,
        "nonRecurringItems": -1,
        "period": "2016-09-30",
        "pretaxIncome": 2510,
        "provisionforIncomeTaxes": 579,
        "revenue": 4261,
        "sgaExpense": 643,
        "totalOperatingExpense": 784,
        "totalOtherIncomeExpenseNet": 20
      },
      {
        "costOfGoodsSold": 632,
        "depreciationAmortization": 120,
        "dilutedAverageSharesOutstanding": 2386,
        "dilutedEPS": 0.17,
        "ebit": 2305,
        "grossIncome": 2998,
        "interestExpense": 131,
        "interestIncomeExpense": -131,
        "netIncome": 411,
        "netIncomeAfterTaxes": 412,
        "nonRecurringItems": -1877,
        "period": "2016-06-30",
        "pretaxIncome": 422,
        "provisionforIncomeTaxes": 10,
        "revenue": 3630,
        "sgaExpense": 573,
        "totalOperatingExpense": 693,
        "totalOtherIncomeExpenseNet": 125
      },
      {
        "costOfGoodsSold": 654,
        "depreciationAmortization": 121,
        "dilutedAverageSharesOutstanding": 2401,
        "dilutedEPS": 0.71,
        "ebit": 2435,
        "grossIncome": 2972,
        "interestExpense": 132,
        "interestIncomeExpense": -16,
        "netIncome": 1703,
        "netIncomeAfterTaxes": 1707,
        "nonRecurringItems": -1,
        "period": "2016-03-31",
        "pretaxIncome": 2441,
        "provisionforIncomeTaxes": 734,
        "revenue": 3626,
        "sgaExpense": 416,
        "totalOperatingExpense": 537,
        "totalOtherIncomeExpenseNet": 23
      },
      {
        "costOfGoodsSold": 627,
        "depreciationAmortization": 120,
        "dilutedAverageSharesOutstanding": 2430,
        "dilutedEPS": 0.8,
        "ebit": 2396,
        "grossIncome": 2938,
        "interestExpense": 29,
        "interestIncomeExpense": -29,
        "netIncome": 1937,
        "netIncomeAfterTaxes": 1941,
        "period": "2015-12-31",
        "pretaxIncome": 2639,
        "provisionforIncomeTaxes": 698,
        "revenue": 3565,
        "sgaExpense": 422,
        "totalOperatingExpense": 542,
        "totalOtherIncomeExpenseNet": 272
      },
      {
        "costOfGoodsSold": 655,
        "depreciationAmortization": 119,
        "dilutedAverageSharesOutstanding": 2442,
        "dilutedEPS": 0.62,
        "ebit": 2294,
        "grossIncome": 2916,
        "netIncome": 1509,
        "netIncomeAfterTaxes": 1512,
        "nonRecurringItems": -11,
        "period": "2015-09-30",
        "pretaxIncome": 2283,
        "provisionforIncomeTaxes": 771,
        "revenue": 3571,
        "sgaExpense": 503,
        "totalOperatingExpense": 622,
        "totalOtherIncomeExpenseNet": 0
      }
    ],
    "symbol": "V"
  }
}