{
  "symbol": "HAL",
  "statement": "ic",
  "frequency": "quarterly",
  "timestamp": "2025-09-19T14:01:17.586616",
  "data": {
    "financials": [
      {
        "costOfGoodsSold": 4691,
        "dilutedAverageSharesOutstanding": 857,
        "dilutedEPS": 0.5508,
        "ebit": 727,
        "grossIncome": 819,
        "interestIncomeExpense": -92,
        "minorityInterest": -8,
        "netIncome": 472,
        "netIncomeAfterTaxes": 480,
        "nonRecurringItems": 0,
        "otherOperatingExpensesTotal": 32,
        "period": "2025-06-30",
        "pretaxIncome": 611,
        "provisionforIncomeTaxes": 131,
        "revenue": 5510,
        "sgaExpense": 60,
        "totalOperatingExpense": 92,
        "totalOtherIncomeExpenseNet": -24
      },
      {
        "costOfGoodsSold": 4538,
        "dilutedAverageSharesOutstanding": 866,
        "dilutedEPS": 0.2356,
        "ebit": 787,
        "grossIncome": 879,
        "interestExpense": 111,
        "interestIncomeExpense": -86,
        "minorityInterest": 1,
        "netIncome": 204,
        "netIncomeAfterTaxes": 203,
        "nonRecurringItems": -356,
        "otherOperatingExpensesTotal": 30,
        "period": "2025-03-31",
        "pretaxIncome": 306,
        "provisionforIncomeTaxes": 103,
        "revenue": 5417,
        "sgaExpense": 62,
        "totalOperatingExpense": 92,
        "totalOtherIncomeExpenseNet": -39
      },
      {
        "costOfGoodsSold": 4584,
        "dilutedAverageSharesOutstanding": 874,
        "dilutedEPS": 0.7037,
        "ebit": 932,
        "grossIncome": 1026,
        "interestExpense": 109,
        "interestIncomeExpense": -92,
        "minorityInterest": 1,
        "netIncome": 615,
        "netIncomeAfterTaxes": 614,
        "nonRecurringItems": 0,
        "otherOperatingExpensesTotal": 33,
        "period": "2024-12-31",
        "pretaxIncome": 793,
        "provisionforIncomeTaxes": 179,
        "revenue": 5610,
        "sgaExpense": 61,
        "totalOperatingExpense": 94,
        "totalOtherIncomeExpenseNet": -47
      },
      {
        "costOfGoodsSold": 4627,
        "dilutedAverageSharesOutstanding": 881,
        "dilutedEPS": 0.6481,
        "ebit": 987,
        "grossIncome": 1070,
        "interestExpense": 113,
        "interestIncomeExpense": -85,
        "minorityInterest": -9,
        "netIncome": 571,
        "netIncomeAfterTaxes": 580,
        "nonRecurringItems": -116,
        "otherOperatingExpensesTotal": 28,
        "period": "2024-09-30",
        "pretaxIncome": 734,
        "provisionforIncomeTaxes": 154,
        "revenue": 5697,
        "sgaExpense": 55,
        "totalOperatingExpense": 83,
        "totalOtherIncomeExpenseNet": -52
      },
      {
        "costOfGoodsSold": 4710,
        "dilutedAverageSharesOutstanding": 886,
        "dilutedEPS": 0.8002,
        "ebit": 1032,
        "grossIncome": 1123,
        "interestExpense": 114,
        "interestIncomeExpense": -92,
        "minorityInterest": -4,
        "netIncome": 709,
        "netIncomeAfterTaxes": 713,
        "otherOperatingExpensesTotal": 29,
        "period": "2024-06-30",
        "pretaxIncome": 920,
        "provisionforIncomeTaxes": 207,
        "revenue": 5833,
        "sgaExpense": 62,
        "totalOperatingExpense": 91,
        "totalOtherIncomeExpenseNet": -20
      },
      {
        "costOfGoodsSold": 4722,
        "dilutedAverageSharesOutstanding": 891,
        "dilutedEPS": 0.6801,
        "ebit": 987,
        "grossIncome": 1082,
        "interestExpense": 114,
        "interestIncomeExpense": -92,
        "minorityInterest": -3,
        "netIncome": 606,
        "netIncomeAfterTaxes": 609,
        "otherOperatingExpensesTotal": 34,
        "period": "2024-03-31",
        "pretaxIncome": 787,
        "provisionforIncomeTaxes": 178,
        "revenue": 5804,
        "sgaExpense": 61,
        "totalOperatingExpense": 95,
        "totalOtherIncomeExpenseNet": -108
      },
      {
        "costOfGoodsSold": 4606,
        "dilutedAverageSharesOutstanding": 896,
        "dilutedEPS": 0.7377,
        "ebit": 1058,
        "grossIncome": 1133,
        "interestExpense": 119,
        "interestIncomeExpense": -268,
        "minorityInterest": -6,
        "netIncome": 661,
        "netIncomeAfterTaxes": 667,
        "nonRecurringItems": 0,
        "otherOperatingExpensesTotal": 15,
        "period": "2023-12-31",
        "pretaxIncome": 835,
        "provisionforIncomeTaxes": 168,
        "revenue": 5739,
        "sgaExpense": 60,
        "totalOperatingExpense": 75,
        "totalOtherIncomeExpenseNet": 45
      },
      {
        "costOfGoodsSold": 4686,
        "dilutedAverageSharesOutstanding": 902,
        "dilutedEPS": 0.79,
        "ebit": 1037,
        "grossIncome": 1118,
        "interestExpense": 119,
        "interestIncomeExpense": -93,
        "minorityInterest": -8,
        "netIncome": 716,
        "netIncomeAfterTaxes": 724,
        "nonRecurringItems": 0,
        "otherOperatingExpensesTotal": 23,
        "period": "2023-09-30",
        "pretaxIncome": 916,
        "provisionforIncomeTaxes": 192,
        "revenue": 5804,
        "sgaExpense": 58,
        "totalOperatingExpense": 81,
        "totalOtherIncomeExpenseNet": -28
      },
      {
        "costOfGoodsSold": 4720,
        "dilutedAverageSharesOutstanding": 903,
        "dilutedEPS": 0.68,
        "ebit": 1011,
        "grossIncome": 1078,
        "interestExpense": 120,
        "interestIncomeExpense": -196,
        "minorityInterest": -6,
        "netIncome": 610,
        "netIncomeAfterTaxes": 616,
        "nonRecurringItems": 0,
        "otherOperatingExpensesTotal": 13,
        "period": "2023-06-30",
        "pretaxIncome": 783,
        "provisionforIncomeTaxes": 167,
        "revenue": 5798,
        "sgaExpense": 54,
        "totalOperatingExpense": 67,
        "totalOtherIncomeExpenseNet": -32
      },
      {
        "costOfGoodsSold": 4646,
        "dilutedAverageSharesOutstanding": 907,
        "dilutedEPS": 0.72,
        "ebit": 977,
        "grossIncome": 1031,
        "interestExpense": 118,
        "interestIncomeExpense": -79,
        "minorityInterest": -4,
        "netIncome": 651,
        "netIncomeAfterTaxes": 655,
        "nonRecurringItems": 0,
        "period": "2023-03-31",
        "pretaxIncome": 829,
        "provisionforIncomeTaxes": 174,
        "revenue": 5677,
        "sgaExpense": 54,
        "totalOperatingExpense": 54,
        "totalOtherIncomeExpenseNet": -69
      },
      {
        "costOfGoodsSold": 4544,
        "dilutedAverageSharesOutstanding": 911,
        "dilutedEPS": 0.72,
        "ebit": 976,
        "grossIncome": 1038,
        "interestExpense": 117,
        "interestIncomeExpense": -74,
        "minorityInterest": -9,
        "netIncome": 656,
        "netIncomeAfterTaxes": 665,
        "nonRecurringItems": 0,
        "period": "2022-12-31",
        "pretaxIncome": 842,
        "provisionforIncomeTaxes": 177,
        "revenue": 5582,
        "sgaExpense": 62,
        "totalOperatingExpense": 62,
        "totalOtherIncomeExpenseNet": -60
      },
      {
        "costOfGoodsSold": 4452,
        "dilutedAverageSharesOutstanding": 910,
        "dilutedEPS": 0.6,
        "ebit": 850,
        "grossIncome": 905,
        "interestExpense": 124,
        "interestIncomeExpense": -93,
        "minorityInterest": -5,
        "netIncome": 544,
        "netIncomeAfterTaxes": 549,
        "nonRecurringItems": -4,
        "otherOperatingExpensesTotal": -4,
        "period": "2022-09-30",
        "pretaxIncome": 705,
        "provisionforIncomeTaxes": 156,
        "revenue": 5357,
        "sgaExpense": 59,
        "totalOperatingExpense": 55,
        "totalOtherIncomeExpenseNet": -48
      },
      {
        "costOfGoodsSold": 4289,
        "dilutedAverageSharesOutstanding": 909,
        "dilutedEPS": 0.12,
        "ebit": 718,
        "grossIncome": 785,
        "interestExpense": 125,
        "interestIncomeExpense": -101,
        "minorityInterest": -8,
        "netIncome": 109,
        "netIncomeAfterTaxes": 117,
        "nonRecurringItems": -344,
        "period": "2022-06-30",
        "pretaxIncome": 231,
        "provisionforIncomeTaxes": 114,
        "revenue": 5074,
        "sgaExpense": 67,
        "totalOperatingExpense": 67,
        "totalOtherIncomeExpenseNet": -42
      },
      {
        "costOfGoodsSold": 3699,
        "dilutedAverageSharesOutstanding": 903,
        "dilutedEPS": 0.29,
        "ebit": 533,
        "grossIncome": 585,
        "interestExpense": 126,
        "interestIncomeExpense": -107,
        "minorityInterest": -1,
        "netIncome": 263,
        "netIncomeAfterTaxes": 264,
        "nonRecurringItems": -64,
        "period": "2022-03-31",
        "pretaxIncome": 332,
        "provisionforIncomeTaxes": 68,
        "revenue": 4284,
        "sgaExpense": 52,
        "totalOperatingExpense": 52,
        "totalOtherIncomeExpenseNet": -30
      },
      {
        "costOfGoodsSold": 3668,
        "dilutedAverageSharesOutstanding": 895,
        "dilutedEPS": 0.92,
        "ebit": 550,
        "grossIncome": 609,
        "interestExpense": 129,
        "interestIncomeExpense": -108,
        "minorityInterest": -3,
        "netIncome": 824,
        "netIncomeAfterTaxes": 827,
        "nonRecurringItems": 0,
        "period": "2021-12-31",
        "pretaxIncome": 418,
        "provisionforIncomeTaxes": -409,
        "revenue": 4277,
        "sgaExpense": 59,
        "totalOperatingExpense": 59,
        "totalOtherIncomeExpenseNet": -24
      },
      {
        "costOfGoodsSold": 3356,
        "dilutedAverageSharesOutstanding": 894,
        "dilutedEPS": 0.26,
        "ebit": 458,
        "grossIncome": 504,
        "interestExpense": 131,
        "interestIncomeExpense": -116,
        "minorityInterest": -4,
        "netIncome": 236,
        "netIncomeAfterTaxes": 240,
        "nonRecurringItems": -12,
        "period": "2021-09-30",
        "pretaxIncome": 316,
        "provisionforIncomeTaxes": 76,
        "revenue": 3860,
        "sgaExpense": 46,
        "totalOperatingExpense": 46,
        "totalOtherIncomeExpenseNet": -14
      },
      {
        "costOfGoodsSold": 3222,
        "dilutedAverageSharesOutstanding": 890,
        "dilutedEPS": 0.26,
        "ebit": 434,
        "grossIncome": 485,
        "interestExpense": 134,
        "interestIncomeExpense": -120,
        "minorityInterest": -3,
        "netIncome": 227,
        "netIncomeAfterTaxes": 230,
        "nonRecurringItems": 0,
        "period": "2021-06-30",
        "pretaxIncome": 295,
        "provisionforIncomeTaxes": 65,
        "revenue": 3707,
        "sgaExpense": 51,
        "totalOperatingExpense": 51,
        "totalOtherIncomeExpenseNet": -19
      },
      {
        "costOfGoodsSold": 3033,
        "dilutedAverageSharesOutstanding": 889,
        "dilutedEPS": 0.19,
        "ebit": 370,
        "grossIncome": 418,
        "interestExpense": 135,
        "interestIncomeExpense": -125,
        "minorityInterest": -1,
        "netIncome": 170,
        "netIncomeAfterTaxes": 171,
        "nonRecurringItems": 0,
        "period": "2021-03-31",
        "pretaxIncome": 223,
        "provisionforIncomeTaxes": 52,
        "revenue": 3451,
        "sgaExpense": 48,
        "totalOperatingExpense": 48,
        "totalOtherIncomeExpenseNet": -22
      },
      {
        "costOfGoodsSold": 2843,
        "dilutedAverageSharesOutstanding": 887,
        "dilutedEPS": -0.26,
        "ebit": 350,
        "grossIncome": 394,
        "interestExpense": 135,
        "interestIncomeExpense": -125,
        "minorityInterest": -8,
        "netIncome": -235,
        "netIncomeAfterTaxes": -227,
        "nonRecurringItems": -446,
        "period": "2020-12-31",
        "pretaxIncome": -240,
        "provisionforIncomeTaxes": -13,
        "revenue": 3237,
        "sgaExpense": 44,
        "totalOperatingExpense": 44,
        "totalOtherIncomeExpenseNet": -19
      },
      {
        "costOfGoodsSold": 2659,
        "dilutedAverageSharesOutstanding": 882,
        "dilutedEPS": -0.02,
        "ebit": 275,
        "grossIncome": 316,
        "interestExpense": 133,
        "interestIncomeExpense": -122,
        "minorityInterest": 2,
        "netIncome": -17,
        "netIncomeAfterTaxes": -19,
        "nonRecurringItems": -133,
        "period": "2020-09-30",
        "pretaxIncome": -1,
        "provisionforIncomeTaxes": 18,
        "revenue": 2975,
        "sgaExpense": 41,
        "totalOperatingExpense": 41,
        "totalOtherIncomeExpenseNet": -21
      },
      {
        "costOfGoodsSold": 2917,
        "dilutedAverageSharesOutstanding": 877,
        "dilutedEPS": -1.91,
        "ebit": 236,
        "grossIncome": 279,
        "interestExpense": 131,
        "interestIncomeExpense": -124,
        "minorityInterest": 5,
        "netIncome": -1676,
        "netIncomeAfterTaxes": -1681,
        "nonRecurringItems": -2147,
        "period": "2020-06-30",
        "pretaxIncome": -2083,
        "provisionforIncomeTaxes": -402,
        "revenue": 3196,
        "sgaExpense": 43,
        "totalOperatingExpense": 43,
        "totalOtherIncomeExpenseNet": -48
      },
      {
        "costOfGoodsSold": 4481,
        "dilutedAverageSharesOutstanding": 878,
        "dilutedEPS": -1.16,
        "ebit": 502,
        "grossIncome": 556,
        "interestExpense": 144,
        "interestIncomeExpense": -134,
        "minorityInterest": -2,
        "netIncome": -1017,
        "netIncomeAfterTaxes": -1015,
        "nonRecurringItems": -1241,
        "period": "2020-03-31",
        "pretaxIncome": -896,
        "provisionforIncomeTaxes": 119,
        "revenue": 5037,
        "sgaExpense": 54,
        "totalOperatingExpense": 54,
        "totalOtherIncomeExpenseNet": -23
      },
      {
        "costOfGoodsSold": 4586,
        "dilutedAverageSharesOutstanding": 878,
        "dilutedEPS": -1.88,
        "ebit": 546,
        "grossIncome": 605,
        "interestExpense": 146,
        "interestIncomeExpense": -141,
        "minorityInterest": 1,
        "netIncome": -1653,
        "netIncomeAfterTaxes": -1654,
        "nonRecurringItems": -2198,
        "period": "2019-12-31",
        "pretaxIncome": -1837,
        "provisionforIncomeTaxes": -183,
        "revenue": 5191,
        "sgaExpense": 59,
        "totalOperatingExpense": 59,
        "totalOtherIncomeExpenseNet": -44
      },
      {
        "costOfGoodsSold": 4961,
        "dilutedAverageSharesOutstanding": 876,
        "dilutedEPS": 0.34,
        "ebit": 536,
        "grossIncome": 589,
        "interestExpense": 147,
        "interestIncomeExpense": -141,
        "minorityInterest": -1,
        "netIncome": 295,
        "netIncomeAfterTaxes": 296,
        "nonRecurringItems": 0,
        "period": "2019-09-30",
        "pretaxIncome": 372,
        "provisionforIncomeTaxes": 76,
        "revenue": 5550,
        "sgaExpense": 53,
        "totalOperatingExpense": 53,
        "totalOtherIncomeExpenseNet": -23
      },
      {
        "costOfGoodsSold": 5324,
        "dilutedAverageSharesOutstanding": 875,
        "dilutedEPS": 0.09,
        "ebit": 550,
        "grossIncome": 606,
        "interestExpense": 148,
        "interestIncomeExpense": -144,
        "minorityInterest": -2,
        "netIncome": 75,
        "netIncomeAfterTaxes": 77,
        "nonRecurringItems": -247,
        "period": "2019-06-30",
        "pretaxIncome": 151,
        "provisionforIncomeTaxes": 74,
        "revenue": 5930,
        "sgaExpense": 56,
        "totalOperatingExpense": 56,
        "totalOtherIncomeExpenseNet": -8
      },
      {
        "costOfGoodsSold": 5252,
        "dilutedAverageSharesOutstanding": 873,
        "dilutedEPS": 0.17,
        "ebit": 426,
        "grossIncome": 485,
        "interestExpense": 151,
        "interestIncomeExpense": -143,
        "minorityInterest": 0,
        "netIncome": 152,
        "netIncomeAfterTaxes": 152,
        "nonRecurringItems": -61,
        "period": "2019-03-31",
        "pretaxIncome": 192,
        "provisionforIncomeTaxes": 40,
        "revenue": 5737,
        "sgaExpense": 59,
        "totalOperatingExpense": 59,
        "totalOtherIncomeExpenseNet": -30
      },
      {
        "costOfGoodsSold": 5269,
        "dilutedAverageSharesOutstanding": 872,
        "dilutedEPS": 0.76,
        "ebit": 608,
        "grossIncome": 667,
        "interestExpense": 148,
        "interestIncomeExpense": -137,
        "minorityInterest": -4,
        "netIncome": 664,
        "netIncomeAfterTaxes": 621,
        "nonRecurringItems": 0,
        "period": "2018-12-31",
        "pretaxIncome": 458,
        "provisionforIncomeTaxes": -163,
        "revenue": 5936,
        "sgaExpense": 59,
        "totalOperatingExpense": 59,
        "totalOtherIncomeExpenseNet": -13
      },
      {
        "costOfGoodsSold": 5384,
        "dilutedAverageSharesOutstanding": 878,
        "dilutedEPS": 0.5,
        "ebit": 716,
        "grossIncome": 788,
        "interestExpense": 150,
        "interestIncomeExpense": -140,
        "minorityInterest": 1,
        "netIncome": 435,
        "netIncomeAfterTaxes": 434,
        "nonRecurringItems": 0,
        "period": "2018-09-30",
        "pretaxIncome": 534,
        "provisionforIncomeTaxes": 100,
        "revenue": 6172,
        "sgaExpense": 72,
        "totalOperatingExpense": 72,
        "totalOtherIncomeExpenseNet": -42
      },
      {
        "costOfGoodsSold": 5293,
        "dilutedAverageSharesOutstanding": 880,
        "dilutedEPS": 0.58,
        "ebit": 789,
        "grossIncome": 854,
        "interestExpense": 150,
        "interestIncomeExpense": -137,
        "minorityInterest": 3,
        "netIncome": 511,
        "netIncomeAfterTaxes": 508,
        "nonRecurringItems": 0,
        "period": "2018-06-30",
        "pretaxIncome": 633,
        "provisionforIncomeTaxes": 125,
        "revenue": 6147,
        "sgaExpense": 65,
        "totalOperatingExpense": 65,
        "totalOtherIncomeExpenseNet": -19
      },
      {
        "costOfGoodsSold": 5063,
        "dilutedAverageSharesOutstanding": 878,
        "dilutedEPS": 0.05,
        "ebit": 619,
        "grossIncome": 677,
        "interestExpense": 150,
        "interestIncomeExpense": -140,
        "minorityInterest": -1,
        "netIncome": 46,
        "netIncomeAfterTaxes": 47,
        "nonRecurringItems": -265,
        "period": "2018-03-31",
        "pretaxIncome": 189,
        "provisionforIncomeTaxes": 142,
        "revenue": 5740,
        "sgaExpense": 58,
        "totalOperatingExpense": 58,
        "totalOtherIncomeExpenseNet": -25
      },
      {
        "costOfGoodsSold": 5101,
        "dilutedAverageSharesOutstanding": 873,
        "dilutedEPS": -0.94,
        "ebit": 768,
        "grossIncome": 839,
        "interestExpense": 146,
        "interestIncomeExpense": -115,
        "minorityInterest": 1,
        "netIncome": -824,
        "netIncomeAfterTaxes": -36,
        "nonRecurringItems": -385,
        "period": "2017-12-31",
        "pretaxIncome": 244,
        "provisionforIncomeTaxes": 280,
        "revenue": 5940,
        "sgaExpense": 71,
        "totalOperatingExpense": 71,
        "totalOtherIncomeExpenseNet": -24
      },
      {
        "costOfGoodsSold": 4747,
        "dilutedAverageSharesOutstanding": 873,
        "dilutedEPS": 0.42,
        "ebit": 642,
        "grossIncome": 697,
        "interestExpense": 145,
        "interestIncomeExpense": -115,
        "minorityInterest": 4,
        "netIncome": 365,
        "netIncomeAfterTaxes": 361,
        "nonRecurringItems": 0,
        "period": "2017-09-30",
        "pretaxIncome": 496,
        "provisionforIncomeTaxes": 135,
        "revenue": 5444,
        "sgaExpense": 55,
        "totalOperatingExpense": 55,
        "totalOtherIncomeExpenseNet": -31
      },
      {
        "costOfGoodsSold": 4474,
        "dilutedAverageSharesOutstanding": 871,
        "dilutedEPS": 0.03,
        "ebit": 408,
        "grossIncome": 483,
        "interestExpense": 149,
        "interestIncomeExpense": -121,
        "minorityInterest": 0,
        "netIncome": 28,
        "netIncomeAfterTaxes": 28,
        "nonRecurringItems": -262,
        "period": "2017-06-30",
        "pretaxIncome": -1,
        "provisionforIncomeTaxes": -29,
        "revenue": 4957,
        "sgaExpense": 75,
        "totalOperatingExpense": 75,
        "totalOtherIncomeExpenseNet": -26
      },
      {
        "costOfGoodsSold": 4021,
        "dilutedAverageSharesOutstanding": 867,
        "dilutedEPS": -0.04,
        "ebit": 203,
        "grossIncome": 258,
        "interestExpense": 265,
        "interestIncomeExpense": -242,
        "minorityInterest": 0,
        "netIncome": -32,
        "netIncomeAfterTaxes": -32,
        "nonRecurringItems": 0,
        "period": "2017-03-31",
        "pretaxIncome": -57,
        "provisionforIncomeTaxes": -25,
        "revenue": 4279,
        "sgaExpense": 55,
        "totalOperatingExpense": 55,
        "totalOtherIncomeExpenseNet": -18
      },
      {
        "costOfGoodsSold": 3704,
        "dilutedAverageSharesOutstanding": 864,
        "dilutedEPS": -0.17,
        "ebit": 221,
        "grossIncome": 317,
        "interestExpense": 158,
        "interestIncomeExpense": -137,
        "minorityInterest": 4,
        "netIncome": -149,
        "netIncomeAfterTaxes": -153,
        "nonRecurringItems": -168,
        "period": "2016-12-31",
        "pretaxIncome": -175,
        "provisionforIncomeTaxes": -22,
        "revenue": 4021,
        "sgaExpense": 96,
        "totalOperatingExpense": 96,
        "totalOtherIncomeExpenseNet": -91
      },
      {
        "costOfGoodsSold": 3662,
        "dilutedAverageSharesOutstanding": 864,
        "dilutedEPS": 0.01,
        "ebit": 128,
        "grossIncome": 171,
        "interestExpense": 159,
        "interestIncomeExpense": -141,
        "minorityInterest": -1,
        "netIncome": 6,
        "netIncomeAfterTaxes": 7,
        "nonRecurringItems": 0,
        "period": "2016-09-30",
        "pretaxIncome": -52,
        "provisionforIncomeTaxes": -59,
        "revenue": 3833,
        "sgaExpense": 43,
        "totalOperatingExpense": 43,
        "totalOtherIncomeExpenseNet": -39
      },
      {
        "costOfGoodsSold": 3732,
        "dilutedAverageSharesOutstanding": 860,
        "dilutedEPS": -3.73,
        "ebit": 62,
        "grossIncome": 103,
        "interestExpense": 206,
        "interestIncomeExpense": -196,
        "minorityInterest": -3,
        "netIncome": -3208,
        "netIncomeAfterTaxes": -3205,
        "nonRecurringItems": -3942,
        "period": "2016-06-30",
        "pretaxIncome": -4107,
        "provisionforIncomeTaxes": -902,
        "revenue": 3835,
        "sgaExpense": 41,
        "totalOperatingExpense": 41,
        "totalOtherIncomeExpenseNet": -31
      },
      {
        "costOfGoodsSold": 3925,
        "dilutedAverageSharesOutstanding": 858,
        "dilutedEPS": -2.81,
        "ebit": 225,
        "grossIncome": 273,
        "interestExpense": 175,
        "interestIncomeExpense": -165,
        "minorityInterest": 6,
        "netIncome": -2412,
        "netIncomeAfterTaxes": -2416,
        "nonRecurringItems": -3304,
        "period": "2016-03-31",
        "pretaxIncome": -3291,
        "provisionforIncomeTaxes": -875,
        "revenue": 4198,
        "sgaExpense": 48,
        "totalOperatingExpense": 48,
        "totalOtherIncomeExpenseNet": -47
      },
      {
        "costOfGoodsSold": 4556,
        "dilutedAverageSharesOutstanding": 856,
        "dilutedEPS": -0.03,
        "ebit": 473,
        "grossIncome": 526,
        "interestExpense": 142,
        "interestIncomeExpense": -136,
        "minorityInterest": -2,
        "netIncome": -28,
        "netIncomeAfterTaxes": -26,
        "nonRecurringItems": -387,
        "period": "2015-12-31",
        "pretaxIncome": -93,
        "provisionforIncomeTaxes": -67,
        "revenue": 5082,
        "sgaExpense": 53,
        "totalOperatingExpense": 53,
        "totalOtherIncomeExpenseNet": -43
      },
      {
        "costOfGoodsSold": 5039,
        "dilutedAverageSharesOutstanding": 855,
        "dilutedEPS": -0.06,
        "ebit": 506,
        "grossIncome": 543,
        "interestExpense": 102,
        "interestIncomeExpense": -99,
        "minorityInterest": -1,
        "netIncome": -54,
        "netIncomeAfterTaxes": -53,
        "nonRecurringItems": -463,
        "period": "2015-09-30",
        "pretaxIncome": -90,
        "provisionforIncomeTaxes": -37,
        "revenue": 5582,
        "sgaExpense": 37,
        "totalOperatingExpense": 37,
        "totalOtherIncomeExpenseNet": -34
      }
    ],
    "symbol": "HAL"
  }
}