{
  "symbol": "BRO",
  "statement": "ic",
  "frequency": "quarterly",
  "timestamp": "2025-09-19T13:57:06.579194",
  "data": {
    "financials": [
      {
        "depreciationAmortization": 61,
        "dilutedAverageSharesOutstanding": 293,
        "dilutedEPS": 0.7782,
        "ebit": 373,
        "gainLossOnDispositionOfAssets": 0,
        "interestExpense": 51,
        "interestIncomeExpense": -51,
        "minorityInterest": -3,
        "netIncome": 228,
        "netIncomeAfterTaxes": 234,
        "nonRecurringItems": -11,
        "otherOperatingExpensesTotal": 211,
        "period": "2025-06-30",
        "pretaxIncome": 311,
        "provisionforIncomeTaxes": 77,
        "revenue": 1285,
        "sgaExpense": 640,
        "totalOperatingExpense": 912
      },
      {
        "depreciationAmortization": 64,
        "dilutedAverageSharesOutstanding": 285,
        "dilutedEPS": 1.1474,
        "ebit": 471,
        "gainLossOnDispositionOfAssets": -2,
        "interestExpense": 46,
        "interestIncomeExpense": -46,
        "minorityInterest": -3,
        "netIncome": 327,
        "netIncomeAfterTaxes": 334,
        "nonRecurringItems": 4,
        "otherOperatingExpensesTotal": 186,
        "period": "2025-03-31",
        "pretaxIncome": 427,
        "provisionforIncomeTaxes": 93,
        "revenue": 1404,
        "sgaExpense": 683,
        "totalOperatingExpense": 933
      },
      {
        "depreciationAmortization": 58,
        "dilutedAverageSharesOutstanding": 287,
        "dilutedEPS": 0.7212,
        "ebit": 331,
        "gainLossOnDispositionOfAssets": 1,
        "interestExpense": 46,
        "interestIncomeExpense": -46,
        "minorityInterest": -1,
        "netIncome": 207,
        "netIncomeAfterTaxes": 211,
        "nonRecurringItems": -11,
        "otherOperatingExpensesTotal": 211,
        "period": "2024-12-31",
        "pretaxIncome": 275,
        "provisionforIncomeTaxes": 64,
        "revenue": 1183,
        "sgaExpense": 583,
        "totalOperatingExpense": 852
      },
      {
        "depreciationAmortization": 56,
        "dilutedAverageSharesOutstanding": 284,
        "dilutedEPS": 0.81,
        "ebit": 358,
        "gainLossOnDispositionOfAssets": 1,
        "interestExpense": 50,
        "interestIncomeExpense": -50,
        "minorityInterest": -5,
        "netIncome": 231,
        "netIncomeAfterTaxes": 239,
        "nonRecurringItems": 8,
        "otherOperatingExpensesTotal": 165,
        "period": "2024-09-30",
        "pretaxIncome": 317,
        "provisionforIncomeTaxes": 78,
        "revenue": 1186,
        "sgaExpense": 607,
        "totalOperatingExpense": 828
      },
      {
        "depreciationAmortization": 55,
        "dilutedAverageSharesOutstanding": 283,
        "dilutedEPS": 0.9,
        "ebit": 365,
        "gainLossOnDispositionOfAssets": 31,
        "interestExpense": 49,
        "interestIncomeExpense": -49,
        "minorityInterest": -2,
        "netIncome": 254,
        "netIncomeAfterTaxes": 259,
        "nonRecurringItems": -1,
        "otherOperatingExpensesTotal": 173,
        "period": "2024-06-30",
        "pretaxIncome": 346,
        "provisionforIncomeTaxes": 87,
        "revenue": 1178,
        "sgaExpense": 585,
        "totalOperatingExpense": 813
      },
      {
        "depreciationAmortization": 54,
        "dilutedAverageSharesOutstanding": 283,
        "dilutedEPS": 1.02,
        "ebit": 412,
        "gainLossOnDispositionOfAssets": -2,
        "interestExpense": 48,
        "interestIncomeExpense": -48,
        "netIncome": 289,
        "netIncomeAfterTaxes": 293,
        "nonRecurringItems": 2,
        "otherOperatingExpensesTotal": 161,
        "period": "2024-03-31",
        "pretaxIncome": 364,
        "provisionforIncomeTaxes": 71,
        "revenue": 1258,
        "sgaExpense": 631,
        "totalOperatingExpense": 846
      },
      {
        "depreciationAmortization": 51.8,
        "dilutedAverageSharesOutstanding": 282,
        "dilutedEPS": 0.94,
        "ebit": 261,
        "gainLossOnDispositionOfAssets": 134.4,
        "interestExpense": 47.9,
        "interestIncomeExpense": -47.9,
        "netIncome": 264.8,
        "netIncomeAfterTaxes": 268.7,
        "nonRecurringItems": 7.6,
        "otherOperatingExpensesTotal": 159.7,
        "period": "2023-12-31",
        "pretaxIncome": 355.1,
        "provisionforIncomeTaxes": 86.4,
        "revenue": 1026.2,
        "sgaExpense": 553.7,
        "totalOperatingExpense": 765.2
      },
      {
        "depreciationAmortization": 51.5,
        "dilutedAverageSharesOutstanding": 281.3,
        "dilutedEPS": 0.62,
        "ebit": 316.9,
        "gainLossOnDispositionOfAssets": 2.8,
        "interestExpense": 47.5,
        "interestIncomeExpense": -47.5,
        "netIncome": 173.3,
        "netIncomeAfterTaxes": 175.9,
        "nonRecurringItems": -29.9,
        "otherOperatingExpensesTotal": 167.7,
        "period": "2023-09-30",
        "pretaxIncome": 242.3,
        "provisionforIncomeTaxes": 66.4,
        "revenue": 1067.7,
        "sgaExpense": 531.6,
        "totalOperatingExpense": 750.8
      },
      {
        "depreciationAmortization": 51.4,
        "dilutedAverageSharesOutstanding": 280.4,
        "dilutedEPS": 0.67,
        "ebit": 303.7,
        "gainLossOnDispositionOfAssets": 0.4,
        "interestExpense": 47.9,
        "interestIncomeExpense": -47.9,
        "netIncome": 187.6,
        "netIncomeAfterTaxes": 190.4,
        "nonRecurringItems": -1.8,
        "otherOperatingExpensesTotal": 162,
        "period": "2023-06-30",
        "pretaxIncome": 254.4,
        "provisionforIncomeTaxes": 64,
        "revenue": 1047.3,
        "sgaExpense": 530.2,
        "totalOperatingExpense": 743.6
      },
      {
        "depreciationAmortization": 51.3,
        "dilutedAverageSharesOutstanding": 279.4,
        "dilutedEPS": 0.83,
        "ebit": 332.9,
        "gainLossOnDispositionOfAssets": 5.7,
        "interestExpense": 46.7,
        "interestIncomeExpense": -46.7,
        "netIncome": 231.5,
        "netIncomeAfterTaxes": 235.5,
        "nonRecurringItems": 2.3,
        "otherOperatingExpensesTotal": 160.7,
        "period": "2023-03-31",
        "pretaxIncome": 294.2,
        "provisionforIncomeTaxes": 58.7,
        "revenue": 1116,
        "sgaExpense": 571.1,
        "totalOperatingExpense": 783.1
      },
      {
        "depreciationAmortization": 49.3,
        "dilutedAverageSharesOutstanding": 278.9,
        "dilutedEPS": 0.51,
        "ebit": 230.3,
        "gainLossOnDispositionOfAssets": 3.6,
        "interestExpense": 45.4,
        "interestIncomeExpense": -45.4,
        "netIncome": 142.6,
        "netIncomeAfterTaxes": 145.2,
        "nonRecurringItems": 5.8,
        "otherOperatingExpensesTotal": 146.2,
        "period": "2022-12-31",
        "pretaxIncome": 194.3,
        "provisionforIncomeTaxes": 49.1,
        "revenue": 901.4,
        "sgaExpense": 475.6,
        "totalOperatingExpense": 671.1
      },
      {
        "depreciationAmortization": 54.8,
        "dilutedAverageSharesOutstanding": 278.7,
        "dilutedEPS": 0.57,
        "ebit": 232.9,
        "gainLossOnDispositionOfAssets": 0,
        "interestExpense": 41.5,
        "interestIncomeExpense": -41.5,
        "netIncome": 158.2,
        "netIncomeAfterTaxes": 161.1,
        "nonRecurringItems": 26.6,
        "otherOperatingExpensesTotal": 169.6,
        "period": "2022-09-30",
        "pretaxIncome": 218,
        "provisionforIncomeTaxes": 56.9,
        "revenue": 927.6,
        "sgaExpense": 470.3,
        "totalOperatingExpense": 694.7
      },
      {
        "depreciationAmortization": 42.5,
        "dilutedAverageSharesOutstanding": 278.2,
        "dilutedEPS": 0.51,
        "ebit": 231.1,
        "gainLossOnDispositionOfAssets": 0.7,
        "interestExpense": 36,
        "interestIncomeExpense": -36,
        "netIncome": 142.5,
        "netIncomeAfterTaxes": 145.2,
        "nonRecurringItems": 3,
        "otherOperatingExpensesTotal": 154,
        "period": "2022-06-30",
        "pretaxIncome": 198.8,
        "provisionforIncomeTaxes": 53.6,
        "revenue": 839.7,
        "sgaExpense": 412.1,
        "totalOperatingExpense": 608.6
      },
      {
        "depreciationAmortization": 39.2,
        "dilutedAverageSharesOutstanding": 278.6,
        "dilutedEPS": 0.77,
        "ebit": 279.7,
        "gainLossOnDispositionOfAssets": 0.2,
        "interestExpense": 18.3,
        "interestIncomeExpense": -18.3,
        "netIncome": 215.9,
        "netIncomeAfterTaxes": 220.3,
        "nonRecurringItems": 3.4,
        "otherOperatingExpensesTotal": 126.8,
        "period": "2022-03-31",
        "pretaxIncome": 265,
        "provisionforIncomeTaxes": 44.7,
        "revenue": 904.7,
        "sgaExpense": 459,
        "totalOperatingExpense": 625
      },
      {
        "depreciationAmortization": 38.883,
        "dilutedAverageSharesOutstanding": 278.218,
        "dilutedEPS": 0.36,
        "ebit": 171.527,
        "gainLossOnDispositionOfAssets": 5.273,
        "interestExpense": 16.179,
        "interestIncomeExpense": -16.179,
        "netIncome": 99.676,
        "netIncomeAfterTaxes": 101.717,
        "nonRecurringItems": -19.802,
        "otherOperatingExpensesTotal": 111.251,
        "period": "2021-12-31",
        "pretaxIncome": 140.819,
        "provisionforIncomeTaxes": 39.102,
        "revenue": 738.465,
        "sgaExpense": 416.804,
        "totalOperatingExpense": 566.938
      },
      {
        "depreciationAmortization": 38.723,
        "dilutedAverageSharesOutstanding": 277.553,
        "dilutedEPS": 0.52,
        "ebit": 235.514,
        "gainLossOnDispositionOfAssets": 0.288,
        "interestExpense": 16.175,
        "interestIncomeExpense": -16.175,
        "netIncome": 143.285,
        "netIncomeAfterTaxes": 146.354,
        "nonRecurringItems": -23.138,
        "otherOperatingExpensesTotal": 101.071,
        "period": "2021-09-30",
        "pretaxIncome": 196.489,
        "provisionforIncomeTaxes": 50.135,
        "revenue": 770.305,
        "sgaExpense": 394.997,
        "totalOperatingExpense": 534.791
      },
      {
        "depreciationAmortization": 38.347,
        "dilutedAverageSharesOutstanding": 280.851,
        "dilutedEPS": 0.49,
        "ebit": 197.14,
        "gainLossOnDispositionOfAssets": 3.851,
        "interestExpense": 16.286,
        "interestIncomeExpense": -16.286,
        "netIncome": 136.324,
        "netIncomeAfterTaxes": 139.29,
        "nonRecurringItems": 1.604,
        "otherOperatingExpensesTotal": 96.255,
        "period": "2021-06-30",
        "pretaxIncome": 186.309,
        "provisionforIncomeTaxes": 47.019,
        "revenue": 727.352,
        "sgaExpense": 395.61,
        "totalOperatingExpense": 530.212
      },
      {
        "depreciationAmortization": 36.949,
        "dilutedAverageSharesOutstanding": 276.896,
        "dilutedEPS": 0.7,
        "ebit": 254.463,
        "gainLossOnDispositionOfAssets": 0.193,
        "interestExpense": 16.341,
        "interestIncomeExpense": -16.341,
        "netIncome": 194.877,
        "netIncomeAfterTaxes": 199.743,
        "nonRecurringItems": 0.891,
        "otherOperatingExpensesTotal": 94.364,
        "period": "2021-03-31",
        "pretaxIncome": 239.206,
        "provisionforIncomeTaxes": 39.463,
        "revenue": 815.276,
        "sgaExpense": 429.5,
        "totalOperatingExpense": 560.813
      },
      {
        "depreciationAmortization": 35.773,
        "dilutedAverageSharesOutstanding": 277.454,
        "dilutedEPS": 0.34,
        "ebit": 136.998,
        "gainLossOnDispositionOfAssets": 1.103,
        "interestExpense": 16.639,
        "interestIncomeExpense": -16.639,
        "netIncome": 94.757,
        "netIncomeAfterTaxes": 97.32,
        "nonRecurringItems": 9.454,
        "otherOperatingExpensesTotal": 91.87,
        "period": "2020-12-31",
        "pretaxIncome": 130.916,
        "provisionforIncomeTaxes": 33.596,
        "revenue": 642.111,
        "sgaExpense": 377.47,
        "totalOperatingExpense": 505.113
      },
      {
        "depreciationAmortization": 33.706,
        "dilutedAverageSharesOutstanding": 276.933,
        "dilutedEPS": 0.47,
        "ebit": 186.086,
        "gainLossOnDispositionOfAssets": 0.994,
        "interestExpense": 13.234,
        "interestIncomeExpense": -13.234,
        "netIncome": 130.239,
        "netIncomeAfterTaxes": 133.979,
        "nonRecurringItems": -15.318,
        "otherOperatingExpensesTotal": 91.403,
        "period": "2020-09-30",
        "pretaxIncome": 158.528,
        "provisionforIncomeTaxes": 24.549,
        "revenue": 673.962,
        "sgaExpense": 362.767,
        "totalOperatingExpense": 487.876
      },
      {
        "depreciationAmortization": 32.908,
        "dilutedAverageSharesOutstanding": 280.865,
        "dilutedEPS": 0.33,
        "ebit": 143.814,
        "gainLossOnDispositionOfAssets": 0.031,
        "interestExpense": 13.809,
        "interestIncomeExpense": -13.809,
        "netIncome": 93.165,
        "netIncomeAfterTaxes": 96.784,
        "nonRecurringItems": -0.635,
        "otherOperatingExpensesTotal": 75.568,
        "period": "2020-06-30",
        "pretaxIncome": 129.401,
        "provisionforIncomeTaxes": 32.617,
        "revenue": 598.806,
        "sgaExpense": 346.516,
        "totalOperatingExpense": 454.992
      },
      {
        "depreciationAmortization": 32.412,
        "dilutedAverageSharesOutstanding": 274.441,
        "dilutedEPS": 0.54,
        "ebit": 209.328,
        "gainLossOnDispositionOfAssets": 0.26,
        "interestExpense": 15.291,
        "interestIncomeExpense": -15.291,
        "netIncome": 147.125,
        "netIncomeAfterTaxes": 152.4,
        "nonRecurringItems": 10.957,
        "otherOperatingExpensesTotal": 107.132,
        "period": "2020-03-31",
        "pretaxIncome": 205.254,
        "provisionforIncomeTaxes": 52.854,
        "revenue": 698.496,
        "sgaExpense": 349.624,
        "totalOperatingExpense": 489.168
      },
      {
        "depreciationAmortization": 32.781,
        "dilutedAverageSharesOutstanding": 274.877,
        "dilutedEPS": 0.27,
        "ebit": 117.763,
        "gainLossOnDispositionOfAssets": 5.695,
        "interestExpense": 15.855,
        "interestIncomeExpense": -15.855,
        "netIncome": 74.032,
        "netIncomeAfterTaxes": 76.519,
        "nonRecurringItems": -5.554,
        "otherOperatingExpensesTotal": 93.847,
        "period": "2019-12-31",
        "pretaxIncome": 102.049,
        "provisionforIncomeTaxes": 25.53,
        "revenue": 578.989,
        "sgaExpense": 334.598,
        "totalOperatingExpense": 461.226
      },
      {
        "depreciationAmortization": 32.087,
        "dilutedAverageSharesOutstanding": 275.075,
        "dilutedEPS": 0.41,
        "ebit": 159.067,
        "gainLossOnDispositionOfAssets": 3.815,
        "interestExpense": 16.314,
        "interestIncomeExpense": -16.314,
        "netIncome": 111.734,
        "netIncomeAfterTaxes": 115.506,
        "nonRecurringItems": 5.27,
        "otherOperatingExpensesTotal": 96.409,
        "period": "2019-09-30",
        "pretaxIncome": 151.838,
        "provisionforIncomeTaxes": 36.332,
        "revenue": 618.683,
        "sgaExpense": 331.12,
        "totalOperatingExpense": 459.616
      },
      {
        "depreciationAmortization": 31.62,
        "dilutedAverageSharesOutstanding": 278.071,
        "dilutedEPS": 0.32,
        "ebit": 135.939,
        "gainLossOnDispositionOfAssets": 1.016,
        "interestExpense": 16.293,
        "interestIncomeExpense": -16.293,
        "netIncome": 89.232,
        "netIncomeAfterTaxes": 92.593,
        "nonRecurringItems": 2.86,
        "otherOperatingExpensesTotal": 98.05,
        "period": "2019-06-30",
        "pretaxIncome": 123.522,
        "provisionforIncomeTaxes": 30.929,
        "revenue": 575.219,
        "sgaExpense": 309.61,
        "totalOperatingExpense": 439.28
      },
      {
        "depreciationAmortization": 32.227,
        "dilutedAverageSharesOutstanding": 274.553,
        "dilutedEPS": 0.4,
        "ebit": 165.433,
        "gainLossOnDispositionOfAssets": -0.505,
        "interestExpense": 15.198,
        "interestIncomeExpense": -15.198,
        "netIncome": 110.643,
        "netIncomeAfterTaxes": 113.896,
        "nonRecurringItems": -1.21,
        "otherOperatingExpensesTotal": 88.783,
        "period": "2019-03-31",
        "pretaxIncome": 148.52,
        "provisionforIncomeTaxes": 34.624,
        "revenue": 619.28,
        "sgaExpense": 332.837,
        "totalOperatingExpense": 453.847
      },
      {
        "depreciationAmortization": 30.007,
        "dilutedAverageSharesOutstanding": 275.242,
        "dilutedEPS": 0.26,
        "ebit": 112.315,
        "gainLossOnDispositionOfAssets": 0.631,
        "interestExpense": 11.894,
        "interestIncomeExpense": -11.894,
        "netIncome": 71.34,
        "netIncomeAfterTaxes": 73.452,
        "nonRecurringItems": -0.441,
        "otherOperatingExpensesTotal": 88.414,
        "period": "2018-12-31",
        "pretaxIncome": 100.611,
        "provisionforIncomeTaxes": 27.159,
        "revenue": 508.748,
        "sgaExpense": 278.012,
        "totalOperatingExpense": 396.433
      },
      {
        "depreciationAmortization": 26.896,
        "dilutedAverageSharesOutstanding": 275.282,
        "dilutedEPS": 0.38,
        "ebit": 152.212,
        "gainLossOnDispositionOfAssets": -1.106,
        "interestExpense": 8.963,
        "interestIncomeExpense": -8.963,
        "netIncome": 103.337,
        "netIncomeAfterTaxes": 106.053,
        "nonRecurringItems": 0.357,
        "otherOperatingExpensesTotal": 83.697,
        "period": "2018-09-30",
        "pretaxIncome": 142.5,
        "provisionforIncomeTaxes": 36.447,
        "revenue": 530.85,
        "sgaExpense": 268.045,
        "totalOperatingExpense": 378.638
      },
      {
        "depreciationAmortization": 26.384,
        "dilutedAverageSharesOutstanding": 278.064,
        "dilutedEPS": 0.26,
        "ebit": 111.151,
        "gainLossOnDispositionOfAssets": 0.23,
        "interestExpense": 10.052,
        "interestIncomeExpense": -10.052,
        "netIncome": 72.364,
        "netIncomeAfterTaxes": 73.922,
        "nonRecurringItems": -0.419,
        "otherOperatingExpensesTotal": 83.694,
        "period": "2018-06-30",
        "pretaxIncome": 100.91,
        "provisionforIncomeTaxes": 26.988,
        "revenue": 473.187,
        "sgaExpense": 251.958,
        "totalOperatingExpense": 362.036
      },
      {
        "depreciationAmortization": 26.091,
        "dilutedAverageSharesOutstanding": 275.859,
        "dilutedEPS": 0.32,
        "ebit": 128.158,
        "gainLossOnDispositionOfAssets": 2.42,
        "interestExpense": 9.671,
        "interestIncomeExpense": -9.671,
        "netIncome": 88.917,
        "netIncomeAfterTaxes": 90.828,
        "nonRecurringItems": -2.466,
        "otherOperatingExpensesTotal": 76.313,
        "period": "2018-03-31",
        "pretaxIncome": 118.441,
        "provisionforIncomeTaxes": 27.613,
        "revenue": 501.461,
        "sgaExpense": 270.899,
        "totalOperatingExpense": 373.303
      },
      {
        "depreciationAmortization": 26.5,
        "dilutedAverageSharesOutstanding": 149.012,
        "dilutedEPS": 1.22,
        "ebit": 116.428,
        "gainLossOnDispositionOfAssets": 0.164,
        "interestExpense": 9.367,
        "interestIncomeExpense": -9.367,
        "netIncome": 182.94,
        "netIncomeAfterTaxes": 66.639,
        "nonRecurringItems": -0.891,
        "otherOperatingExpensesTotal": 73.181,
        "period": "2017-12-31",
        "pretaxIncome": 106.334,
        "provisionforIncomeTaxes": 39.695,
        "revenue": 474.316,
        "sgaExpense": 258.207,
        "totalOperatingExpense": 357.888
      },
      {
        "depreciationAmortization": 26.924,
        "dilutedAverageSharesOutstanding": 138.893,
        "dilutedEPS": 0.53,
        "ebit": 130.602,
        "gainLossOnDispositionOfAssets": 1.902,
        "interestExpense": 9.393,
        "interestIncomeExpense": -9.393,
        "netIncome": 74.061,
        "netIncomeAfterTaxes": 75.913,
        "nonRecurringItems": 1.308,
        "otherOperatingExpensesTotal": 72.058,
        "period": "2017-09-30",
        "pretaxIncome": 124.419,
        "provisionforIncomeTaxes": 48.506,
        "revenue": 475.646,
        "sgaExpense": 246.062,
        "totalOperatingExpense": 345.044
      },
      {
        "depreciationAmortization": 27.002,
        "dilutedAverageSharesOutstanding": 139.101,
        "dilutedEPS": 0.46,
        "ebit": 123.474,
        "gainLossOnDispositionOfAssets": -0.009,
        "interestExpense": 9.874,
        "interestIncomeExpense": -9.874,
        "netIncome": 64.46,
        "netIncomeAfterTaxes": 66.102,
        "nonRecurringItems": -5.589,
        "otherOperatingExpensesTotal": 71.312,
        "period": "2017-06-30",
        "pretaxIncome": 108.002,
        "provisionforIncomeTaxes": 41.9,
        "revenue": 466.305,
        "sgaExpense": 244.517,
        "totalOperatingExpense": 342.831
      },
      {
        "depreciationAmortization": 27.718,
        "dilutedAverageSharesOutstanding": 278.052,
        "dilutedEPS": 0.25,
        "ebit": 124.577,
        "gainLossOnDispositionOfAssets": 0.1,
        "interestExpense": 9.682,
        "interestIncomeExpense": -9.682,
        "netIncome": 68.425,
        "netIncomeAfterTaxes": 70.11,
        "nonRecurringItems": -4.028,
        "otherOperatingExpensesTotal": 66.919,
        "period": "2017-03-31",
        "pretaxIncome": 110.967,
        "provisionforIncomeTaxes": 40.857,
        "revenue": 465.08,
        "sgaExpense": 245.866,
        "totalOperatingExpense": 340.503
      },
      {
        "depreciationAmortization": 26.774,
        "dilutedAverageSharesOutstanding": 276.928,
        "dilutedEPS": 0.2,
        "ebit": 108.944,
        "gainLossOnDispositionOfAssets": -1.84,
        "interestExpense": 9.864,
        "interestIncomeExpense": -9.864,
        "netIncome": 56.131,
        "netIncomeAfterTaxes": 57.626,
        "nonRecurringItems": -2.339,
        "otherOperatingExpensesTotal": 65.543,
        "period": "2016-12-31",
        "pretaxIncome": 94.901,
        "provisionforIncomeTaxes": 37.275,
        "revenue": 433.664,
        "sgaExpense": 232.403,
        "totalOperatingExpense": 324.72
      },
      {
        "depreciationAmortization": 27,
        "dilutedAverageSharesOutstanding": 276.364,
        "dilutedEPS": 0.25,
        "ebit": 130.188,
        "gainLossOnDispositionOfAssets": 0.277,
        "interestExpense": 9.883,
        "interestIncomeExpense": -9.883,
        "netIncome": 69.672,
        "netIncomeAfterTaxes": 71.545,
        "nonRecurringItems": -3.61,
        "otherOperatingExpensesTotal": 67.433,
        "period": "2016-09-30",
        "pretaxIncome": 116.972,
        "provisionforIncomeTaxes": 45.427,
        "revenue": 462.274,
        "sgaExpense": 237.653,
        "totalOperatingExpense": 332.086
      },
      {
        "depreciationAmortization": 26.964,
        "dilutedAverageSharesOutstanding": 275.162,
        "dilutedEPS": 0.23,
        "ebit": 122.161,
        "gainLossOnDispositionOfAssets": 0.81,
        "interestExpense": 9.837,
        "interestIncomeExpense": -9.837,
        "netIncome": 64.354,
        "netIncomeAfterTaxes": 66.25,
        "nonRecurringItems": -4.057,
        "otherOperatingExpensesTotal": 66.291,
        "period": "2016-06-30",
        "pretaxIncome": 109.077,
        "provisionforIncomeTaxes": 42.827,
        "revenue": 446.518,
        "sgaExpense": 231.102,
        "totalOperatingExpense": 324.357
      },
      {
        "depreciationAmortization": 26.928,
        "dilutedAverageSharesOutstanding": 274.841,
        "dilutedEPS": 0.22,
        "ebit": 109.581,
        "gainLossOnDispositionOfAssets": 2.044,
        "interestExpense": 9.897,
        "interestIncomeExpense": -9.897,
        "netIncome": 60.629,
        "netIncomeAfterTaxes": 62.07,
        "nonRecurringItems": 0.821,
        "otherOperatingExpensesTotal": 63.605,
        "period": "2016-03-31",
        "pretaxIncome": 102.549,
        "provisionforIncomeTaxes": 40.479,
        "revenue": 424.173,
        "sgaExpense": 224.059,
        "totalOperatingExpense": 314.592
      },
      {
        "depreciationAmortization": 27.27,
        "dilutedAverageSharesOutstanding": 278.22,
        "dilutedEPS": 0.2,
        "ebit": 106.33,
        "gainLossOnDispositionOfAssets": -0.64,
        "interestExpense": 9.844,
        "interestIncomeExpense": -9.844,
        "netIncome": 56.61,
        "netIncomeAfterTaxes": 57.935,
        "nonRecurringItems": -0.809,
        "otherOperatingExpensesTotal": 59.464,
        "period": "2015-12-31",
        "pretaxIncome": 95.037,
        "provisionforIncomeTaxes": 37.102,
        "revenue": 404.597,
        "sgaExpense": 211.533,
        "totalOperatingExpense": 298.267
      },
      {
        "depreciationAmortization": 27.373,
        "dilutedAverageSharesOutstanding": 280.082,
        "dilutedEPS": 0.24,
        "ebit": 122.517,
        "gainLossOnDispositionOfAssets": 0.654,
        "interestExpense": 9.882,
        "interestIncomeExpense": -9.882,
        "netIncome": 67.427,
        "netIncomeAfterTaxes": 67.427,
        "nonRecurringItems": -0.459,
        "otherOperatingExpensesTotal": 66.121,
        "period": "2015-09-30",
        "pretaxIncome": 112.83,
        "provisionforIncomeTaxes": 45.403,
        "revenue": 432.167,
        "sgaExpense": 216.156,
        "totalOperatingExpense": 309.65
      }
    ],
    "symbol": "BRO"
  }
}