{
  "symbol": "VRSK",
  "statement": "ic",
  "frequency": "annual",
  "timestamp": "2025-09-19T14:08:14.533870",
  "data": {
    "financials": [
      {
        "costOfGoodsSold": 901.1,
        "depreciationAmortization": 305.9,
        "dilutedAverageSharesOutstanding": 142.8423,
        "dilutedEPS": 6.7,
        "ebit": 1254.2,
        "grossIncome": 1980.6,
        "interestIncomeExpense": -28.9,
        "minorityInterest": 0.7,
        "netIncome": 958.2,
        "netIncomeAfterTaxes": 950.7,
        "nonRecurringItems": 3.3,
        "otherOperatingExpensesTotal": 12.1,
        "period": "2024-12-31",
        "pretaxIncome": 1228.6,
        "provisionforIncomeTaxes": 277.9,
        "revenue": 2881.7,
        "sgaExpense": 408.4,
        "totalOperatingExpense": 726.4,
        "year": 2024
      },
      {
        "costOfGoodsSold": 876.5,
        "depreciationAmortization": 281.4,
        "dilutedAverageSharesOutstanding": 147.3362,
        "dilutedEPS": 4.17,
        "ebit": 1134.2,
        "grossIncome": 1804.9,
        "interestExpense": 115.5,
        "interestIncomeExpense": -104.5,
        "minorityInterest": 0.2,
        "netIncome": 614.6,
        "netIncomeAfterTaxes": 768.4,
        "nonRecurringItems": -2.5,
        "period": "2023-12-31",
        "pretaxIncome": 1027.2,
        "provisionforIncomeTaxes": 258.8,
        "revenue": 2681.4,
        "sgaExpense": 389.3,
        "totalOperatingExpense": 670.7,
        "year": 2023
      },
      {
        "costOfGoodsSold": 824.6,
        "depreciationAmortization": 238.6,
        "dilutedAverageSharesOutstanding": 158.9289,
        "dilutedEPS": 6,
        "ebit": 1406.5,
        "grossIncome": 1672.4,
        "interestExpense": 138.8,
        "interestIncomeExpense": -144.1,
        "minorityInterest": -0.4,
        "netIncome": 953.9,
        "netIncomeAfterTaxes": 1042.1,
        "otherOperatingExpensesTotal": -354.2,
        "period": "2022-12-31",
        "pretaxIncome": 1262.4,
        "provisionforIncomeTaxes": 220.3,
        "revenue": 2497,
        "sgaExpense": 381.5,
        "totalOperatingExpense": 265.9,
        "year": 2022
      },
      {
        "costOfGoodsSold": 853.7,
        "depreciationAmortization": 250.2,
        "dilutedAverageSharesOutstanding": 163.3389,
        "dilutedEPS": 4.07,
        "ebit": 911.4,
        "grossIncome": 1608.8,
        "interestExpense": 127,
        "interestIncomeExpense": -124.9,
        "minorityInterest": -0.1,
        "netIncome": 666.2,
        "netIncomeAfterTaxes": 607.1,
        "otherOperatingExpensesTotal": 134,
        "period": "2021-12-31",
        "pretaxIncome": 786.5,
        "provisionforIncomeTaxes": 179.4,
        "revenue": 2462.5,
        "sgaExpense": 313.2,
        "totalOperatingExpense": 697.4,
        "year": 2021
      },
      {
        "costOfGoodsSold": 993.9,
        "depreciationAmortization": 358.1,
        "dilutedAverageSharesOutstanding": 165.3,
        "dilutedEPS": 4.31,
        "ebit": 1038.1,
        "grossIncome": 1790.7,
        "interestExpense": 138.3,
        "interestIncomeExpense": -140.6,
        "netIncome": 712.7,
        "netIncomeAfterTaxes": 712.7,
        "otherOperatingExpensesTotal": -19.4,
        "period": "2020-12-31",
        "pretaxIncome": 897.5,
        "provisionforIncomeTaxes": 184.8,
        "revenue": 2784.6,
        "sgaExpense": 413.9,
        "totalOperatingExpense": 752.6,
        "year": 2020
      },
      {
        "costOfGoodsSold": 976.8,
        "depreciationAmortization": 323.7,
        "dilutedAverageSharesOutstanding": 166.6,
        "dilutedEPS": 2.7,
        "ebit": 736.4,
        "grossIncome": 1630.3,
        "interestExpense": 126.8,
        "interestIncomeExpense": -128.5,
        "netIncome": 449.9,
        "netIncomeAfterTaxes": 449.9,
        "nonRecurringItems": -39.5,
        "otherOperatingExpensesTotal": 6.2,
        "period": "2019-12-31",
        "pretaxIncome": 568.4,
        "provisionforIncomeTaxes": 118.5,
        "revenue": 2607.1,
        "sgaExpense": 564,
        "totalOperatingExpense": 893.9,
        "year": 2019
      },
      {
        "costOfGoodsSold": 886.2,
        "depreciationAmortization": 296.1,
        "dilutedAverageSharesOutstanding": 168.3,
        "dilutedEPS": 3.56,
        "ebit": 834.1,
        "grossIncome": 1508.9,
        "interestExpense": 129.7,
        "interestIncomeExpense": -114.4,
        "netIncome": 598.7,
        "netIncomeAfterTaxes": 599.7,
        "period": "2018-12-31",
        "pretaxIncome": 719.7,
        "provisionforIncomeTaxes": 120,
        "revenue": 2395.1,
        "sgaExpense": 378.7,
        "totalOperatingExpense": 674.8,
        "year": 2018
      },
      {
        "costOfGoodsSold": 783.8,
        "depreciationAmortization": 237.4,
        "dilutedAverageSharesOutstanding": 168.7,
        "dilutedEPS": 3.29,
        "ebit": 801.2,
        "grossIncome": 1361.4,
        "interestExpense": 119.4,
        "interestIncomeExpense": -110.2,
        "netIncome": 555.1,
        "netIncomeAfterTaxes": 466,
        "period": "2017-12-31",
        "pretaxIncome": 691,
        "provisionforIncomeTaxes": 225,
        "revenue": 2145.2,
        "sgaExpense": 322.8,
        "totalOperatingExpense": 560.2,
        "year": 2017
      },
      {
        "costOfGoodsSold": 714.4,
        "depreciationAmortization": 211.6,
        "dilutedAverageSharesOutstanding": 171.2,
        "dilutedEPS": 3.45,
        "ebit": 767.6,
        "grossIncome": 1280.8,
        "interestExpense": 120,
        "interestIncomeExpense": -113.9,
        "netIncome": 591.2,
        "netIncomeAfterTaxes": 451.5,
        "period": "2016-12-31",
        "pretaxIncome": 653.7,
        "provisionforIncomeTaxes": 202.2,
        "revenue": 1995.2,
        "sgaExpense": 301.6,
        "totalOperatingExpense": 513.2,
        "year": 2016
      },
      {
        "costOfGoodsSold": 612,
        "depreciationAmortization": 167,
        "dilutedAverageSharesOutstanding": 168.5,
        "dilutedEPS": 3.01,
        "ebit": 703.4,
        "grossIncome": 1148.7,
        "interestExpense": 121.4,
        "interestIncomeExpense": -19.3,
        "netIncome": 507.6,
        "netIncomeAfterTaxes": 487.5,
        "period": "2015-12-31",
        "pretaxIncome": 684.1,
        "provisionforIncomeTaxes": 196.6,
        "revenue": 1760.7,
        "sgaExpense": 278.3,
        "totalOperatingExpense": 445.3,
        "year": 2015
      }
    ],
    "symbol": "VRSK"
  }
}