{
  "symbol": "MSCI",
  "statement": "ic",
  "frequency": "quarterly",
  "timestamp": "2025-09-19T14:04:25.298179",
  "data": {
    "financials": [
      {
        "costOfGoodsSold": 137.667,
        "depreciationAmortization": 49.145,
        "dilutedAverageSharesOutstanding": 77.496,
        "dilutedEPS": 3.92,
        "ebit": 425.234,
        "grossIncome": 635.012,
        "interestExpense": 46.184,
        "interestIncomeExpense": -43.255,
        "netIncome": 303.65,
        "netIncomeAfterTaxes": 303.65,
        "period": "2025-06-30",
        "pretaxIncome": 377.84,
        "provisionforIncomeTaxes": 74.19,
        "researchDevelopment": 44.074,
        "revenue": 772.679,
        "sgaExpense": 116.559,
        "totalOperatingExpense": 209.778,
        "totalOtherIncomeExpenseNet": -4.139
      },
      {
        "costOfGoodsSold": 136.79,
        "depreciationAmortization": 48.618,
        "dilutedAverageSharesOutstanding": 77.807,
        "dilutedEPS": 3.71,
        "ebit": 377.023,
        "grossIncome": 609.036,
        "interestExpense": 46.492,
        "interestIncomeExpense": -42.616,
        "netIncome": 288.6,
        "netIncomeAfterTaxes": 288.6,
        "period": "2025-03-31",
        "pretaxIncome": 331.07,
        "provisionforIncomeTaxes": 42.47,
        "researchDevelopment": 47.591,
        "revenue": 745.826,
        "sgaExpense": 135.804,
        "totalOperatingExpense": 232.013,
        "totalOtherIncomeExpenseNet": -3.337
      },
      {
        "costOfGoodsSold": 131.567,
        "depreciationAmortization": 47.06,
        "dilutedAverageSharesOutstanding": 78.363,
        "dilutedEPS": 3.9,
        "ebit": 405.194,
        "grossIncome": 611.942,
        "interestExpense": 45.505,
        "interestIncomeExpense": -41.603,
        "netIncome": 305.515,
        "netIncomeAfterTaxes": 305.515,
        "period": "2024-12-31",
        "pretaxIncome": 363.345,
        "provisionforIncomeTaxes": 57.83,
        "researchDevelopment": 38.471,
        "revenue": 743.509,
        "sgaExpense": 121.217,
        "totalOperatingExpense": 206.748,
        "totalOtherIncomeExpenseNet": -0.246
      },
      {
        "costOfGoodsSold": 126.192,
        "depreciationAmortization": 46.271,
        "dilutedAverageSharesOutstanding": 78.729,
        "dilutedEPS": 3.57,
        "ebit": 401.334,
        "grossIncome": 598.513,
        "interestExpense": 46.688,
        "interestIncomeExpense": -41.471,
        "netIncome": 280.901,
        "netIncomeAfterTaxes": 280.901,
        "period": "2024-09-30",
        "pretaxIncome": 356.936,
        "provisionforIncomeTaxes": 76.035,
        "researchDevelopment": 38.584,
        "revenue": 724.705,
        "sgaExpense": 112.324,
        "totalOperatingExpense": 197.179,
        "totalOtherIncomeExpenseNet": -2.927
      },
      {
        "costOfGoodsSold": 128.109,
        "depreciationAmortization": 44.999,
        "dilutedAverageSharesOutstanding": 79.245,
        "dilutedEPS": 3.37,
        "ebit": 382.608,
        "grossIncome": 579.84,
        "interestExpense": 46.633,
        "interestIncomeExpense": -40.523,
        "netIncome": 266.758,
        "netIncomeAfterTaxes": 266.758,
        "period": "2024-06-30",
        "pretaxIncome": 339.994,
        "provisionforIncomeTaxes": 73.236,
        "researchDevelopment": 41.073,
        "revenue": 707.949,
        "sgaExpense": 111.16,
        "totalOperatingExpense": 197.232,
        "totalOtherIncomeExpenseNet": -2.091
      },
      {
        "costOfGoodsSold": 128.514,
        "depreciationAmortization": 42.685,
        "dilutedAverageSharesOutstanding": 79.508,
        "dilutedEPS": 3.22,
        "ebit": 339.382,
        "grossIncome": 551.451,
        "interestExpense": 46.674,
        "interestIncomeExpense": -40.626,
        "netIncome": 255.954,
        "netIncomeAfterTaxes": 255.954,
        "period": "2024-03-31",
        "pretaxIncome": 295.893,
        "provisionforIncomeTaxes": 39.939,
        "researchDevelopment": 40.525,
        "revenue": 679.965,
        "sgaExpense": 128.859,
        "totalOperatingExpense": 212.069,
        "totalOtherIncomeExpenseNet": -2.863
      },
      {
        "costOfGoodsSold": 122.557,
        "depreciationAmortization": 41.984,
        "dilutedAverageSharesOutstanding": 79.495,
        "dilutedEPS": 5.07,
        "ebit": 370.745,
        "grossIncome": 567.549,
        "interestExpense": 46.954,
        "interestIncomeExpense": 99.475,
        "netIncome": 403.38,
        "netIncomeAfterTaxes": 403.38,
        "period": "2023-12-31",
        "pretaxIncome": 467.875,
        "provisionforIncomeTaxes": 64.495,
        "researchDevelopment": 39.22,
        "revenue": 690.106,
        "sgaExpense": 115.6,
        "totalOperatingExpense": 196.804,
        "totalOtherIncomeExpenseNet": -2.345
      },
      {
        "costOfGoodsSold": 105.311,
        "depreciationAmortization": 31.974,
        "dilutedAverageSharesOutstanding": 79.5,
        "dilutedEPS": 3.27,
        "ebit": 353.309,
        "grossIncome": 520.128,
        "interestExpense": 46.902,
        "interestIncomeExpense": -36.588,
        "netIncome": 259.659,
        "netIncomeAfterTaxes": 259.659,
        "period": "2023-09-30",
        "pretaxIncome": 317.656,
        "provisionforIncomeTaxes": 57.997,
        "researchDevelopment": 31.438,
        "revenue": 625.439,
        "sgaExpense": 103.407,
        "totalOperatingExpense": 166.819,
        "totalOtherIncomeExpenseNet": 0.935
      },
      {
        "costOfGoodsSold": 110.066,
        "depreciationAmortization": 31.353,
        "dilutedAverageSharesOutstanding": 79.905,
        "dilutedEPS": 3.09,
        "ebit": 345.953,
        "grossIncome": 511.091,
        "interestExpense": 46.617,
        "interestIncomeExpense": -36.214,
        "netIncome": 246.825,
        "netIncomeAfterTaxes": 246.825,
        "period": "2023-06-30",
        "pretaxIncome": 307.158,
        "provisionforIncomeTaxes": 60.333,
        "researchDevelopment": 30.14,
        "revenue": 621.157,
        "sgaExpense": 103.645,
        "totalOperatingExpense": 165.138,
        "totalOtherIncomeExpenseNet": -2.581
      },
      {
        "costOfGoodsSold": 108.647,
        "depreciationAmortization": 30.127,
        "dilutedAverageSharesOutstanding": 80.482,
        "dilutedEPS": 2.97,
        "ebit": 314.602,
        "grossIncome": 483.571,
        "interestExpense": 46.206,
        "interestIncomeExpense": -35.844,
        "netIncome": 238.728,
        "netIncomeAfterTaxes": 238.728,
        "period": "2023-03-31",
        "pretaxIncome": 276.372,
        "provisionforIncomeTaxes": 37.644,
        "researchDevelopment": 31.323,
        "revenue": 592.218,
        "sgaExpense": 107.519,
        "totalOperatingExpense": 168.969,
        "totalOtherIncomeExpenseNet": -2.386
      },
      {
        "costOfGoodsSold": 102.384,
        "depreciationAmortization": 30.272,
        "dilutedAverageSharesOutstanding": 80.417,
        "dilutedEPS": 2.67,
        "ebit": 308.75,
        "grossIncome": 473.824,
        "interestExpense": 45.61,
        "interestIncomeExpense": -39.001,
        "netIncome": 214.971,
        "netIncomeAfterTaxes": 214.971,
        "period": "2022-12-31",
        "pretaxIncome": 265.662,
        "provisionforIncomeTaxes": 50.691,
        "researchDevelopment": 29.026,
        "revenue": 576.208,
        "sgaExpense": 105.776,
        "totalOperatingExpense": 165.074,
        "totalOtherIncomeExpenseNet": -4.087
      },
      {
        "costOfGoodsSold": 98.418,
        "depreciationAmortization": 30.502,
        "dilutedAverageSharesOutstanding": 80.874,
        "dilutedEPS": 2.68,
        "ebit": 309.531,
        "grossIncome": 462.221,
        "interestExpense": 44.162,
        "interestIncomeExpense": -40.224,
        "netIncome": 216.592,
        "netIncomeAfterTaxes": 216.592,
        "period": "2022-09-30",
        "pretaxIncome": 269.204,
        "provisionforIncomeTaxes": 52.612,
        "researchDevelopment": 25.941,
        "revenue": 560.639,
        "sgaExpense": 96.247,
        "totalOperatingExpense": 152.69,
        "totalOtherIncomeExpenseNet": -0.103
      },
      {
        "costOfGoodsSold": 100.768,
        "depreciationAmortization": 28.944,
        "dilutedAverageSharesOutstanding": 81.295,
        "dilutedEPS": 2.59,
        "ebit": 300.381,
        "grossIncome": 451.038,
        "interestExpense": 41.085,
        "interestIncomeExpense": -40.161,
        "netIncome": 210.587,
        "netIncomeAfterTaxes": 210.587,
        "period": "2022-06-30",
        "pretaxIncome": 260.032,
        "provisionforIncomeTaxes": 49.445,
        "researchDevelopment": 23.916,
        "revenue": 551.806,
        "sgaExpense": 97.797,
        "totalOperatingExpense": 150.657,
        "totalOtherIncomeExpenseNet": -0.188
      },
      {
        "costOfGoodsSold": 102.771,
        "depreciationAmortization": 28.254,
        "dilutedAverageSharesOutstanding": 82.286,
        "dilutedEPS": 2.78,
        "ebit": 288.978,
        "grossIncome": 457.174,
        "interestExpense": 40.714,
        "interestIncomeExpense": -40.416,
        "netIncome": 228.423,
        "netIncomeAfterTaxes": 228.423,
        "period": "2022-03-31",
        "pretaxIncome": 248.943,
        "provisionforIncomeTaxes": 20.52,
        "researchDevelopment": 28.322,
        "revenue": 559.945,
        "sgaExpense": 111.62,
        "totalOperatingExpense": 168.196,
        "totalOtherIncomeExpenseNet": 0.381
      },
      {
        "costOfGoodsSold": 95.903,
        "depreciationAmortization": 28.952,
        "dilutedAverageSharesOutstanding": 83.578,
        "dilutedEPS": 2.32,
        "ebit": 280.587,
        "grossIncome": 453.939,
        "interestExpense": 40.336,
        "interestIncomeExpense": -39.968,
        "netIncome": 193.865,
        "netIncomeAfterTaxes": 193.865,
        "nonRecurringItems": 21.8,
        "period": "2021-12-31",
        "pretaxIncome": 245.763,
        "provisionforIncomeTaxes": 51.898,
        "researchDevelopment": 30.819,
        "revenue": 549.842,
        "sgaExpense": 113.581,
        "totalOperatingExpense": 173.352,
        "totalOtherIncomeExpenseNet": -16.656
      },
      {
        "costOfGoodsSold": 89.674,
        "depreciationAmortization": 20.914,
        "dilutedAverageSharesOutstanding": 83.554,
        "dilutedEPS": 2.03,
        "ebit": 280.23,
        "grossIncome": 427.425,
        "interestExpense": 42.137,
        "interestIncomeExpense": -41.741,
        "netIncome": 169.876,
        "netIncomeAfterTaxes": 169.876,
        "nonRecurringItems": -37.3,
        "period": "2021-09-30",
        "pretaxIncome": 200.65,
        "provisionforIncomeTaxes": 30.774,
        "researchDevelopment": 28.352,
        "revenue": 517.099,
        "sgaExpense": 97.929,
        "totalOperatingExpense": 147.195,
        "totalOtherIncomeExpenseNet": -0.539
      },
      {
        "costOfGoodsSold": 87.327,
        "depreciationAmortization": 37.416,
        "dilutedAverageSharesOutstanding": 83.295,
        "dilutedEPS": 1.99,
        "ebit": 257.533,
        "grossIncome": 410.853,
        "interestExpense": 39.557,
        "interestIncomeExpense": -39.21,
        "netIncome": 165.423,
        "netIncomeAfterTaxes": 165.423,
        "nonRecurringItems": -21.8,
        "period": "2021-06-30",
        "pretaxIncome": 195.695,
        "provisionforIncomeTaxes": 30.272,
        "researchDevelopment": 27.531,
        "revenue": 498.18,
        "sgaExpense": 88.373,
        "totalOperatingExpense": 153.32,
        "totalOtherIncomeExpenseNet": -0.828
      },
      {
        "costOfGoodsSold": 85.78,
        "depreciationAmortization": 22.211,
        "dilutedAverageSharesOutstanding": 83.493,
        "dilutedEPS": 2.36,
        "ebit": 254.375,
        "grossIncome": 392.643,
        "interestExpense": 37.584,
        "interestIncomeExpense": -37.198,
        "netIncome": 196.819,
        "netIncomeAfterTaxes": 196.819,
        "period": "2021-03-31",
        "pretaxIncome": 216.028,
        "provisionforIncomeTaxes": 19.209,
        "researchDevelopment": 24.862,
        "revenue": 478.423,
        "sgaExpense": 91.195,
        "totalOperatingExpense": 138.268,
        "totalOtherIncomeExpenseNet": -1.149
      },
      {
        "costOfGoodsSold": 75.935,
        "depreciationAmortization": 22.051,
        "dilutedAverageSharesOutstanding": 83.701,
        "dilutedEPS": 1.87,
        "ebit": 234.085,
        "grossIncome": 367.726,
        "interestExpense": 37.33,
        "interestIncomeExpense": -37.029,
        "netIncome": 156.216,
        "netIncomeAfterTaxes": 156.216,
        "nonRecurringItems": 0,
        "period": "2020-12-31",
        "pretaxIncome": 195.166,
        "provisionforIncomeTaxes": 38.95,
        "researchDevelopment": 27.056,
        "revenue": 443.661,
        "sgaExpense": 84.534,
        "totalOperatingExpense": 133.641,
        "totalOtherIncomeExpenseNet": -1.89
      },
      {
        "costOfGoodsSold": 70.704,
        "depreciationAmortization": 21.827,
        "dilutedAverageSharesOutstanding": 84.479,
        "dilutedEPS": 2.15,
        "ebit": 227.62,
        "grossIncome": 354.629,
        "interestExpense": 37.536,
        "interestIncomeExpense": -37.061,
        "netIncome": 182.358,
        "netIncomeAfterTaxes": 176.858,
        "nonRecurringItems": 0,
        "period": "2020-09-30",
        "pretaxIncome": 189.043,
        "provisionforIncomeTaxes": 12.185,
        "researchDevelopment": 24.901,
        "revenue": 425.333,
        "sgaExpense": 80.281,
        "totalOperatingExpense": 127.009,
        "totalOtherIncomeExpenseNet": -1.516
      },
      {
        "costOfGoodsSold": 70.456,
        "depreciationAmortization": 21.525,
        "dilutedAverageSharesOutstanding": 84.349,
        "dilutedEPS": 1.36,
        "ebit": 215.175,
        "grossIncome": 339.16,
        "interestExpense": 41.227,
        "interestIncomeExpense": -40.456,
        "netIncome": 115.123,
        "netIncomeAfterTaxes": 115.123,
        "nonRecurringItems": -35,
        "period": "2020-06-30",
        "pretaxIncome": 139.167,
        "provisionforIncomeTaxes": 24.044,
        "researchDevelopment": 22.534,
        "revenue": 409.616,
        "sgaExpense": 79.926,
        "totalOperatingExpense": 123.985,
        "totalOtherIncomeExpenseNet": -0.552
      },
      {
        "costOfGoodsSold": 74.609,
        "depreciationAmortization": 21.343,
        "dilutedAverageSharesOutstanding": 85.548,
        "dilutedEPS": 1.72,
        "ebit": 207.884,
        "grossIncome": 342.171,
        "interestExpense": 40.231,
        "interestIncomeExpense": -36.748,
        "netIncome": 148.125,
        "netIncomeAfterTaxes": 147.325,
        "nonRecurringItems": -10,
        "period": "2020-03-31",
        "pretaxIncome": 162.849,
        "provisionforIncomeTaxes": 15.524,
        "researchDevelopment": 26.562,
        "revenue": 416.78,
        "sgaExpense": 86.382,
        "totalOperatingExpense": 134.287,
        "totalOtherIncomeExpenseNet": 1.713
      },
      {
        "costOfGoodsSold": 70.154,
        "depreciationAmortization": 20.778,
        "dilutedAverageSharesOutstanding": 85.545,
        "dilutedEPS": 1.44,
        "ebit": 199.429,
        "grossIncome": 336.452,
        "interestExpense": 40.289,
        "interestIncomeExpense": -34.99,
        "netIncome": 122.783,
        "netIncomeAfterTaxes": 122.783,
        "period": "2019-12-31",
        "pretaxIncome": 146.533,
        "provisionforIncomeTaxes": 23.75,
        "researchDevelopment": 27.1,
        "revenue": 406.606,
        "sgaExpense": 89.145,
        "totalOperatingExpense": 137.023,
        "totalOtherIncomeExpenseNet": -17.906
      },
      {
        "costOfGoodsSold": 70.486,
        "depreciationAmortization": 19.57,
        "dilutedAverageSharesOutstanding": 85.55,
        "dilutedEPS": 1.6,
        "ebit": 201.219,
        "grossIncome": 323.765,
        "interestExpense": 35.922,
        "interestIncomeExpense": -32.249,
        "netIncome": 136.983,
        "netIncomeAfterTaxes": 136.983,
        "period": "2019-09-30",
        "pretaxIncome": 168.748,
        "provisionforIncomeTaxes": 31.765,
        "researchDevelopment": 24.31,
        "revenue": 394.251,
        "sgaExpense": 78.666,
        "totalOperatingExpense": 122.546,
        "totalOtherIncomeExpenseNet": -0.222
      },
      {
        "costOfGoodsSold": 71.975,
        "depreciationAmortization": 19.418,
        "dilutedAverageSharesOutstanding": 85.395,
        "dilutedEPS": 1.47,
        "ebit": 192.378,
        "grossIncome": 313.583,
        "interestExpense": 35.915,
        "interestIncomeExpense": -32.57,
        "netIncome": 125.69,
        "netIncomeAfterTaxes": 125.69,
        "period": "2019-06-30",
        "pretaxIncome": 159.745,
        "provisionforIncomeTaxes": 34.055,
        "researchDevelopment": 23.752,
        "revenue": 385.558,
        "sgaExpense": 78.035,
        "totalOperatingExpense": 121.205,
        "totalOtherIncomeExpenseNet": -0.063
      },
      {
        "costOfGoodsSold": 82.346,
        "depreciationAmortization": 19.643,
        "dilutedAverageSharesOutstanding": 85.649,
        "dilutedEPS": 2.08,
        "ebit": 162.675,
        "grossIncome": 289.035,
        "interestExpense": 35.915,
        "interestIncomeExpense": -31.829,
        "netIncome": 178.192,
        "netIncomeAfterTaxes": 178.192,
        "period": "2019-03-31",
        "pretaxIncome": 128.292,
        "provisionforIncomeTaxes": -49.9,
        "researchDevelopment": 23.172,
        "revenue": 371.381,
        "sgaExpense": 83.545,
        "totalOperatingExpense": 126.36,
        "totalOtherIncomeExpenseNet": -2.554
      },
      {
        "costOfGoodsSold": 73.757,
        "depreciationAmortization": 19.944,
        "dilutedAverageSharesOutstanding": 83.275,
        "dilutedEPS": 1.82,
        "ebit": 169.818,
        "grossIncome": 287.931,
        "interestExpense": 35.891,
        "interestIncomeExpense": -29.795,
        "netIncome": 152.132,
        "netIncomeAfterTaxes": 142.532,
        "period": "2018-12-31",
        "pretaxIncome": 187.289,
        "provisionforIncomeTaxes": 44.757,
        "researchDevelopment": 20.312,
        "revenue": 361.688,
        "sgaExpense": 77.857,
        "totalOperatingExpense": 118.113,
        "totalOtherIncomeExpenseNet": 47.266
      },
      {
        "costOfGoodsSold": 70.906,
        "depreciationAmortization": 19.134,
        "dilutedAverageSharesOutstanding": 91.372,
        "dilutedEPS": 1.36,
        "ebit": 176.403,
        "grossIncome": 287.028,
        "interestExpense": 35.902,
        "interestIncomeExpense": -29.38,
        "netIncome": 123.832,
        "netIncomeAfterTaxes": 123.832,
        "period": "2018-09-30",
        "pretaxIncome": 146.846,
        "provisionforIncomeTaxes": 23.014,
        "researchDevelopment": 20.591,
        "revenue": 357.934,
        "sgaExpense": 70.9,
        "totalOperatingExpense": 110.625,
        "totalOtherIncomeExpenseNet": -0.177
      },
      {
        "costOfGoodsSold": 71.368,
        "depreciationAmortization": 26.914,
        "dilutedAverageSharesOutstanding": 91.586,
        "dilutedEPS": 1.28,
        "ebit": 173.511,
        "grossIncome": 291.678,
        "interestExpense": 31.761,
        "interestIncomeExpense": -27.48,
        "netIncome": 116.829,
        "netIncomeAfterTaxes": 116.829,
        "period": "2018-06-30",
        "pretaxIncome": 156.323,
        "provisionforIncomeTaxes": 39.494,
        "researchDevelopment": 19.801,
        "revenue": 363.046,
        "sgaExpense": 71.452,
        "totalOperatingExpense": 118.167,
        "totalOtherIncomeExpenseNet": 10.292
      },
      {
        "costOfGoodsSold": 71.304,
        "depreciationAmortization": 19.543,
        "dilutedAverageSharesOutstanding": 92.587,
        "dilutedEPS": 1.23,
        "ebit": 167.166,
        "grossIncome": 280.012,
        "interestExpense": 29.56,
        "interestIncomeExpense": -26.79,
        "netIncome": 115.092,
        "netIncomeAfterTaxes": 113.492,
        "period": "2018-03-31",
        "pretaxIncome": 139.438,
        "provisionforIncomeTaxes": 25.946,
        "researchDevelopment": 20.707,
        "revenue": 351.316,
        "sgaExpense": 72.596,
        "totalOperatingExpense": 112.846,
        "totalOtherIncomeExpenseNet": -0.938
      },
      {
        "costOfGoodsSold": 69.247,
        "depreciationAmortization": 19.678,
        "dilutedAverageSharesOutstanding": 92.463,
        "dilutedEPS": 0.69,
        "ebit": 154.139,
        "grossIncome": 265.532,
        "interestExpense": 29.027,
        "interestIncomeExpense": -26.79,
        "netIncome": 64.602,
        "netIncomeAfterTaxes": 99.102,
        "period": "2017-12-31",
        "pretaxIncome": 126.96,
        "provisionforIncomeTaxes": 27.858,
        "researchDevelopment": 20.709,
        "revenue": 334.779,
        "sgaExpense": 71.006,
        "totalOperatingExpense": 111.393,
        "totalOtherIncomeExpenseNet": -0.389
      },
      {
        "costOfGoodsSold": 68.433,
        "depreciationAmortization": 19.939,
        "dilutedAverageSharesOutstanding": 91.868,
        "dilutedEPS": 0.93,
        "ebit": 148.799,
        "grossIncome": 253.664,
        "interestExpense": 29.02,
        "interestIncomeExpense": -27.185,
        "netIncome": 85.153,
        "netIncomeAfterTaxes": 85.153,
        "period": "2017-09-30",
        "pretaxIncome": 120.803,
        "provisionforIncomeTaxes": 35.65,
        "researchDevelopment": 17.974,
        "revenue": 322.097,
        "sgaExpense": 66.952,
        "totalOperatingExpense": 104.865,
        "totalOtherIncomeExpenseNet": -0.811
      },
      {
        "costOfGoodsSold": 68.538,
        "depreciationAmortization": 20.281,
        "dilutedAverageSharesOutstanding": 91.708,
        "dilutedEPS": 0.89,
        "ebit": 146.1,
        "grossIncome": 247.551,
        "interestExpense": 29.027,
        "interestIncomeExpense": -27.717,
        "netIncome": 81.266,
        "netIncomeAfterTaxes": 81.266,
        "period": "2017-06-30",
        "pretaxIncome": 117.511,
        "provisionforIncomeTaxes": 36.245,
        "researchDevelopment": 18.196,
        "revenue": 316.089,
        "sgaExpense": 62.974,
        "totalOperatingExpense": 101.451,
        "totalOtherIncomeExpenseNet": -0.872
      },
      {
        "costOfGoodsSold": 67.521,
        "depreciationAmortization": 20.089,
        "dilutedAverageSharesOutstanding": 91.624,
        "dilutedEPS": 0.8,
        "ebit": 130.602,
        "grossIncome": 233.686,
        "interestExpense": 29.024,
        "interestIncomeExpense": -28.426,
        "netIncome": 72.951,
        "netIncomeAfterTaxes": 72.951,
        "period": "2017-03-31",
        "pretaxIncome": 101.625,
        "provisionforIncomeTaxes": 28.674,
        "researchDevelopment": 18.977,
        "revenue": 301.207,
        "sgaExpense": 64.018,
        "totalOperatingExpense": 103.084,
        "totalOtherIncomeExpenseNet": -0.551
      },
      {
        "costOfGoodsSold": 63.819,
        "depreciationAmortization": 20.945,
        "dilutedAverageSharesOutstanding": 93.825,
        "dilutedEPS": 0.73,
        "ebit": 126.012,
        "grossIncome": 228.993,
        "interestExpense": 29.039,
        "interestIncomeExpense": -27.697,
        "netIncome": 68.25,
        "netIncomeAfterTaxes": 68.25,
        "period": "2016-12-31",
        "pretaxIncome": 97.095,
        "provisionforIncomeTaxes": 28.845,
        "researchDevelopment": 18.96,
        "revenue": 292.812,
        "sgaExpense": 63.076,
        "totalOperatingExpense": 102.981,
        "totalOtherIncomeExpenseNet": -1.22
      },
      {
        "costOfGoodsSold": 62.986,
        "depreciationAmortization": 20.064,
        "dilutedAverageSharesOutstanding": 95.473,
        "dilutedEPS": 0.68,
        "ebit": 123.26,
        "grossIncome": 225.447,
        "interestExpense": 26.79,
        "interestIncomeExpense": -25.78,
        "netIncome": 65.281,
        "netIncomeAfterTaxes": 65.281,
        "period": "2016-09-30",
        "pretaxIncome": 97.522,
        "provisionforIncomeTaxes": 32.241,
        "researchDevelopment": 18.75,
        "revenue": 288.433,
        "sgaExpense": 63.373,
        "totalOperatingExpense": 102.187,
        "totalOtherIncomeExpenseNet": 0.042
      },
      {
        "costOfGoodsSold": 62.13,
        "depreciationAmortization": 20.336,
        "dilutedAverageSharesOutstanding": 96.888,
        "dilutedEPS": 0.69,
        "ebit": 125.691,
        "grossIncome": 228.466,
        "interestExpense": 22.918,
        "interestIncomeExpense": -21.633,
        "netIncome": 66.957,
        "netIncomeAfterTaxes": 66.957,
        "period": "2016-06-30",
        "pretaxIncome": 100.544,
        "provisionforIncomeTaxes": 33.587,
        "researchDevelopment": 18.566,
        "revenue": 290.596,
        "sgaExpense": 63.873,
        "totalOperatingExpense": 102.775,
        "totalOtherIncomeExpenseNet": -3.514
      },
      {
        "costOfGoodsSold": 63.172,
        "depreciationAmortization": 20.008,
        "dilutedAverageSharesOutstanding": 99.998,
        "dilutedEPS": 0.6,
        "ebit": 113.141,
        "grossIncome": 215.656,
        "interestExpense": 22.904,
        "interestIncomeExpense": -22.497,
        "netIncome": 60.367,
        "netIncomeAfterTaxes": 60.367,
        "period": "2016-03-31",
        "pretaxIncome": 90.777,
        "provisionforIncomeTaxes": 30.41,
        "researchDevelopment": 18.928,
        "revenue": 278.828,
        "sgaExpense": 63.579,
        "totalOperatingExpense": 102.515,
        "totalOtherIncomeExpenseNet": 0.133
      },
      {
        "costOfGoodsSold": 64.804,
        "depreciationAmortization": 19.371,
        "dilutedAverageSharesOutstanding": 103.851,
        "dilutedEPS": 0.58,
        "ebit": 107.543,
        "grossIncome": 208.089,
        "interestExpense": 22.896,
        "interestIncomeExpense": -22.038,
        "netIncome": 59.406,
        "netIncomeAfterTaxes": 59.999,
        "period": "2015-12-31",
        "pretaxIncome": 85.436,
        "provisionforIncomeTaxes": 25.437,
        "researchDevelopment": 17.776,
        "revenue": 272.893,
        "sgaExpense": 63.399,
        "totalOperatingExpense": 100.546,
        "totalOtherIncomeExpenseNet": -0.069
      },
      {
        "costOfGoodsSold": 65.593,
        "depreciationAmortization": 19.759,
        "dilutedAverageSharesOutstanding": 109.44,
        "dilutedEPS": 0.59,
        "ebit": 109.102,
        "grossIncome": 203.178,
        "interestExpense": 17.267,
        "interestIncomeExpense": -16.982,
        "netIncome": 64.398,
        "netIncomeAfterTaxes": 64.398,
        "period": "2015-09-30",
        "pretaxIncome": 99.042,
        "provisionforIncomeTaxes": 34.644,
        "researchDevelopment": 15.548,
        "revenue": 268.771,
        "sgaExpense": 58.769,
        "totalOperatingExpense": 94.076,
        "totalOtherIncomeExpenseNet": 6.922
      }
    ],
    "symbol": "MSCI"
  }
}