{
  "symbol": "PSKY",
  "statement": "ic",
  "frequency": "quarterly",
  "timestamp": "2025-09-19T14:05:16.902563",
  "data": {
    "financials": [
      {
        "costOfGoodsSold": 4624,
        "depreciationAmortization": 87,
        "dilutedAverageSharesOutstanding": 680,
        "dilutedEPS": 0.0838,
        "ebit": 737,
        "equityEarningsAffiliates": -67,
        "grossIncome": 2225,
        "interestExpense": 214,
        "interestIncomeExpense": -187,
        "minorityInterest": -4,
        "netIncome": 57,
        "netIncomeAfterTaxes": 128,
        "nonRecurringItems": -338,
        "period": "2025-06-30",
        "pretaxIncome": 178,
        "provisionforIncomeTaxes": 50,
        "revenue": 6849,
        "sgaExpense": 1401,
        "totalOperatingExpense": 1488,
        "totalOtherIncomeExpenseNet": -34
      },
      {
        "costOfGoodsSold": 4961,
        "depreciationAmortization": 88,
        "dilutedAverageSharesOutstanding": 678,
        "dilutedEPS": 0.2242,
        "ebit": 600,
        "equityEarningsAffiliates": -73,
        "grossIncome": 2231,
        "interestExpense": 217,
        "interestIncomeExpense": -182,
        "minorityInterest": -9,
        "netIncome": 152,
        "netIncomeAfterTaxes": 234,
        "nonRecurringItems": -50,
        "period": "2025-03-31",
        "pretaxIncome": 334,
        "provisionforIncomeTaxes": 100,
        "revenue": 7192,
        "sgaExpense": 1543,
        "totalOperatingExpense": 1631,
        "totalOtherIncomeExpenseNet": -34
      },
      {
        "costOfGoodsSold": 5692,
        "depreciationAmortization": 95,
        "dilutedAverageSharesOutstanding": 667,
        "dilutedEPS": -0.3358,
        "ebit": 311,
        "equityEarningsAffiliates": -70,
        "grossIncome": 2292,
        "interestExpense": 215,
        "interestIncomeExpense": -209,
        "minorityInterest": -2,
        "netIncome": -224,
        "netIncomeAfterTaxes": -152,
        "nonRecurringItems": -182,
        "period": "2024-12-31",
        "pretaxIncome": -115,
        "provisionforIncomeTaxes": 37,
        "revenue": 7984,
        "sgaExpense": 1886,
        "totalOperatingExpense": 1981,
        "totalOtherIncomeExpenseNet": -35
      },
      {
        "costOfGoodsSold": 4342,
        "depreciationAmortization": 96,
        "dilutedAverageSharesOutstanding": 667,
        "dilutedEPS": -0.006,
        "ebit": 762,
        "equityEarningsAffiliates": -59,
        "grossIncome": 2389,
        "interestExpense": 209,
        "interestIncomeExpense": -185,
        "minorityInterest": -20,
        "netIncome": 1,
        "netIncomeAfterTaxes": 75,
        "nonRecurringItems": -425,
        "period": "2024-09-30",
        "pretaxIncome": 120,
        "provisionforIncomeTaxes": 45,
        "revenue": 6731,
        "sgaExpense": 1531,
        "totalOperatingExpense": 1627,
        "totalOtherIncomeExpenseNet": -32
      },
      {
        "costOfGoodsSold": 4367,
        "depreciationAmortization": 101,
        "dilutedAverageSharesOutstanding": 667,
        "dilutedEPS": -8.1154,
        "ebit": 766,
        "equityEarningsAffiliates": -72,
        "grossIncome": 2446,
        "interestExpense": 215,
        "interestIncomeExpense": -195,
        "minorityInterest": -9,
        "netIncome": -5413,
        "netIncomeAfterTaxes": -5332,
        "nonRecurringItems": -6084,
        "period": "2024-06-30",
        "pretaxIncome": -5547,
        "provisionforIncomeTaxes": -215,
        "revenue": 6813,
        "sgaExpense": 1579,
        "totalOperatingExpense": 1680,
        "totalOtherIncomeExpenseNet": -34
      },
      {
        "costOfGoodsSold": 5036,
        "depreciationAmortization": 100,
        "dilutedAverageSharesOutstanding": 654,
        "dilutedEPS": -0.8823,
        "ebit": 887,
        "equityEarningsAffiliates": -90,
        "grossIncome": 2649,
        "interestExpense": 221,
        "interestIncomeExpense": -184,
        "minorityInterest": -10,
        "netIncome": -568,
        "netIncomeAfterTaxes": -463,
        "nonRecurringItems": -1304,
        "period": "2024-03-31",
        "pretaxIncome": -635,
        "provisionforIncomeTaxes": -172,
        "revenue": 7685,
        "sgaExpense": 1662,
        "totalOperatingExpense": 1762,
        "totalOtherIncomeExpenseNet": -34
      },
      {
        "costOfGoodsSold": 5145,
        "depreciationAmortization": 108,
        "dilutedAverageSharesOutstanding": 655,
        "dilutedEPS": 0.76,
        "ebit": 412,
        "equityEarningsAffiliates": -101,
        "grossIncome": 2493,
        "interestExpense": 222,
        "interestIncomeExpense": -210,
        "minorityInterest": -3,
        "netIncome": 499,
        "netIncomeAfterTaxes": 108,
        "nonRecurringItems": -19,
        "period": "2023-12-31",
        "pretaxIncome": 183,
        "provisionforIncomeTaxes": 75,
        "revenue": 7638,
        "sgaExpense": 1973,
        "totalOperatingExpense": 2081,
        "totalOtherIncomeExpenseNet": 0
      },
      {
        "costOfGoodsSold": 4681,
        "depreciationAmortization": 105,
        "dilutedAverageSharesOutstanding": 652,
        "dilutedEPS": 0.43,
        "ebit": 611,
        "equityEarningsAffiliates": -75,
        "grossIncome": 2452,
        "interestExpense": 232,
        "interestIncomeExpense": -207,
        "minorityInterest": -14,
        "netIncome": 281,
        "netIncomeAfterTaxes": 336,
        "nonRecurringItems": -28,
        "period": "2023-09-30",
        "pretaxIncome": 376,
        "provisionforIncomeTaxes": 40,
        "revenue": 7133,
        "sgaExpense": 1736,
        "totalOperatingExpense": 1841,
        "totalOtherIncomeExpenseNet": 0
      },
      {
        "costOfGoodsSold": 5924,
        "depreciationAmortization": 105,
        "dilutedAverageSharesOutstanding": 651,
        "dilutedEPS": -0.48,
        "ebit": -196,
        "equityEarningsAffiliates": -109,
        "grossIncome": 1692,
        "interestExpense": 240,
        "interestIncomeExpense": -64,
        "minorityInterest": -9,
        "netIncome": -313,
        "netIncomeAfterTaxes": -254,
        "nonRecurringItems": -54,
        "period": "2023-06-30",
        "pretaxIncome": -349,
        "provisionforIncomeTaxes": -95,
        "revenue": 7616,
        "sgaExpense": 1783,
        "totalOperatingExpense": 1888,
        "totalOtherIncomeExpenseNet": -35
      },
      {
        "costOfGoodsSold": 6638,
        "depreciationAmortization": 100,
        "dilutedAverageSharesOutstanding": 651,
        "dilutedEPS": -1.73,
        "ebit": -1226,
        "equityEarningsAffiliates": -75,
        "grossIncome": 627,
        "interestExpense": 226,
        "interestIncomeExpense": -200,
        "minorityInterest": -6,
        "netIncome": -1132,
        "netIncomeAfterTaxes": -1082,
        "nonRecurringItems": 0,
        "period": "2023-03-31",
        "pretaxIncome": -1463,
        "provisionforIncomeTaxes": -381,
        "revenue": 7265,
        "sgaExpense": 1753,
        "totalOperatingExpense": 1853,
        "totalOtherIncomeExpenseNet": -37
      },
      {
        "costOfGoodsSold": 5483,
        "depreciationAmortization": 123,
        "dilutedAverageSharesOutstanding": 649,
        "dilutedEPS": 0,
        "ebit": 491,
        "equityEarningsAffiliates": -80,
        "grossIncome": 2648,
        "interestExpense": 230,
        "interestIncomeExpense": -209,
        "minorityInterest": -88,
        "netIncome": 6,
        "netIncomeAfterTaxes": -9,
        "nonRecurringItems": -309,
        "period": "2022-12-31",
        "pretaxIncome": -46,
        "provisionforIncomeTaxes": -37,
        "revenue": 8131,
        "sgaExpense": 2034,
        "totalOperatingExpense": 2157,
        "totalOtherIncomeExpenseNet": -19
      },
      {
        "costOfGoodsSold": 4460,
        "depreciationAmortization": 92,
        "dilutedAverageSharesOutstanding": 650,
        "dilutedEPS": 0.33,
        "ebit": 694,
        "equityEarningsAffiliates": -58,
        "grossIncome": 2456,
        "interestExpense": 231,
        "interestIncomeExpense": -228,
        "minorityInterest": -11,
        "netIncome": 217,
        "netIncomeAfterTaxes": 222,
        "nonRecurringItems": -128,
        "period": "2022-09-30",
        "pretaxIncome": 323,
        "provisionforIncomeTaxes": 101,
        "revenue": 6916,
        "sgaExpense": 1670,
        "totalOperatingExpense": 1762,
        "totalOtherIncomeExpenseNet": -15
      },
      {
        "costOfGoodsSold": 5106,
        "depreciationAmortization": 94,
        "dilutedAverageSharesOutstanding": 650,
        "dilutedEPS": 0.62,
        "ebit": 869,
        "equityEarningsAffiliates": -29,
        "grossIncome": 2673,
        "interestExpense": 230,
        "interestIncomeExpense": -235,
        "minorityInterest": -3,
        "netIncome": 405,
        "netIncomeAfterTaxes": 390,
        "nonRecurringItems": -97,
        "period": "2022-06-30",
        "pretaxIncome": 519,
        "provisionforIncomeTaxes": 129,
        "revenue": 7779,
        "sgaExpense": 1710,
        "totalOperatingExpense": 1804,
        "totalOtherIncomeExpenseNet": -18
      },
      {
        "costOfGoodsSold": 4796,
        "depreciationAmortization": 96,
        "dilutedAverageSharesOutstanding": 651,
        "dilutedEPS": 0.64,
        "ebit": 817,
        "equityEarningsAffiliates": -37,
        "grossIncome": 2532,
        "interestExpense": 240,
        "interestIncomeExpense": -218,
        "minorityInterest": -8,
        "netIncome": 419,
        "netIncomeAfterTaxes": 436,
        "nonRecurringItems": -115,
        "period": "2022-03-31",
        "pretaxIncome": 470,
        "provisionforIncomeTaxes": 34,
        "revenue": 7328,
        "sgaExpense": 1619,
        "totalOperatingExpense": 1715,
        "totalOtherIncomeExpenseNet": -14
      },
      {
        "costOfGoodsSold": 5452,
        "depreciationAmortization": 101,
        "dilutedAverageSharesOutstanding": 688,
        "dilutedEPS": 2.97,
        "ebit": 456,
        "equityEarningsAffiliates": -11,
        "grossIncome": 2548,
        "interestExpense": 241,
        "interestIncomeExpense": -237,
        "minorityInterest": -50,
        "netIncome": 2043.8,
        "netIncomeAfterTaxes": 2083,
        "nonRecurringItems": 2208,
        "period": "2021-12-31",
        "pretaxIncome": 2417,
        "provisionforIncomeTaxes": 334,
        "revenue": 8000,
        "sgaExpense": 1991,
        "totalOperatingExpense": 2092,
        "totalOtherIncomeExpenseNet": -10
      },
      {
        "costOfGoodsSold": 4064,
        "depreciationAmortization": 95,
        "dilutedAverageSharesOutstanding": 651,
        "dilutedEPS": 0.8,
        "ebit": 925,
        "equityEarningsAffiliates": -18,
        "grossIncome": 2546,
        "interestExpense": 243,
        "interestIncomeExpense": -243,
        "minorityInterest": -13,
        "netIncome": 524,
        "netIncomeAfterTaxes": 496,
        "nonRecurringItems": -46,
        "period": "2021-09-30",
        "pretaxIncome": 616,
        "provisionforIncomeTaxes": 120,
        "revenue": 6610,
        "sgaExpense": 1526,
        "totalOperatingExpense": 1621,
        "totalOtherIncomeExpenseNet": -20
      },
      {
        "costOfGoodsSold": 3865,
        "depreciationAmortization": 95,
        "dilutedAverageSharesOutstanding": 662,
        "dilutedEPS": 1.54,
        "ebit": 1145,
        "equityEarningsAffiliates": -44,
        "grossIncome": 2699,
        "interestExpense": 243,
        "interestIncomeExpense": -198,
        "minorityInterest": -13,
        "netIncome": 1022,
        "netIncomeAfterTaxes": 1052,
        "nonRecurringItems": 81,
        "period": "2021-06-30",
        "pretaxIncome": 1018,
        "provisionforIncomeTaxes": -34,
        "revenue": 6564,
        "sgaExpense": 1459,
        "totalOperatingExpense": 1554,
        "totalOtherIncomeExpenseNet": -10
      },
      {
        "costOfGoodsSold": 4363,
        "depreciationAmortization": 99,
        "dilutedAverageSharesOutstanding": 631,
        "dilutedEPS": 1.4231,
        "ebit": 1528,
        "equityEarningsAffiliates": -18,
        "grossIncome": 3049,
        "interestExpense": 259,
        "interestIncomeExpense": -234,
        "minorityInterest": -12,
        "netIncome": 910,
        "netIncomeAfterTaxes": 929,
        "nonRecurringItems": -128,
        "period": "2021-03-31",
        "pretaxIncome": 1155,
        "provisionforIncomeTaxes": 226,
        "revenue": 7412,
        "sgaExpense": 1422,
        "totalOperatingExpense": 1521,
        "totalOtherIncomeExpenseNet": -11
      },
      {
        "costOfGoodsSold": 3770,
        "depreciationAmortization": 95,
        "dilutedAverageSharesOutstanding": 621,
        "dilutedEPS": 1.3,
        "ebit": 976,
        "equityEarningsAffiliates": 2,
        "grossIncome": 2455,
        "interestExpense": 268,
        "interestIncomeExpense": -82,
        "minorityInterest": -19,
        "netIncome": 810,
        "netIncomeAfterTaxes": 724,
        "nonRecurringItems": 1,
        "period": "2020-12-31",
        "pretaxIncome": 882,
        "provisionforIncomeTaxes": 158,
        "revenue": 6225,
        "sgaExpense": 1384,
        "totalOperatingExpense": 1479,
        "totalOtherIncomeExpenseNet": -13
      }
    ],
    "symbol": "PSKY"
  }
}