{
  "symbol": "MKC",
  "statement": "ic",
  "frequency": "annual",
  "timestamp": "2025-09-19T14:03:43.696420",
  "data": {
    "financials": [
      {
        "costOfGoodsSold": 4132.7,
        "dilutedAverageSharesOutstanding": 269.6,
        "dilutedEPS": 2.92,
        "ebit": 1069.8,
        "equityEarningsAffiliates": 74.2,
        "grossIncome": 2591,
        "interestExpense": 209.4,
        "interestIncomeExpense": -163.5,
        "netIncome": 788.5,
        "netIncomeAfterTaxes": 714.3,
        "nonRecurringItems": -9.5,
        "period": "2024-11-30",
        "pretaxIncome": 898.3,
        "provisionforIncomeTaxes": 184,
        "researchDevelopment": 102.9,
        "revenue": 6723.7,
        "sgaExpense": 1418.3,
        "totalOperatingExpense": 1521.2,
        "totalOtherIncomeExpenseNet": 1.5,
        "year": 2024
      },
      {
        "costOfGoodsSold": 4159.7,
        "dilutedAverageSharesOutstanding": 269.8,
        "dilutedEPS": 2.52,
        "ebit": 1024.2,
        "equityEarningsAffiliates": 56.4,
        "grossIncome": 2502.5,
        "interestExpense": 208.2,
        "interestIncomeExpense": -171.6,
        "netIncome": 680.6,
        "netIncomeAfterTaxes": 624.2,
        "nonRecurringItems": -62.4,
        "period": "2023-11-30",
        "pretaxIncome": 798.7,
        "provisionforIncomeTaxes": 174.5,
        "researchDevelopment": 94.9,
        "revenue": 6662.2,
        "sgaExpense": 1383.4,
        "totalOperatingExpense": 1478.3,
        "totalOtherIncomeExpenseNet": 8.5,
        "year": 2023
      },
      {
        "costOfGoodsSold": 4076,
        "dilutedAverageSharesOutstanding": 270.2,
        "dilutedEPS": 2.52,
        "ebit": 917.4,
        "equityEarningsAffiliates": 37.8,
        "grossIncome": 2274.5,
        "interestExpense": 149.1,
        "interestIncomeExpense": -112.6,
        "netIncome": 682,
        "netIncomeAfterTaxes": 644.2,
        "nonRecurringItems": -4.2,
        "period": "2022-11-30",
        "pretaxIncome": 812.8,
        "provisionforIncomeTaxes": 168.6,
        "researchDevelopment": 87.5,
        "revenue": 6350.5,
        "sgaExpense": 1269.6,
        "totalOperatingExpense": 1357.1,
        "totalOtherIncomeExpenseNet": 12.2,
        "year": 2022
      },
      {
        "costOfGoodsSold": 3812.3,
        "dilutedAverageSharesOutstanding": 269.9,
        "dilutedEPS": 2.8,
        "ebit": 1101.5,
        "equityEarningsAffiliates": 52.2,
        "grossIncome": 2505.6,
        "interestExpense": 136.6,
        "interestIncomeExpense": -127.3,
        "netIncome": 755.3,
        "netIncomeAfterTaxes": 703.1,
        "nonRecurringItems": -86.4,
        "period": "2021-11-30",
        "pretaxIncome": 895.8,
        "provisionforIncomeTaxes": 192.7,
        "researchDevelopment": 87.3,
        "revenue": 6317.9,
        "sgaExpense": 1316.8,
        "totalOperatingExpense": 1404.1,
        "totalOtherIncomeExpenseNet": 8,
        "year": 2021
      },
      {
        "costOfGoodsSold": 3300.9,
        "dilutedAverageSharesOutstanding": 269.1,
        "dilutedEPS": 2.78,
        "ebit": 1018.8,
        "equityEarningsAffiliates": 40.8,
        "grossIncome": 2300.4,
        "interestExpense": 135.6,
        "interestIncomeExpense": -127.8,
        "netIncome": 747.4,
        "netIncomeAfterTaxes": 706.6,
        "nonRecurringItems": -19.3,
        "period": "2020-11-30",
        "pretaxIncome": 881.5,
        "provisionforIncomeTaxes": 174.9,
        "researchDevelopment": 68.6,
        "revenue": 5601.3,
        "sgaExpense": 1213,
        "totalOperatingExpense": 1281.6,
        "totalOtherIncomeExpenseNet": 9.8,
        "year": 2020
      },
      {
        "costOfGoodsSold": 3202.1,
        "dilutedAverageSharesOutstanding": 268.2,
        "dilutedEPS": 2.61,
        "ebit": 978.5,
        "equityEarningsAffiliates": 40.9,
        "grossIncome": 2145.3,
        "interestExpense": 165.2,
        "interestIncomeExpense": -155.8,
        "netIncome": 702.7,
        "netIncomeAfterTaxes": 660.3,
        "nonRecurringItems": -20.8,
        "period": "2019-11-30",
        "pretaxIncome": 819.2,
        "provisionforIncomeTaxes": 158.9,
        "researchDevelopment": 67.3,
        "revenue": 5347.4,
        "sgaExpense": 1099.5,
        "totalOperatingExpense": 1166.8,
        "totalOtherIncomeExpenseNet": 17.3,
        "year": 2019
      },
      {
        "costOfGoodsSold": 3209.5,
        "dilutedAverageSharesOutstanding": 266.4,
        "dilutedEPS": 3.5,
        "ebit": 929.9,
        "equityEarningsAffiliates": 34.8,
        "grossIncome": 2093.3,
        "interestExpense": 174.5,
        "interestIncomeExpense": -167.7,
        "netIncome": 933.4,
        "netIncomeAfterTaxes": 597.1,
        "nonRecurringItems": -38.8,
        "period": "2018-11-30",
        "pretaxIncome": 741.3,
        "provisionforIncomeTaxes": 144.2,
        "researchDevelopment": 69.4,
        "revenue": 5302.8,
        "sgaExpense": 1094,
        "totalOperatingExpense": 1163.4,
        "totalOtherIncomeExpenseNet": 17.9,
        "year": 2018
      },
      {
        "costOfGoodsSold": 2936.3,
        "dilutedAverageSharesOutstanding": 256.8,
        "dilutedEPS": 1.86,
        "ebit": 762.8,
        "equityEarningsAffiliates": 33.9,
        "grossIncome": 1794,
        "interestExpense": 96.6,
        "interestIncomeExpense": -91.3,
        "netIncome": 477.4,
        "netIncomeAfterTaxes": 443.5,
        "nonRecurringItems": -63,
        "period": "2017-11-30",
        "pretaxIncome": 594.8,
        "provisionforIncomeTaxes": 151.3,
        "researchDevelopment": 66.1,
        "revenue": 4730.3,
        "sgaExpense": 965.1,
        "totalOperatingExpense": 1031.2,
        "totalOtherIncomeExpenseNet": -13.7,
        "year": 2017
      },
      {
        "costOfGoodsSold": 2579.8,
        "dilutedAverageSharesOutstanding": 256,
        "dilutedEPS": 1.84,
        "ebit": 662.2,
        "equityEarningsAffiliates": 36.1,
        "grossIncome": 1831.7,
        "interestExpense": 57.6,
        "interestIncomeExpense": -56,
        "netIncome": 472.3,
        "netIncomeAfterTaxes": 436.2,
        "nonRecurringItems": -21.2,
        "period": "2016-11-30",
        "pretaxIncome": 589.2,
        "provisionforIncomeTaxes": 153,
        "researchDevelopment": 61,
        "revenue": 4411.5,
        "sgaExpense": 1108.5,
        "totalOperatingExpense": 1169.5,
        "totalOtherIncomeExpenseNet": 4.2,
        "year": 2016
      },
      {
        "costOfGoodsSold": 2559,
        "dilutedAverageSharesOutstanding": 258.4,
        "dilutedEPS": 1.56,
        "ebit": 613.5,
        "equityEarningsAffiliates": 36.7,
        "grossIncome": 1737.3,
        "interestExpense": 58.4,
        "interestIncomeExpense": -53.3,
        "netIncome": 401.6,
        "netIncomeAfterTaxes": 364.9,
        "nonRecurringItems": -65.1,
        "period": "2015-11-30",
        "pretaxIncome": 496.2,
        "provisionforIncomeTaxes": 131.3,
        "researchDevelopment": 60.8,
        "revenue": 4296.3,
        "sgaExpense": 1063,
        "totalOperatingExpense": 1123.8,
        "totalOtherIncomeExpenseNet": 1.1,
        "year": 2015
      }
    ],
    "symbol": "MKC"
  }
}