{
  "symbol": "DIS",
  "statement": "ic",
  "frequency": "quarterly",
  "timestamp": "2025-09-19T14:08:36.693730",
  "data": {
    "financials": [
      {
        "costOfGoodsSold": 14532,
        "depreciationAmortization": 1332,
        "dilutedAverageSharesOutstanding": 1805,
        "dilutedEPS": 2.92,
        "ebit": 3645,
        "grossIncome": 9118,
        "interestExpense": 438,
        "interestIncomeExpense": -316,
        "minorityInterest": -681,
        "netIncome": 5262,
        "netIncomeAfterTaxes": 5943,
        "nonRecurringItems": -185,
        "otherOperatingExpensesTotal": 0,
        "period": "2025-06-28",
        "pretaxIncome": 3211,
        "provisionforIncomeTaxes": -2732,
        "revenue": 23650,
        "sgaExpense": 4141,
        "totalOperatingExpense": 5473,
        "totalOtherIncomeExpenseNet": 67
      },
      {
        "costOfGoodsSold": 14810,
        "depreciationAmortization": 1324,
        "dilutedAverageSharesOutstanding": 1814,
        "dilutedEPS": 1.81,
        "ebit": 3506,
        "grossIncome": 8811,
        "interestExpense": 471,
        "interestIncomeExpense": -375,
        "minorityInterest": -126,
        "netIncome": 3275,
        "netIncomeAfterTaxes": 3401,
        "nonRecurringItems": -109,
        "period": "2025-03-29",
        "pretaxIncome": 3087,
        "provisionforIncomeTaxes": -314,
        "revenue": 23621,
        "sgaExpense": 3981,
        "totalOperatingExpense": 5305,
        "totalOtherIncomeExpenseNet": 65
      },
      {
        "costOfGoodsSold": 15406,
        "depreciationAmortization": 1276,
        "dilutedAverageSharesOutstanding": 1818,
        "dilutedEPS": 1.4,
        "ebit": 4078,
        "grossIncome": 9284,
        "interestExpense": 487,
        "interestIncomeExpense": -341,
        "minorityInterest": -90,
        "netIncome": 2554,
        "netIncomeAfterTaxes": 2644,
        "nonRecurringItems": -143,
        "period": "2024-12-28",
        "pretaxIncome": 3660,
        "provisionforIncomeTaxes": 1016,
        "revenue": 24690,
        "sgaExpense": 3930,
        "totalOperatingExpense": 5206,
        "totalOtherIncomeExpenseNet": 66
      },
      {
        "costOfGoodsSold": 14230,
        "depreciationAmortization": 1285,
        "dilutedAverageSharesOutstanding": 1819,
        "dilutedEPS": 0.25,
        "ebit": 2745,
        "grossIncome": 8344,
        "interestExpense": 532,
        "interestIncomeExpense": -356,
        "minorityInterest": -104,
        "netIncome": 460,
        "netIncomeAfterTaxes": 564,
        "nonRecurringItems": -1543,
        "period": "2024-09-28",
        "pretaxIncome": 948,
        "provisionforIncomeTaxes": 384,
        "revenue": 22574,
        "sgaExpense": 4314,
        "totalOperatingExpense": 5599,
        "totalOtherIncomeExpenseNet": 102
      },
      {
        "costOfGoodsSold": 14709,
        "depreciationAmortization": 1220,
        "dilutedAverageSharesOutstanding": 1829,
        "dilutedEPS": 1.43,
        "ebit": 3354,
        "grossIncome": 8446,
        "interestExpense": 509,
        "interestIncomeExpense": -295,
        "minorityInterest": -221,
        "netIncome": 2621,
        "netIncomeAfterTaxes": 2842,
        "nonRecurringItems": -65,
        "period": "2024-06-29",
        "pretaxIncome": 3093,
        "provisionforIncomeTaxes": 251,
        "revenue": 23155,
        "sgaExpense": 3872,
        "totalOperatingExpense": 5092,
        "totalOtherIncomeExpenseNet": 99
      },
      {
        "costOfGoodsSold": 14172,
        "depreciationAmortization": 1242,
        "dilutedAverageSharesOutstanding": 1834,
        "dilutedEPS": -0.01,
        "ebit": 2879,
        "grossIncome": 7911,
        "interestExpense": 501,
        "interestIncomeExpense": -273,
        "minorityInterest": -236,
        "netIncome": -20,
        "netIncomeAfterTaxes": 216,
        "nonRecurringItems": -2052,
        "otherOperatingExpensesTotal": 0,
        "period": "2024-03-30",
        "pretaxIncome": 657,
        "provisionforIncomeTaxes": 441,
        "revenue": 22083,
        "sgaExpense": 3790,
        "totalOperatingExpense": 5032,
        "totalOtherIncomeExpenseNet": 103
      },
      {
        "costOfGoodsSold": 15587,
        "depreciationAmortization": 1243,
        "dilutedAverageSharesOutstanding": 1835,
        "dilutedEPS": 1.04,
        "ebit": 2936,
        "grossIncome": 7962,
        "interestExpense": 528,
        "interestIncomeExpense": -165,
        "minorityInterest": -240,
        "netIncome": 1911,
        "netIncomeAfterTaxes": 2151,
        "nonRecurringItems": 0,
        "otherOperatingExpensesTotal": 0,
        "period": "2023-12-30",
        "pretaxIncome": 2871,
        "provisionforIncomeTaxes": 720,
        "revenue": 23549,
        "sgaExpense": 3783,
        "totalOperatingExpense": 5026,
        "totalOtherIncomeExpenseNet": 100
      },
      {
        "costOfGoodsSold": 13728,
        "depreciationAmortization": 1409,
        "dilutedAverageSharesOutstanding": 1833,
        "dilutedEPS": 0.14,
        "ebit": 2083,
        "grossIncome": 7513,
        "interestExpense": 501,
        "interestIncomeExpense": -138,
        "minorityInterest": -430,
        "netIncome": 264,
        "netIncomeAfterTaxes": 694,
        "nonRecurringItems": -1021,
        "otherOperatingExpensesTotal": 0,
        "period": "2023-09-30",
        "pretaxIncome": 1007,
        "provisionforIncomeTaxes": 313,
        "revenue": 21241,
        "sgaExpense": 4021,
        "totalOperatingExpense": 5430,
        "totalOtherIncomeExpenseNet": 83
      },
      {
        "costOfGoodsSold": 14471,
        "depreciationAmortization": 1344,
        "dilutedAverageSharesOutstanding": 1829,
        "dilutedEPS": -0.25,
        "ebit": 2540,
        "grossIncome": 7859,
        "interestExpense": 503,
        "interestIncomeExpense": -111,
        "minorityInterest": -307,
        "netIncome": -460,
        "netIncomeAfterTaxes": -153,
        "nonRecurringItems": -2650,
        "otherOperatingExpensesTotal": 101,
        "period": "2023-07-01",
        "pretaxIncome": -134,
        "provisionforIncomeTaxes": 19,
        "revenue": 22330,
        "sgaExpense": 3874,
        "totalOperatingExpense": 5319,
        "totalOtherIncomeExpenseNet": 87
      },
      {
        "costOfGoodsSold": 14616,
        "depreciationAmortization": 1310,
        "dilutedAverageSharesOutstanding": 1831,
        "dilutedEPS": 0.69,
        "ebit": 2275,
        "grossIncome": 7199,
        "interestExpense": 504,
        "interestIncomeExpense": -84,
        "minorityInterest": -217,
        "netIncome": 1271,
        "netIncomeAfterTaxes": 1488,
        "nonRecurringItems": -152,
        "period": "2023-04-01",
        "pretaxIncome": 2123,
        "provisionforIncomeTaxes": 635,
        "revenue": 21815,
        "sgaExpense": 3614,
        "totalOperatingExpense": 4924,
        "totalOtherIncomeExpenseNet": 84
      },
      {
        "costOfGoodsSold": 16386,
        "depreciationAmortization": 1306,
        "dilutedAverageSharesOutstanding": 1827,
        "dilutedEPS": 0.7,
        "ebit": 2021,
        "grossIncome": 7126,
        "interestExpense": 465,
        "interestIncomeExpense": -265,
        "minorityInterest": -82,
        "netIncome": 1279,
        "netIncomeAfterTaxes": 1361,
        "nonRecurringItems": -69,
        "otherOperatingExpensesTotal": -28,
        "period": "2022-12-31",
        "pretaxIncome": 1773,
        "provisionforIncomeTaxes": 412,
        "revenue": 23512,
        "sgaExpense": 3827,
        "totalOperatingExpense": 5105,
        "totalOtherIncomeExpenseNet": 86
      },
      {
        "costOfGoodsSold": 13558,
        "depreciationAmortization": 1317,
        "dilutedAverageSharesOutstanding": 1827,
        "dilutedEPS": 0.09,
        "ebit": 542,
        "grossIncome": 6592,
        "interestExpense": 434,
        "interestIncomeExpense": -183,
        "minorityInterest": -92,
        "netIncome": 162,
        "netIncomeAfterTaxes": 254,
        "nonRecurringItems": 0,
        "otherOperatingExpensesTotal": 0,
        "period": "2022-10-01",
        "pretaxIncome": 376,
        "provisionforIncomeTaxes": 122,
        "revenue": 20150,
        "sgaExpense": 4733,
        "totalOperatingExpense": 6050,
        "totalOtherIncomeExpenseNet": 17
      },
      {
        "costOfGoodsSold": 13682,
        "depreciationAmortization": 1290,
        "dilutedAverageSharesOutstanding": 1825,
        "dilutedEPS": 0.77,
        "ebit": 2432,
        "grossIncome": 7822,
        "interestExpense": 380,
        "interestIncomeExpense": -284,
        "minorityInterest": -93,
        "netIncome": 1409,
        "netIncomeAfterTaxes": 1502,
        "nonRecurringItems": -42,
        "otherOperatingExpensesTotal": 0,
        "period": "2022-07-02",
        "pretaxIncome": 2119,
        "provisionforIncomeTaxes": 617,
        "revenue": 21504,
        "sgaExpense": 4100,
        "totalOperatingExpense": 5390,
        "totalOtherIncomeExpenseNet": 13
      },
      {
        "costOfGoodsSold": 12594,
        "depreciationAmortization": 1287,
        "dilutedAverageSharesOutstanding": 1828,
        "dilutedEPS": 0.26,
        "ebit": 1600,
        "grossIncome": 6655,
        "interestExpense": 374,
        "interestIncomeExpense": -319,
        "minorityInterest": -127,
        "netIncome": 470,
        "netIncomeAfterTaxes": 597,
        "nonRecurringItems": -195,
        "period": "2022-04-02",
        "pretaxIncome": 1102,
        "provisionforIncomeTaxes": 505,
        "revenue": 19249,
        "sgaExpense": 3768,
        "totalOperatingExpense": 5055,
        "totalOtherIncomeExpenseNet": 16
      },
      {
        "costOfGoodsSold": 14567,
        "depreciationAmortization": 1269,
        "dilutedAverageSharesOutstanding": 1828,
        "dilutedEPS": 0.6,
        "ebit": 2192,
        "grossIncome": 7252,
        "interestExpense": 361,
        "interestIncomeExpense": -520,
        "minorityInterest": -48,
        "netIncome": 1104,
        "netIncomeAfterTaxes": 1200,
        "nonRecurringItems": 0,
        "otherOperatingExpensesTotal": 4,
        "period": "2022-01-01",
        "pretaxIncome": 1688,
        "provisionforIncomeTaxes": 488,
        "revenue": 21819,
        "sgaExpense": 3787,
        "totalOperatingExpense": 5060,
        "totalOtherIncomeExpenseNet": 16
      },
      {
        "costOfGoodsSold": 12341,
        "depreciationAmortization": 1275,
        "dilutedAverageSharesOutstanding": 1831,
        "dilutedEPS": 0.09,
        "ebit": 699,
        "grossIncome": 6193,
        "interestExpense": 323,
        "interestIncomeExpense": -317,
        "minorityInterest": -96,
        "netIncome": 159,
        "netIncomeAfterTaxes": 256,
        "nonRecurringItems": -92,
        "otherOperatingExpensesTotal": -100,
        "period": "2021-10-02",
        "pretaxIncome": 290,
        "provisionforIncomeTaxes": 34,
        "revenue": 18534,
        "sgaExpense": 4319,
        "totalOperatingExpense": 5494
      },
      {
        "costOfGoodsSold": 11233,
        "depreciationAmortization": 1266,
        "dilutedAverageSharesOutstanding": 1830,
        "dilutedEPS": 0.5,
        "ebit": 1355,
        "grossIncome": 5789,
        "interestExpense": 404,
        "interestIncomeExpense": -419,
        "minorityInterest": -205,
        "netIncome": 918,
        "netIncomeAfterTaxes": 1128,
        "nonRecurringItems": 91,
        "period": "2021-07-03",
        "pretaxIncome": 995,
        "provisionforIncomeTaxes": -133,
        "revenue": 17022,
        "sgaExpense": 3168,
        "totalOperatingExpense": 4434,
        "totalOtherIncomeExpenseNet": -32
      },
      {
        "costOfGoodsSold": 9782,
        "depreciationAmortization": 1272,
        "dilutedAverageSharesOutstanding": 1829,
        "dilutedEPS": 0.5,
        "ebit": 1446,
        "grossIncome": 5831,
        "interestExpense": 415,
        "interestIncomeExpense": 234,
        "minorityInterest": -210,
        "netIncome": 901,
        "netIncomeAfterTaxes": 1122,
        "nonRecurringItems": -414,
        "period": "2021-04-03",
        "pretaxIncome": 1230,
        "provisionforIncomeTaxes": 108,
        "revenue": 15613,
        "sgaExpense": 3113,
        "totalOperatingExpense": 4385,
        "totalOtherIncomeExpenseNet": -36
      },
      {
        "costOfGoodsSold": 11775,
        "depreciationAmortization": 1298,
        "dilutedAverageSharesOutstanding": 1823,
        "dilutedEPS": 0.02,
        "ebit": 259,
        "grossIncome": 4474,
        "interestExpense": 404,
        "interestIncomeExpense": -67,
        "minorityInterest": -1,
        "netIncome": 17,
        "netIncomeAfterTaxes": 30,
        "nonRecurringItems": -113,
        "period": "2021-01-02",
        "pretaxIncome": 46,
        "provisionforIncomeTaxes": 16,
        "revenue": 16249,
        "sgaExpense": 2917,
        "totalOperatingExpense": 4215,
        "totalOtherIncomeExpenseNet": -33
      },
      {
        "costOfGoodsSold": 11013,
        "depreciationAmortization": 1335,
        "dilutedAverageSharesOutstanding": 1811,
        "dilutedEPS": -0.39,
        "ebit": -453,
        "grossIncome": 3694,
        "interestExpense": 464,
        "interestIncomeExpense": 274,
        "minorityInterest": -81,
        "netIncome": -710,
        "netIncomeAfterTaxes": -629,
        "nonRecurringItems": -393,
        "period": "2020-10-03",
        "pretaxIncome": -580,
        "provisionforIncomeTaxes": 49,
        "revenue": 14707,
        "sgaExpense": 2812,
        "totalOperatingExpense": 4147,
        "totalOtherIncomeExpenseNet": -8
      },
      {
        "costOfGoodsSold": 7896,
        "depreciationAmortization": 1377,
        "dilutedAverageSharesOutstanding": 1809,
        "dilutedEPS": -2.61,
        "ebit": 51,
        "grossIncome": 3883,
        "interestExpense": 467,
        "interestIncomeExpense": 153,
        "minorityInterest": -209,
        "netIncome": -4721,
        "netIncomeAfterTaxes": -4509,
        "nonRecurringItems": -5047,
        "period": "2020-06-27",
        "pretaxIncome": -4840,
        "provisionforIncomeTaxes": -331,
        "revenue": 11779,
        "sgaExpense": 2455,
        "totalOperatingExpense": 3832,
        "totalOtherIncomeExpenseNet": 3
      },
      {
        "costOfGoodsSold": 11937,
        "depreciationAmortization": 1334,
        "dilutedAverageSharesOutstanding": 1816,
        "dilutedEPS": 0.26,
        "ebit": 1361,
        "grossIncome": 6088,
        "interestExpense": 365,
        "interestIncomeExpense": -167,
        "minorityInterest": -60,
        "netIncome": 460,
        "netIncomeAfterTaxes": 528,
        "nonRecurringItems": -145,
        "period": "2020-03-28",
        "pretaxIncome": 1051,
        "provisionforIncomeTaxes": 523,
        "revenue": 18025,
        "sgaExpense": 3393,
        "totalOperatingExpense": 4727,
        "totalOtherIncomeExpenseNet": 2
      },
      {
        "costOfGoodsSold": 13034,
        "depreciationAmortization": 1299,
        "dilutedAverageSharesOutstanding": 1817,
        "dilutedEPS": 1.17,
        "ebit": 2835,
        "grossIncome": 7843,
        "interestExpense": 362,
        "interestIncomeExpense": -62,
        "minorityInterest": -40,
        "netIncome": 2107,
        "netIncomeAfterTaxes": 2168,
        "nonRecurringItems": -150,
        "period": "2019-12-28",
        "pretaxIncome": 2626,
        "provisionforIncomeTaxes": 458,
        "revenue": 20877,
        "sgaExpense": 3709,
        "totalOperatingExpense": 5008,
        "totalOtherIncomeExpenseNet": 3
      },
      {
        "costOfGoodsSold": 11865,
        "depreciationAmortization": 1303,
        "dilutedAverageSharesOutstanding": 1816,
        "dilutedEPS": 0.58,
        "ebit": 2264,
        "gainLossOnDispositionOfAssets": 28,
        "grossIncome": 7272,
        "interestExpense": 413,
        "interestIncomeExpense": -153,
        "minorityInterest": -129,
        "netIncome": 1054,
        "netIncomeAfterTaxes": 898,
        "nonRecurringItems": -825,
        "period": "2019-09-28",
        "pretaxIncome": 1237,
        "provisionforIncomeTaxes": 339,
        "revenue": 19137,
        "sgaExpense": 3705,
        "totalOperatingExpense": 5008,
        "totalOtherIncomeExpenseNet": -77
      },
      {
        "costOfGoodsSold": 12819,
        "depreciationAmortization": 1304,
        "dilutedAverageSharesOutstanding": 1814,
        "dilutedEPS": 0.97,
        "ebit": 2760,
        "grossIncome": 7426,
        "interestExpense": 457,
        "interestIncomeExpense": -254,
        "minorityInterest": -186,
        "netIncome": 1760,
        "netIncomeAfterTaxes": 1623,
        "nonRecurringItems": -515,
        "period": "2019-06-29",
        "pretaxIncome": 2018,
        "provisionforIncomeTaxes": 395,
        "revenue": 20245,
        "sgaExpense": 3362,
        "totalOperatingExpense": 4666,
        "totalOtherIncomeExpenseNet": 27
      },
      {
        "costOfGoodsSold": 8376,
        "depreciationAmortization": 828,
        "dilutedAverageSharesOutstanding": 1537,
        "dilutedEPS": 3.53,
        "ebit": 3391,
        "grossIncome": 6546,
        "interestExpense": 180,
        "interestIncomeExpense": -127,
        "minorityInterest": -159,
        "netIncome": 5452,
        "netIncomeAfterTaxes": 5590,
        "nonRecurringItems": 3948,
        "period": "2019-03-30",
        "pretaxIncome": 7237,
        "provisionforIncomeTaxes": 1647,
        "revenue": 14922,
        "sgaExpense": 2327,
        "totalOperatingExpense": 3155,
        "totalOtherIncomeExpenseNet": 25
      },
      {
        "costOfGoodsSold": 9001,
        "depreciationAmortization": 732,
        "dilutedAverageSharesOutstanding": 1498,
        "dilutedEPS": 1.86,
        "ebit": 3418,
        "gainLossOnDispositionOfAssets": 0,
        "grossIncome": 6302,
        "interestExpense": 149,
        "interestIncomeExpense": 13,
        "minorityInterest": 2,
        "netIncome": 2788,
        "netIncomeAfterTaxes": 2752,
        "nonRecurringItems": 0,
        "period": "2018-12-29",
        "pretaxIncome": 3431,
        "provisionforIncomeTaxes": 679,
        "revenue": 15303,
        "sgaExpense": 2152,
        "totalOperatingExpense": 2884
      },
      {
        "costOfGoodsSold": 8108,
        "depreciationAmortization": 794,
        "dilutedAverageSharesOutstanding": 1498,
        "dilutedEPS": 1.55,
        "ebit": 3083,
        "gainLossOnDispositionOfAssets": 507,
        "grossIncome": 6199,
        "interestExpense": 189,
        "interestIncomeExpense": -383,
        "minorityInterest": -97,
        "netIncome": 2322,
        "netIncomeAfterTaxes": 2519,
        "nonRecurringItems": -5,
        "period": "2018-09-29",
        "pretaxIncome": 3202,
        "provisionforIncomeTaxes": 683,
        "revenue": 14307,
        "sgaExpense": 2322,
        "totalOperatingExpense": 3116
      },
      {
        "costOfGoodsSold": 8348,
        "depreciationAmortization": 744,
        "dilutedAverageSharesOutstanding": 1498,
        "dilutedEPS": 1.94,
        "ebit": 3924,
        "gainLossOnDispositionOfAssets": 0,
        "grossIncome": 6880,
        "interestExpense": 175,
        "interestIncomeExpense": -70,
        "minorityInterest": -143,
        "netIncome": 2916,
        "netIncomeAfterTaxes": 2959,
        "nonRecurringItems": 0,
        "period": "2018-06-30",
        "pretaxIncome": 3854,
        "provisionforIncomeTaxes": 895,
        "revenue": 15228,
        "sgaExpense": 2212,
        "totalOperatingExpense": 2956
      },
      {
        "costOfGoodsSold": 7533,
        "depreciationAmortization": 731,
        "dilutedAverageSharesOutstanding": 1510,
        "dilutedEPS": 1.94,
        "ebit": 4037,
        "gainLossOnDispositionOfAssets": 41,
        "grossIncome": 7015,
        "interestExpense": 172,
        "interestIncomeExpense": -137,
        "minorityInterest": -178,
        "netIncome": 2937,
        "netIncomeAfterTaxes": 3015,
        "nonRecurringItems": -13,
        "period": "2018-03-31",
        "pretaxIncome": 3928,
        "provisionforIncomeTaxes": 913,
        "revenue": 14548,
        "sgaExpense": 2247,
        "totalOperatingExpense": 2978
      },
      {
        "costOfGoodsSold": 8737,
        "depreciationAmortization": 742,
        "dilutedAverageSharesOutstanding": 1521,
        "dilutedEPS": 2.9,
        "ebit": 3793,
        "gainLossOnDispositionOfAssets": 53,
        "grossIncome": 6614,
        "interestExpense": 146,
        "interestIncomeExpense": -86,
        "minorityInterest": -50,
        "netIncome": 4423,
        "netIncomeAfterTaxes": 2873,
        "nonRecurringItems": -15,
        "period": "2017-12-30",
        "pretaxIncome": 3745,
        "provisionforIncomeTaxes": 872,
        "revenue": 15351,
        "sgaExpense": 2079,
        "totalOperatingExpense": 2821
      },
      {
        "costOfGoodsSold": 7214,
        "depreciationAmortization": 708,
        "dilutedAverageSharesOutstanding": 1548,
        "dilutedEPS": 1.13,
        "ebit": 2884,
        "grossIncome": 5565,
        "interestExpense": 137,
        "interestIncomeExpense": -92,
        "minorityInterest": -118,
        "netIncome": 1747,
        "netIncomeAfterTaxes": 1865,
        "nonRecurringItems": -98,
        "otherOperatingExpensesTotal": -255,
        "period": "2017-09-30",
        "pretaxIncome": 2694,
        "provisionforIncomeTaxes": 829,
        "revenue": 12779,
        "sgaExpense": 2228,
        "totalOperatingExpense": 2681
      },
      {
        "costOfGoodsSold": 7717,
        "depreciationAmortization": 711,
        "dilutedAverageSharesOutstanding": 1572,
        "dilutedEPS": 1.51,
        "ebit": 3611,
        "grossIncome": 6521,
        "interestExpense": 134,
        "interestIncomeExpense": 7,
        "minorityInterest": -108,
        "netIncome": 2366,
        "netIncomeAfterTaxes": 2474,
        "nonRecurringItems": 0,
        "otherOperatingExpensesTotal": 177,
        "period": "2017-07-01",
        "pretaxIncome": 3618,
        "provisionforIncomeTaxes": 1144,
        "revenue": 14238,
        "sgaExpense": 2022,
        "totalOperatingExpense": 2910
      },
      {
        "costOfGoodsSold": 6969,
        "depreciationAmortization": 676,
        "dilutedAverageSharesOutstanding": 1591,
        "dilutedEPS": 1.5,
        "ebit": 3750,
        "grossIncome": 6367,
        "interestExpense": 115,
        "interestIncomeExpense": 1,
        "minorityInterest": -151,
        "netIncome": 2388,
        "netIncomeAfterTaxes": 2539,
        "nonRecurringItems": 0,
        "period": "2017-04-01",
        "pretaxIncome": 3751,
        "provisionforIncomeTaxes": 1212,
        "revenue": 13336,
        "sgaExpense": 1941,
        "totalOperatingExpense": 2617
      },
      {
        "costOfGoodsSold": 8406,
        "depreciationAmortization": 687,
        "dilutedAverageSharesOutstanding": 1603,
        "dilutedEPS": 1.55,
        "ebit": 3706,
        "grossIncome": 6378,
        "interestExpense": 121,
        "interestIncomeExpense": 19,
        "minorityInterest": -9,
        "netIncome": 2479,
        "netIncomeAfterTaxes": 2488,
        "nonRecurringItems": 0,
        "period": "2016-12-31",
        "pretaxIncome": 3725,
        "provisionforIncomeTaxes": 1237,
        "revenue": 14784,
        "sgaExpense": 1985,
        "totalOperatingExpense": 2672
      },
      {
        "costOfGoodsSold": 7305,
        "depreciationAmortization": 689,
        "dilutedAverageSharesOutstanding": 1615,
        "dilutedEPS": 1.1,
        "ebit": 2861,
        "grossIncome": 5837,
        "interestExpense": 119,
        "interestIncomeExpense": 51,
        "minorityInterest": -121,
        "netIncome": 1771,
        "netIncomeAfterTaxes": 1892,
        "nonRecurringItems": -31,
        "period": "2016-10-01",
        "pretaxIncome": 2881,
        "provisionforIncomeTaxes": 989,
        "revenue": 13142,
        "sgaExpense": 2287,
        "totalOperatingExpense": 2976
      },
      {
        "costOfGoodsSold": 7201,
        "depreciationAmortization": 626,
        "dilutedAverageSharesOutstanding": 1631,
        "dilutedEPS": 1.59,
        "ebit": 4145,
        "grossIncome": 7076,
        "interestExpense": 88,
        "interestIncomeExpense": 82,
        "minorityInterest": -115,
        "netIncome": 2597,
        "netIncomeAfterTaxes": 2712,
        "nonRecurringItems": -44,
        "period": "2016-07-02",
        "pretaxIncome": 4183,
        "provisionforIncomeTaxes": 1471,
        "revenue": 14277,
        "sgaExpense": 2305,
        "totalOperatingExpense": 2931
      },
      {
        "costOfGoodsSold": 6864,
        "depreciationAmortization": 605,
        "dilutedAverageSharesOutstanding": 1643,
        "dilutedEPS": 1.3,
        "ebit": 3363,
        "grossIncome": 6105,
        "interestExpense": 81,
        "interestIncomeExpense": 83,
        "minorityInterest": -133,
        "netIncome": 2143,
        "netIncomeAfterTaxes": 2276,
        "nonRecurringItems": 0,
        "period": "2016-04-02",
        "pretaxIncome": 3446,
        "provisionforIncomeTaxes": 1170,
        "revenue": 12969,
        "sgaExpense": 2137,
        "totalOperatingExpense": 2742
      },
      {
        "costOfGoodsSold": 8623,
        "depreciationAmortization": 607,
        "dilutedAverageSharesOutstanding": 1668,
        "dilutedEPS": 1.73,
        "ebit": 3989,
        "grossIncome": 6621,
        "interestExpense": 66,
        "interestIncomeExpense": 450,
        "minorityInterest": -30,
        "netIncome": 2880,
        "netIncomeAfterTaxes": 2910,
        "nonRecurringItems": -81,
        "period": "2016-01-02",
        "pretaxIncome": 4358,
        "provisionforIncomeTaxes": 1448,
        "revenue": 15244,
        "sgaExpense": 2025,
        "totalOperatingExpense": 2632
      },
      {
        "costOfGoodsSold": 7355,
        "depreciationAmortization": 603,
        "dilutedAverageSharesOutstanding": 1694,
        "dilutedEPS": 0.95,
        "ebit": 3148,
        "gainLossOnDispositionOfAssets": 0,
        "grossIncome": 6157,
        "interestExpense": 68,
        "interestIncomeExpense": 129,
        "minorityInterest": -132,
        "netIncome": 1609,
        "netIncomeAfterTaxes": 1741,
        "nonRecurringItems": -53,
        "period": "2015-10-03",
        "pretaxIncome": 3224,
        "provisionforIncomeTaxes": 1483,
        "revenue": 13512,
        "sgaExpense": 2406,
        "totalOperatingExpense": 3009
      }
    ],
    "symbol": "DIS"
  }
}