{
  "symbol": "BBY",
  "statement": "ic",
  "frequency": "quarterly",
  "timestamp": "2025-09-19T13:56:45.510370",
  "data": {
    "financials": [
      {
        "costOfGoodsSold": 7244,
        "dilutedAverageSharesOutstanding": 212,
        "dilutedEPS": 0.88,
        "ebit": 365,
        "equityEarningsAffiliates": 1,
        "grossIncome": 2194,
        "interestExpense": 12,
        "interestIncomeExpense": 6,
        "netIncome": 186,
        "netIncomeAfterTaxes": 185,
        "nonRecurringItems": -118,
        "period": "2025-08-02",
        "pretaxIncome": 253,
        "provisionforIncomeTaxes": 68,
        "revenue": 9438,
        "sgaExpense": 1829,
        "totalOperatingExpense": 1829
      },
      {
        "costOfGoodsSold": 6718,
        "depreciationAmortization": 5,
        "dilutedAverageSharesOutstanding": 213,
        "dilutedEPS": 0.95,
        "ebit": 328,
        "equityEarningsAffiliates": -1,
        "grossIncome": 2049,
        "interestExpense": 12,
        "interestIncomeExpense": 3,
        "netIncome": 202,
        "netIncomeAfterTaxes": 203,
        "nonRecurringItems": -109,
        "period": "2025-05-03",
        "pretaxIncome": 222,
        "provisionforIncomeTaxes": 19,
        "revenue": 8767,
        "sgaExpense": 1716,
        "totalOperatingExpense": 1721
      },
      {
        "costOfGoodsSold": 11030,
        "depreciationAmortization": 5,
        "dilutedAverageSharesOutstanding": 214.8,
        "dilutedEPS": 0.54,
        "ebit": 685,
        "equityEarningsAffiliates": 0,
        "grossIncome": 2918,
        "interestExpense": 13,
        "interestIncomeExpense": 6,
        "netIncome": 117,
        "netIncomeAfterTaxes": 117,
        "nonRecurringItems": -468,
        "period": "2025-02-01",
        "pretaxIncome": 223,
        "provisionforIncomeTaxes": 106,
        "revenue": 13948,
        "sgaExpense": 2228,
        "totalOperatingExpense": 2233
      },
      {
        "costOfGoodsSold": 7228,
        "depreciationAmortization": 5,
        "dilutedAverageSharesOutstanding": 216.7,
        "dilutedEPS": 1.26,
        "ebit": 346,
        "equityEarningsAffiliates": 2,
        "grossIncome": 2217,
        "interestExpense": 13,
        "interestIncomeExpense": 6,
        "netIncome": 273,
        "netIncomeAfterTaxes": 271,
        "nonRecurringItems": 4,
        "period": "2024-11-02",
        "pretaxIncome": 356,
        "provisionforIncomeTaxes": 85,
        "revenue": 9445,
        "sgaExpense": 1866,
        "totalOperatingExpense": 1871
      },
      {
        "costOfGoodsSold": 7102,
        "depreciationAmortization": 5,
        "dilutedAverageSharesOutstanding": 217.1,
        "dilutedEPS": 1.34,
        "ebit": 376,
        "equityEarningsAffiliates": 1,
        "grossIncome": 2186,
        "interestExpense": 13,
        "interestIncomeExpense": 8,
        "netIncome": 291,
        "netIncomeAfterTaxes": 290,
        "nonRecurringItems": 7,
        "period": "2024-08-03",
        "pretaxIncome": 391,
        "provisionforIncomeTaxes": 101,
        "revenue": 9288,
        "sgaExpense": 1805,
        "totalOperatingExpense": 1810
      },
      {
        "costOfGoodsSold": 6783,
        "depreciationAmortization": 6,
        "dilutedAverageSharesOutstanding": 217.2,
        "dilutedEPS": 1.13,
        "ebit": 327,
        "equityEarningsAffiliates": 1,
        "grossIncome": 2064,
        "interestExpense": 12,
        "interestIncomeExpense": 13,
        "netIncome": 246,
        "netIncomeAfterTaxes": 245,
        "nonRecurringItems": -15,
        "period": "2024-05-04",
        "pretaxIncome": 325,
        "provisionforIncomeTaxes": 80,
        "revenue": 8847,
        "sgaExpense": 1731,
        "totalOperatingExpense": 1737
      },
      {
        "costOfGoodsSold": 11645,
        "depreciationAmortization": 5,
        "dilutedAverageSharesOutstanding": 216.7,
        "dilutedEPS": 2.12,
        "ebit": 730,
        "equityEarningsAffiliates": 0,
        "grossIncome": 3001,
        "interestExpense": 14,
        "interestIncomeExpense": 23,
        "netIncome": 460,
        "netIncomeAfterTaxes": 460,
        "nonRecurringItems": -169,
        "period": "2024-02-03",
        "pretaxIncome": 584,
        "provisionforIncomeTaxes": 124,
        "revenue": 14646,
        "sgaExpense": 2266,
        "totalOperatingExpense": 2271
      },
      {
        "costOfGoodsSold": 7524,
        "depreciationAmortization": 15,
        "dilutedAverageSharesOutstanding": 218.3,
        "dilutedEPS": 1.2,
        "ebit": 354,
        "equityEarningsAffiliates": 1,
        "grossIncome": 2232,
        "interestExpense": 14,
        "interestIncomeExpense": -6,
        "netIncome": 263,
        "netIncomeAfterTaxes": 262,
        "nonRecurringItems": 0,
        "period": "2023-10-28",
        "pretaxIncome": 348,
        "provisionforIncomeTaxes": 86,
        "revenue": 9756,
        "sgaExpense": 1863,
        "totalOperatingExpense": 1878
      },
      {
        "costOfGoodsSold": 7363,
        "depreciationAmortization": 21,
        "dilutedAverageSharesOutstanding": 219,
        "dilutedEPS": 1.25,
        "ebit": 341,
        "equityEarningsAffiliates": 1,
        "grossIncome": 2220,
        "interestExpense": 12,
        "interestIncomeExpense": 0,
        "netIncome": 274,
        "netIncomeAfterTaxes": 273,
        "nonRecurringItems": 28,
        "period": "2023-07-29",
        "pretaxIncome": 369,
        "provisionforIncomeTaxes": 96,
        "revenue": 9583,
        "sgaExpense": 1858,
        "totalOperatingExpense": 1879
      },
      {
        "costOfGoodsSold": 7317,
        "depreciationAmortization": 20,
        "dilutedAverageSharesOutstanding": 219.9,
        "dilutedEPS": 1.11,
        "ebit": 302,
        "equityEarningsAffiliates": -1,
        "grossIncome": 2150,
        "interestExpense": 12,
        "interestIncomeExpense": 9,
        "netIncome": 244,
        "netIncomeAfterTaxes": 245,
        "nonRecurringItems": 9,
        "period": "2023-04-29",
        "pretaxIncome": 320,
        "provisionforIncomeTaxes": 75,
        "revenue": 9467,
        "sgaExpense": 1828,
        "totalOperatingExpense": 1848
      },
      {
        "costOfGoodsSold": 11795,
        "depreciationAmortization": 21,
        "dilutedAverageSharesOutstanding": 222.1,
        "dilutedEPS": 2.23,
        "ebit": 683,
        "equityEarningsAffiliates": 2,
        "grossIncome": 2940,
        "interestExpense": 12,
        "interestIncomeExpense": 14,
        "netIncome": 495,
        "netIncomeAfterTaxes": 493,
        "nonRecurringItems": -86,
        "period": "2023-01-28",
        "pretaxIncome": 611,
        "provisionforIncomeTaxes": 118,
        "revenue": 14735,
        "sgaExpense": 2236,
        "totalOperatingExpense": 2257
      },
      {
        "costOfGoodsSold": 8255,
        "depreciationAmortization": 21,
        "dilutedAverageSharesOutstanding": 226.2,
        "dilutedEPS": 1.22,
        "ebit": 391,
        "equityEarningsAffiliates": 2,
        "grossIncome": 2332,
        "interestExpense": 10,
        "interestIncomeExpense": -6,
        "netIncome": 277,
        "netIncomeAfterTaxes": 275,
        "nonRecurringItems": -26,
        "period": "2022-10-29",
        "pretaxIncome": 359,
        "provisionforIncomeTaxes": 84,
        "revenue": 10587,
        "sgaExpense": 1920,
        "totalOperatingExpense": 1941
      },
      {
        "costOfGoodsSold": 8042,
        "depreciationAmortization": 22,
        "dilutedAverageSharesOutstanding": 226.1,
        "dilutedEPS": 1.35,
        "ebit": 405,
        "equityEarningsAffiliates": -3,
        "grossIncome": 2287,
        "interestExpense": 7,
        "interestIncomeExpense": -4,
        "netIncome": 306,
        "netIncomeAfterTaxes": 309,
        "nonRecurringItems": -34,
        "period": "2022-07-30",
        "pretaxIncome": 367,
        "provisionforIncomeTaxes": 58,
        "revenue": 10329,
        "sgaExpense": 1860,
        "totalOperatingExpense": 1882
      },
      {
        "costOfGoodsSold": 8294,
        "depreciationAmortization": 22,
        "dilutedAverageSharesOutstanding": 228.4,
        "dilutedEPS": 1.49,
        "ebit": 463,
        "equityEarningsAffiliates": 0,
        "grossIncome": 2353,
        "interestExpense": 6,
        "interestIncomeExpense": -11,
        "netIncome": 341,
        "netIncomeAfterTaxes": 341,
        "nonRecurringItems": -1,
        "period": "2022-04-30",
        "pretaxIncome": 451,
        "provisionforIncomeTaxes": 110,
        "revenue": 10647,
        "sgaExpense": 1868,
        "totalOperatingExpense": 1890
      },
      {
        "costOfGoodsSold": 13052,
        "depreciationAmortization": 22,
        "dilutedAverageSharesOutstanding": 238.5,
        "dilutedEPS": 2.62,
        "ebit": 808,
        "equityEarningsAffiliates": -2,
        "grossIncome": 3313,
        "interestExpense": 6,
        "interestIncomeExpense": -3,
        "netIncome": 626,
        "netIncomeAfterTaxes": 628,
        "nonRecurringItems": -5,
        "period": "2022-01-29",
        "pretaxIncome": 800,
        "provisionforIncomeTaxes": 172,
        "revenue": 16365,
        "sgaExpense": 2483,
        "totalOperatingExpense": 2505
      },
      {
        "costOfGoodsSold": 9108,
        "depreciationAmortization": 20,
        "dilutedAverageSharesOutstanding": 249.1,
        "dilutedEPS": 2,
        "ebit": 669,
        "equityEarningsAffiliates": 1,
        "grossIncome": 2802,
        "interestExpense": 7,
        "interestIncomeExpense": -6,
        "netIncome": 499,
        "netIncomeAfterTaxes": 498,
        "nonRecurringItems": 1,
        "period": "2021-10-30",
        "pretaxIncome": 664,
        "provisionforIncomeTaxes": 166,
        "revenue": 11910,
        "sgaExpense": 2113,
        "totalOperatingExpense": 2133
      },
      {
        "costOfGoodsSold": 9039,
        "depreciationAmortization": 20,
        "dilutedAverageSharesOutstanding": 252.8,
        "dilutedEPS": 2.9,
        "ebit": 801,
        "equityEarningsAffiliates": 4,
        "grossIncome": 2810,
        "interestExpense": 6,
        "interestIncomeExpense": -3,
        "netIncome": 734,
        "netIncomeAfterTaxes": 730,
        "nonRecurringItems": -4,
        "period": "2021-07-31",
        "pretaxIncome": 794,
        "provisionforIncomeTaxes": 64,
        "revenue": 11849,
        "sgaExpense": 1989,
        "totalOperatingExpense": 2009
      },
      {
        "costOfGoodsSold": 8916,
        "depreciationAmortization": 20,
        "dilutedAverageSharesOutstanding": 256.7,
        "dilutedEPS": 2.32,
        "ebit": 733,
        "equityEarningsAffiliates": 1,
        "grossIncome": 2721,
        "interestExpense": 6,
        "interestIncomeExpense": -3,
        "netIncome": 595,
        "netIncomeAfterTaxes": 594,
        "nonRecurringItems": 36,
        "period": "2021-05-01",
        "pretaxIncome": 766,
        "provisionforIncomeTaxes": 172,
        "revenue": 11637,
        "sgaExpense": 1968,
        "totalOperatingExpense": 1988
      },
      {
        "costOfGoodsSold": 13407,
        "depreciationAmortization": 20,
        "dilutedAverageSharesOutstanding": 264.5,
        "dilutedEPS": 3.09,
        "ebit": 1162,
        "grossIncome": 3530,
        "interestExpense": 9,
        "interestIncomeExpense": 10,
        "netIncome": 816,
        "netIncomeAfterTaxes": 816,
        "nonRecurringItems": -129,
        "period": "2021-01-30",
        "pretaxIncome": 1043,
        "provisionforIncomeTaxes": 227,
        "revenue": 16937,
        "sgaExpense": 2348,
        "totalOperatingExpense": 2368
      },
      {
        "costOfGoodsSold": 9022,
        "depreciationAmortization": 20,
        "dilutedAverageSharesOutstanding": 263.7,
        "dilutedEPS": 1.48,
        "ebit": 708,
        "grossIncome": 2831,
        "interestExpense": 11,
        "interestIncomeExpense": -6,
        "netIncome": 391,
        "netIncomeAfterTaxes": 391,
        "nonRecurringItems": -147,
        "period": "2020-10-31",
        "pretaxIncome": 555,
        "provisionforIncomeTaxes": 164,
        "revenue": 11853,
        "sgaExpense": 2103,
        "totalOperatingExpense": 2123
      },
      {
        "costOfGoodsSold": 7640,
        "depreciationAmortization": 20,
        "dilutedAverageSharesOutstanding": 262.1,
        "dilutedEPS": 1.65,
        "ebit": 556,
        "grossIncome": 2270,
        "interestExpense": 15,
        "interestIncomeExpense": -7,
        "netIncome": 432,
        "netIncomeAfterTaxes": 432,
        "nonRecurringItems": 12,
        "period": "2020-08-01",
        "pretaxIncome": 561,
        "provisionforIncomeTaxes": 129,
        "revenue": 9910,
        "sgaExpense": 1694,
        "totalOperatingExpense": 1714
      },
      {
        "costOfGoodsSold": 6597,
        "depreciationAmortization": 19,
        "dilutedAverageSharesOutstanding": 260.4,
        "dilutedEPS": 0.61,
        "ebit": 161,
        "grossIncome": 1965,
        "interestExpense": 17,
        "interestIncomeExpense": -11,
        "netIncome": 159,
        "netIncomeAfterTaxes": 159,
        "nonRecurringItems": 68,
        "period": "2020-05-02",
        "pretaxIncome": 218,
        "provisionforIncomeTaxes": 59,
        "revenue": 8562,
        "sgaExpense": 1785,
        "totalOperatingExpense": 1804
      },
      {
        "costOfGoodsSold": 11961,
        "dilutedAverageSharesOutstanding": 265.1,
        "dilutedEPS": 2.81,
        "ebit": 967,
        "grossIncome": 3235,
        "interestExpense": 14,
        "interestIncomeExpense": 0,
        "netIncome": 745,
        "netIncomeAfterTaxes": 745,
        "nonRecurringItems": 0,
        "otherOperatingExpensesTotal": 4,
        "period": "2020-02-01",
        "pretaxIncome": 967,
        "provisionforIncomeTaxes": 222,
        "revenue": 15196,
        "sgaExpense": 2264,
        "totalOperatingExpense": 2268
      },
      {
        "costOfGoodsSold": 7403,
        "dilutedAverageSharesOutstanding": 265.2,
        "dilutedEPS": 1.1,
        "ebit": 388,
        "grossIncome": 2361,
        "interestExpense": 16,
        "interestIncomeExpense": -6,
        "netIncome": 293,
        "netIncomeAfterTaxes": 293,
        "nonRecurringItems": 7,
        "otherOperatingExpensesTotal": 3,
        "period": "2019-11-02",
        "pretaxIncome": 389,
        "provisionforIncomeTaxes": 96,
        "revenue": 9764,
        "sgaExpense": 1970,
        "totalOperatingExpense": 1973
      },
      {
        "costOfGoodsSold": 7253,
        "dilutedAverageSharesOutstanding": 269.4,
        "dilutedEPS": 0.88,
        "ebit": 360,
        "grossIncome": 2283,
        "interestExpense": 16,
        "interestIncomeExpense": -5,
        "netIncome": 238,
        "netIncomeAfterTaxes": 238,
        "nonRecurringItems": -48,
        "otherOperatingExpensesTotal": 5,
        "period": "2019-08-03",
        "pretaxIncome": 307,
        "provisionforIncomeTaxes": 69,
        "revenue": 9536,
        "sgaExpense": 1918,
        "totalOperatingExpense": 1923
      },
      {
        "costOfGoodsSold": 6973,
        "dilutedAverageSharesOutstanding": 271.5,
        "dilutedEPS": 0.98,
        "ebit": 335,
        "grossIncome": 2169,
        "interestExpense": 18,
        "interestIncomeExpense": -5,
        "netIncome": 265,
        "netIncomeAfterTaxes": 265,
        "nonRecurringItems": 0,
        "otherOperatingExpensesTotal": -4,
        "period": "2019-05-04",
        "pretaxIncome": 330,
        "provisionforIncomeTaxes": 65,
        "revenue": 9142,
        "sgaExpense": 1838,
        "totalOperatingExpense": 1834
      },
      {
        "costOfGoodsSold": 11518,
        "dilutedAverageSharesOutstanding": 274.2,
        "dilutedEPS": 2.68,
        "ebit": 979,
        "grossIncome": 3283,
        "interestExpense": 20,
        "interestIncomeExpense": -8,
        "netIncome": 735,
        "netIncomeAfterTaxes": 735,
        "nonRecurringItems": 1,
        "period": "2019-02-02",
        "pretaxIncome": 972,
        "provisionforIncomeTaxes": 237,
        "revenue": 14801,
        "sgaExpense": 2304,
        "totalOperatingExpense": 2304
      },
      {
        "costOfGoodsSold": 7266,
        "dilutedAverageSharesOutstanding": 279.3,
        "dilutedEPS": 0.99,
        "ebit": 324,
        "grossIncome": 2324,
        "interestExpense": 15,
        "interestIncomeExpense": 6,
        "netIncome": 277,
        "netIncomeAfterTaxes": 300,
        "nonRecurringItems": 0,
        "period": "2018-11-03",
        "pretaxIncome": 330,
        "provisionforIncomeTaxes": 30,
        "revenue": 9590,
        "sgaExpense": 2000,
        "totalOperatingExpense": 2000
      },
      {
        "costOfGoodsSold": 7150,
        "dilutedAverageSharesOutstanding": 283.7,
        "dilutedEPS": 0.86,
        "ebit": 356,
        "grossIncome": 2229,
        "interestExpense": 19,
        "interestIncomeExpense": -10,
        "netIncome": 244,
        "netIncomeAfterTaxes": 244,
        "nonRecurringItems": -17,
        "period": "2018-08-04",
        "pretaxIncome": 329,
        "provisionforIncomeTaxes": 85,
        "revenue": 9379,
        "sgaExpense": 1873,
        "totalOperatingExpense": 1873
      },
      {
        "costOfGoodsSold": 6984,
        "dilutedAverageSharesOutstanding": 288.3,
        "dilutedEPS": 0.72,
        "ebit": 296,
        "grossIncome": 2125,
        "interestExpense": 19,
        "interestIncomeExpense": -9,
        "netIncome": 208,
        "netIncomeAfterTaxes": 208,
        "nonRecurringItems": -30,
        "period": "2018-05-05",
        "pretaxIncome": 257,
        "provisionforIncomeTaxes": 49,
        "revenue": 9109,
        "sgaExpense": 1829,
        "totalOperatingExpense": 1829
      },
      {
        "costOfGoodsSold": 11942,
        "dilutedAverageSharesOutstanding": 296.6,
        "dilutedEPS": 1.22,
        "ebit": 884,
        "grossIncome": 3421,
        "interestExpense": 18,
        "interestIncomeExpense": -1,
        "netIncome": 364,
        "netIncomeAfterTaxes": 647,
        "nonRecurringItems": -10,
        "period": "2018-02-03",
        "pretaxIncome": 873,
        "provisionforIncomeTaxes": 226,
        "revenue": 15363,
        "sgaExpense": 2537,
        "totalOperatingExpense": 2537
      },
      {
        "costOfGoodsSold": 7040,
        "dilutedAverageSharesOutstanding": 305.4,
        "dilutedEPS": 0.78,
        "ebit": 346,
        "grossIncome": 2280,
        "interestExpense": 20,
        "interestIncomeExpense": -6,
        "netIncome": 239,
        "netIncomeAfterTaxes": 238,
        "nonRecurringItems": 2,
        "period": "2017-10-28",
        "pretaxIncome": 342,
        "provisionforIncomeTaxes": 104,
        "revenue": 9320,
        "sgaExpense": 1934,
        "totalOperatingExpense": 1934
      },
      {
        "costOfGoodsSold": 6787,
        "dilutedAverageSharesOutstanding": 310.8,
        "dilutedEPS": 0.67,
        "ebit": 327,
        "grossIncome": 2153,
        "interestExpense": 18,
        "interestIncomeExpense": -15,
        "netIncome": 209,
        "netIncomeAfterTaxes": 209,
        "nonRecurringItems": -2,
        "period": "2017-07-29",
        "pretaxIncome": 310,
        "provisionforIncomeTaxes": 101,
        "revenue": 8940,
        "sgaExpense": 1826,
        "totalOperatingExpense": 1826
      },
      {
        "costOfGoodsSold": 6506,
        "dilutedAverageSharesOutstanding": 315,
        "dilutedEPS": 0.6,
        "ebit": 299,
        "grossIncome": 2022,
        "interestExpense": 19,
        "interestIncomeExpense": -7,
        "netIncome": 188,
        "netIncomeAfterTaxes": 188,
        "nonRecurringItems": 0,
        "period": "2017-04-29",
        "pretaxIncome": 292,
        "provisionforIncomeTaxes": 104,
        "revenue": 8528,
        "sgaExpense": 1723,
        "totalOperatingExpense": 1723
      },
      {
        "costOfGoodsSold": 10452,
        "dilutedAverageSharesOutstanding": 319.6,
        "dilutedEPS": 1.9,
        "ebit": 901,
        "grossIncome": 3030,
        "interestExpense": 18,
        "interestIncomeExpense": -9,
        "netIncome": 607,
        "netIncomeAfterTaxes": 607,
        "nonRecurringItems": -19,
        "period": "2017-01-28",
        "pretaxIncome": 873,
        "provisionforIncomeTaxes": 266,
        "revenue": 13482,
        "sgaExpense": 2129,
        "totalOperatingExpense": 2129
      },
      {
        "costOfGoodsSold": 6742,
        "dilutedAverageSharesOutstanding": 320,
        "dilutedEPS": 0.6,
        "ebit": 320,
        "grossIncome": 2203,
        "interestExpense": 16,
        "interestIncomeExpense": -7,
        "netIncome": 194,
        "netIncomeAfterTaxes": 192,
        "nonRecurringItems": -9,
        "period": "2016-10-29",
        "pretaxIncome": 304,
        "provisionforIncomeTaxes": 112,
        "revenue": 8945,
        "sgaExpense": 1883,
        "totalOperatingExpense": 1883
      },
      {
        "costOfGoodsSold": 6471,
        "dilutedAverageSharesOutstanding": 322.9,
        "dilutedEPS": 0.61,
        "ebit": 291,
        "grossIncome": 2062,
        "interestExpense": 18,
        "interestIncomeExpense": -8,
        "netIncome": 198,
        "netIncomeAfterTaxes": 182,
        "nonRecurringItems": -4,
        "period": "2016-07-30",
        "pretaxIncome": 279,
        "provisionforIncomeTaxes": 97,
        "revenue": 8533,
        "sgaExpense": 1771,
        "totalOperatingExpense": 1771
      },
      {
        "costOfGoodsSold": 6298,
        "dilutedAverageSharesOutstanding": 326.7,
        "dilutedEPS": 0.69,
        "ebit": 250,
        "grossIncome": 2145,
        "interestExpense": 20,
        "interestIncomeExpense": -17,
        "netIncome": 229,
        "netIncomeAfterTaxes": 226,
        "nonRecurringItems": 127,
        "period": "2016-04-30",
        "pretaxIncome": 360,
        "provisionforIncomeTaxes": 134,
        "revenue": 8443,
        "sgaExpense": 1895,
        "totalOperatingExpense": 1895
      },
      {
        "costOfGoodsSold": 10673,
        "dilutedAverageSharesOutstanding": 342,
        "dilutedEPS": 1.39,
        "ebit": 815,
        "grossIncome": 2950,
        "interestExpense": 20,
        "interestIncomeExpense": -28,
        "netIncome": 479,
        "netIncomeAfterTaxes": 477,
        "nonRecurringItems": -37,
        "period": "2016-01-30",
        "pretaxIncome": 750,
        "provisionforIncomeTaxes": 273,
        "revenue": 13623,
        "sgaExpense": 2135,
        "totalOperatingExpense": 2135
      },
      {
        "costOfGoodsSold": 6708,
        "dilutedAverageSharesOutstanding": 349,
        "dilutedEPS": 0.37,
        "ebit": 248,
        "grossIncome": 2111,
        "interestExpense": 20,
        "interestIncomeExpense": -18,
        "netIncome": 125,
        "netIncomeAfterTaxes": 129,
        "nonRecurringItems": -17,
        "period": "2015-10-31",
        "pretaxIncome": 213,
        "provisionforIncomeTaxes": 84,
        "revenue": 8819,
        "sgaExpense": 1863,
        "totalOperatingExpense": 1863
      }
    ],
    "symbol": "BBY"
  }
}