{
  "symbol": "ESS",
  "statement": "ic",
  "frequency": "annual",
  "timestamp": "2025-09-19T14:00:00.162270",
  "data": {
    "financials": [
      {
        "costOfGoodsSold": 519.526,
        "depreciationAmortization": 580.22,
        "dilutedAverageSharesOutstanding": 64.2512,
        "dilutedEPS": 11.541,
        "ebit": 527.584,
        "gainLossOnDispositionOfAssets": 168.055,
        "grossIncome": 1254.924,
        "interestExpense": 235.529,
        "interestIncomeExpense": -103.273,
        "minorityInterest": -69.784,
        "netIncome": 741.522,
        "netIncomeAfterTaxes": 811.306,
        "nonRecurringItems": 218.011,
        "period": "2024-12-31",
        "pretaxIncome": 811.306,
        "revenue": 1774.45,
        "sgaExpense": 147.12,
        "totalOperatingExpense": 727.34,
        "totalOtherIncomeExpenseNet": 0.929,
        "year": 2024
      },
      {
        "costOfGoodsSold": 485.479,
        "depreciationAmortization": 548.438,
        "dilutedAverageSharesOutstanding": 64.2534,
        "dilutedEPS": 6.316,
        "ebit": 526.132,
        "gainLossOnDispositionOfAssets": 0,
        "grossIncome": 1183.916,
        "interestExpense": 212.905,
        "interestIncomeExpense": -152.937,
        "minorityInterest": -24.883,
        "netIncome": 405.825,
        "netIncomeAfterTaxes": 430.708,
        "nonRecurringItems": 58.21,
        "period": "2023-12-31",
        "pretaxIncome": 430.708,
        "revenue": 1669.395,
        "sgaExpense": 109.346,
        "totalOperatingExpense": 657.784,
        "totalOtherIncomeExpenseNet": -0.697,
        "year": 2023
      },
      {
        "costOfGoodsSold": 467.269,
        "depreciationAmortization": 539.319,
        "dilutedAverageSharesOutstanding": 65.0982,
        "dilutedEPS": 6.2723,
        "ebit": 502.945,
        "gainLossOnDispositionOfAssets": 17.423,
        "grossIncome": 1139.545,
        "interestExpense": 204.798,
        "interestIncomeExpense": -189.901,
        "minorityInterest": -24.67,
        "netIncome": 408.315,
        "netIncomeAfterTaxes": 432.985,
        "nonRecurringItems": 92.282,
        "period": "2022-12-31",
        "pretaxIncome": 432.985,
        "revenue": 1606.814,
        "sgaExpense": 97.281,
        "totalOperatingExpense": 636.6,
        "totalOtherIncomeExpenseNet": 10.236,
        "year": 2022
      },
      {
        "costOfGoodsSold": 445.259,
        "depreciationAmortization": 520.066,
        "dilutedAverageSharesOutstanding": 65.0889,
        "dilutedEPS": 7.506,
        "ebit": 387.205,
        "gainLossOnDispositionOfAssets": 2.26,
        "grossIncome": 995.297,
        "interestExpense": 203.125,
        "interestIncomeExpense": 18.114,
        "minorityInterest": -27.137,
        "netIncome": 488.554,
        "netIncomeAfterTaxes": 515.691,
        "nonRecurringItems": 123.78,
        "period": "2021-12-31",
        "pretaxIncome": 515.691,
        "revenue": 1440.556,
        "sgaExpense": 88.026,
        "totalOperatingExpense": 608.092,
        "totalOtherIncomeExpenseNet": -15.668,
        "year": 2021
      },
      {
        "costOfGoodsSold": 440.4,
        "depreciationAmortization": 525.5,
        "dilutedAverageSharesOutstanding": 65.6,
        "dilutedEPS": 8.68,
        "ebit": 429.9,
        "gainLossOnDispositionOfAssets": 234.7,
        "grossIncome": 1055.3,
        "interestExpense": 220.633,
        "interestIncomeExpense": -102.4,
        "minorityInterest": -30.5,
        "netIncome": 568.9,
        "netIncomeAfterTaxes": 599.3,
        "nonRecurringItems": 38.7,
        "period": "2020-12-31",
        "pretaxIncome": 599.3,
        "revenue": 1495.7,
        "sgaExpense": 100,
        "totalOperatingExpense": 625.5,
        "totalOtherIncomeExpenseNet": -1.5,
        "year": 2020
      },
      {
        "costOfGoodsSold": 397.7,
        "depreciationAmortization": 483.8,
        "dilutedAverageSharesOutstanding": 65.9,
        "dilutedEPS": 6.66,
        "ebit": 491.5,
        "gainLossOnDispositionOfAssets": 31.5,
        "grossIncome": 1062.5,
        "interestExpense": 217.339,
        "interestIncomeExpense": -50.5,
        "minorityInterest": -25.2,
        "netIncome": 439.3,
        "netIncomeAfterTaxes": 464.4,
        "nonRecurringItems": -6.7,
        "period": "2019-12-31",
        "pretaxIncome": 464.4,
        "revenue": 1460.2,
        "sgaExpense": 87.2,
        "totalOperatingExpense": 570.9,
        "totalOtherIncomeExpenseNet": -1.5,
        "year": 2019
      },
      {
        "costOfGoodsSold": 385.3,
        "depreciationAmortization": 479.9,
        "dilutedAverageSharesOutstanding": 66.1,
        "dilutedEPS": 5.9,
        "ebit": 450.3,
        "gainLossOnDispositionOfAssets": 63.1,
        "grossIncome": 1014.7,
        "interestExpense": 220.492,
        "interestIncomeExpense": -99.6,
        "minorityInterest": -23.4,
        "netIncome": 390.2,
        "netIncomeAfterTaxes": 413.6,
        "nonRecurringItems": -0.2,
        "period": "2018-12-31",
        "pretaxIncome": 413.6,
        "provisionforIncomeTaxes": 0,
        "revenue": 1400.1,
        "sgaExpense": 84.5,
        "totalOperatingExpense": 564.4,
        "year": 2018
      },
      {
        "costOfGoodsSold": 405.5,
        "depreciationAmortization": 468.9,
        "dilutedAverageSharesOutstanding": 65.9,
        "dilutedEPS": 6.57,
        "ebit": 448.1,
        "gainLossOnDispositionOfAssets": 115.1,
        "grossIncome": 958.4,
        "interestExpense": 222.894,
        "interestIncomeExpense": -101.7,
        "minorityInterest": -25,
        "netIncome": 433.1,
        "netIncomeAfterTaxes": 456.5,
        "nonRecurringItems": -3.4,
        "period": "2017-12-31",
        "pretaxIncome": 458,
        "provisionforIncomeTaxes": 1.5,
        "revenue": 1363.9,
        "sgaExpense": 41.4,
        "totalOperatingExpense": 510.3,
        "year": 2017
      },
      {
        "costOfGoodsSold": 388.9,
        "depreciationAmortization": 441.7,
        "dilutedAverageSharesOutstanding": 65.6,
        "dilutedEPS": 6.27,
        "ebit": 422.6,
        "gainLossOnDispositionOfAssets": 154.6,
        "grossIncome": 905.1,
        "interestExpense": 219.654,
        "interestIncomeExpense": -131.9,
        "minorityInterest": -23.4,
        "netIncome": 411.1,
        "netIncomeAfterTaxes": 438.4,
        "nonRecurringItems": -2.4,
        "period": "2016-12-31",
        "pretaxIncome": 442.8,
        "provisionforIncomeTaxes": 4.4,
        "revenue": 1294,
        "sgaExpense": 40.8,
        "totalOperatingExpense": 482.5,
        "year": 2016
      },
      {
        "costOfGoodsSold": 363.5,
        "depreciationAmortization": 453.4,
        "dilutedAverageSharesOutstanding": 65.1,
        "dilutedEPS": 3.49,
        "ebit": 337.4,
        "gainLossOnDispositionOfAssets": 81.3,
        "grossIncome": 830.9,
        "interestExpense": 204.827,
        "interestIncomeExpense": -158.2,
        "minorityInterest": -16.1,
        "netIncome": 226.9,
        "netIncomeAfterTaxes": 248.2,
        "nonRecurringItems": -12.3,
        "period": "2015-12-31",
        "pretaxIncome": 248.2,
        "revenue": 1194.4,
        "sgaExpense": 40.1,
        "totalOperatingExpense": 493.5,
        "year": 2015
      }
    ],
    "symbol": "ESS"
  }
}