{
  "symbol": "CMG",
  "statement": "ic",
  "frequency": "annual",
  "timestamp": "2025-09-19T13:57:49.589673",
  "data": {
    "financials": [
      {
        "costOfGoodsSold": 7446.171,
        "depreciationAmortization": 335.03,
        "dilutedAverageSharesOutstanding": 1376.555,
        "dilutedEPS": 1.1145,
        "ebit": 1943.282,
        "grossIncome": 3867.682,
        "interestIncomeExpense": 93.897,
        "netIncome": 1534.11,
        "netIncomeAfterTaxes": 1534.11,
        "nonRecurringItems": -26.949,
        "period": "2024-12-31",
        "pretaxIncome": 2010.23,
        "provisionforIncomeTaxes": 476.12,
        "revenue": 11313.853,
        "sgaExpense": 1589.37,
        "totalOperatingExpense": 1924.4,
        "year": 2024
      },
      {
        "costOfGoodsSold": 6517.689,
        "depreciationAmortization": 319.394,
        "dilutedAverageSharesOutstanding": 1385.5,
        "dilutedEPS": 0.89,
        "ebit": 1596.183,
        "grossIncome": 3353.96,
        "interestIncomeExpense": 62.693,
        "netIncome": 1228.737,
        "netIncomeAfterTaxes": 1228.737,
        "nonRecurringItems": -38.37,
        "period": "2023-12-31",
        "pretaxIncome": 1620.506,
        "provisionforIncomeTaxes": 391.769,
        "revenue": 9871.649,
        "sgaExpense": 1438.383,
        "totalOperatingExpense": 1757.777,
        "year": 2023
      },
      {
        "costOfGoodsSold": 5860.802,
        "depreciationAmortization": 286.826,
        "dilutedAverageSharesOutstanding": 1403.1,
        "dilutedEPS": 0.64,
        "ebit": 1181.542,
        "grossIncome": 2773.85,
        "interestIncomeExpense": 21.128,
        "netIncome": 899.101,
        "netIncomeAfterTaxes": 899.101,
        "nonRecurringItems": -21.139,
        "period": "2022-12-31",
        "pretaxIncome": 1181.531,
        "provisionforIncomeTaxes": 282.43,
        "revenue": 8634.652,
        "sgaExpense": 1305.482,
        "totalOperatingExpense": 1592.308,
        "year": 2022
      },
      {
        "costOfGoodsSold": 5201.099,
        "depreciationAmortization": 254.657,
        "dilutedAverageSharesOutstanding": 1425.55,
        "dilutedEPS": 0.46,
        "ebit": 829.647,
        "grossIncome": 2345.962,
        "interestIncomeExpense": 7.82,
        "netIncome": 652.984,
        "netIncomeAfterTaxes": 652.984,
        "nonRecurringItems": -24.704,
        "period": "2021-12-31",
        "pretaxIncome": 812.763,
        "provisionforIncomeTaxes": 159.779,
        "revenue": 7547.061,
        "sgaExpense": 1261.658,
        "totalOperatingExpense": 1516.315,
        "year": 2021
      },
      {
        "costOfGoodsSold": 4397.185,
        "depreciationAmortization": 238.534,
        "dilutedAverageSharesOutstanding": 1420.8,
        "dilutedEPS": 0.25,
        "ebit": 327.14,
        "grossIncome": 1587.449,
        "interestIncomeExpense": 3.617,
        "netIncome": 355.766,
        "netIncomeAfterTaxes": 355.766,
        "nonRecurringItems": -36.976,
        "period": "2020-12-31",
        "pretaxIncome": 293.781,
        "provisionforIncomeTaxes": -61.985,
        "revenue": 5984.634,
        "sgaExpense": 1021.775,
        "totalOperatingExpense": 1260.309,
        "year": 2020
      },
      {
        "costOfGoodsSold": 3936.002,
        "depreciationAmortization": 212.778,
        "dilutedAverageSharesOutstanding": 1414.75,
        "dilutedEPS": 0.25,
        "ebit": 479.509,
        "grossIncome": 1650.367,
        "interestIncomeExpense": 14.327,
        "netIncome": 350.158,
        "netIncomeAfterTaxes": 350.158,
        "nonRecurringItems": -35.551,
        "period": "2019-12-31",
        "pretaxIncome": 458.285,
        "provisionforIncomeTaxes": 108.127,
        "revenue": 5586.369,
        "sgaExpense": 958.08,
        "totalOperatingExpense": 1170.858,
        "year": 2019
      },
      {
        "costOfGoodsSold": 3495.175,
        "depreciationAmortization": 201.979,
        "dilutedAverageSharesOutstanding": 1398.1,
        "dilutedEPS": 0.12,
        "ebit": 352.059,
        "grossIncome": 1369.81,
        "interestIncomeExpense": 10.068,
        "netIncome": 176.553,
        "netIncomeAfterTaxes": 170.107,
        "nonRecurringItems": -93.691,
        "period": "2018-12-31",
        "pretaxIncome": 268.436,
        "provisionforIncomeTaxes": 98.329,
        "revenue": 4864.985,
        "sgaExpense": 815.772,
        "totalOperatingExpense": 1017.751,
        "year": 2018
      },
      {
        "costOfGoodsSold": 3286.719,
        "depreciationAmortization": 163.348,
        "dilutedAverageSharesOutstanding": 1428.05,
        "dilutedEPS": 0.12,
        "ebit": 282.619,
        "grossIncome": 1189.693,
        "interestIncomeExpense": 6.469,
        "netIncome": 176.253,
        "netIncomeAfterTaxes": 176.247,
        "nonRecurringItems": -13.345,
        "period": "2017-12-31",
        "pretaxIncome": 275.743,
        "provisionforIncomeTaxes": 99.496,
        "revenue": 4476.412,
        "sgaExpense": 743.726,
        "totalOperatingExpense": 907.074,
        "year": 2017
      },
      {
        "costOfGoodsSold": 3112.534,
        "depreciationAmortization": 146.368,
        "dilutedAverageSharesOutstanding": 1488.5,
        "dilutedEPS": 0.02,
        "ebit": 57.858,
        "grossIncome": 791.85,
        "interestIncomeExpense": 4.758,
        "netIncome": 22.938,
        "netIncomeAfterTaxes": 22.938,
        "nonRecurringItems": -23.877,
        "period": "2016-12-31",
        "pretaxIncome": 38.739,
        "provisionforIncomeTaxes": 15.801,
        "revenue": 3904.384,
        "sgaExpense": 587.624,
        "totalOperatingExpense": 733.992,
        "year": 2016
      },
      {
        "costOfGoodsSold": 3064.524,
        "depreciationAmortization": 130.368,
        "dilutedAverageSharesOutstanding": 1574.7,
        "dilutedEPS": 0.3,
        "ebit": 776.212,
        "grossIncome": 1436.699,
        "interestIncomeExpense": 6.849,
        "netIncome": 475.602,
        "netIncomeAfterTaxes": 475.602,
        "nonRecurringItems": -13.194,
        "period": "2015-12-31",
        "pretaxIncome": 769.867,
        "provisionforIncomeTaxes": 294.265,
        "revenue": 4501.223,
        "sgaExpense": 530.119,
        "totalOperatingExpense": 660.487,
        "year": 2015
      }
    ],
    "symbol": "CMG"
  }
}