{
  "symbol": "PHM",
  "statement": "ic",
  "frequency": "quarterly",
  "timestamp": "2025-09-19T14:05:55.692542",
  "data": {
    "financials": [
      {
        "costOfGoodsSold": 3205.549,
        "depreciationAmortization": 2.301,
        "dilutedAverageSharesOutstanding": 200.681,
        "dilutedEPS": 3.0321,
        "ebit": 808.651,
        "grossIncome": 1198.206,
        "interestExpense": 0.141,
        "interestIncomeExpense": 9.849,
        "netIncome": 608.483,
        "netIncomeAfterTaxes": 608.483,
        "nonRecurringItems": -11.344,
        "otherOperatingExpensesTotal": -3.199,
        "period": "2025-06-30",
        "pretaxIncome": 807.156,
        "provisionforIncomeTaxes": 198.673,
        "revenue": 4403.755,
        "sgaExpense": 390.453,
        "totalOperatingExpense": 389.555
      },
      {
        "costOfGoodsSold": 2825.04,
        "depreciationAmortization": 2.367,
        "dilutedAverageSharesOutstanding": 203.664,
        "dilutedEPS": 2.567,
        "ebit": 674.835,
        "grossIncome": 1067.61,
        "interestExpense": 0.127,
        "interestIncomeExpense": 10.637,
        "netIncome": 522.799,
        "netIncomeAfterTaxes": 522.799,
        "nonRecurringItems": -4.335,
        "otherOperatingExpensesTotal": -2.929,
        "period": "2025-03-31",
        "pretaxIncome": 681.137,
        "provisionforIncomeTaxes": 158.338,
        "revenue": 3892.65,
        "sgaExpense": 393.337,
        "totalOperatingExpense": 392.775
      },
      {
        "costOfGoodsSold": 3567.091,
        "depreciationAmortization": 2.498,
        "dilutedAverageSharesOutstanding": 206.145,
        "dilutedEPS": 4.4301,
        "ebit": 1175.873,
        "grossIncome": 1354.703,
        "interestExpense": 0.127,
        "interestIncomeExpense": 12.715,
        "netIncome": 913.239,
        "netIncomeAfterTaxes": 913.239,
        "nonRecurringItems": -5.86,
        "otherOperatingExpensesTotal": -19.307,
        "period": "2024-12-31",
        "pretaxIncome": 1182.728,
        "provisionforIncomeTaxes": 269.489,
        "revenue": 4921.794,
        "sgaExpense": 195.639,
        "totalOperatingExpense": 178.83
      },
      {
        "costOfGoodsSold": 3175.459,
        "depreciationAmortization": 2.498,
        "dilutedAverageSharesOutstanding": 208.46,
        "dilutedEPS": 3.348,
        "ebit": 894.792,
        "grossIncome": 1300.883,
        "interestExpense": 0.12,
        "interestIncomeExpense": 16.136,
        "netIncome": 697.914,
        "netIncomeAfterTaxes": 697.914,
        "nonRecurringItems": -4.732,
        "otherOperatingExpensesTotal": -3.304,
        "period": "2024-09-30",
        "pretaxIncome": 906.196,
        "provisionforIncomeTaxes": 208.282,
        "revenue": 4476.342,
        "sgaExpense": 406.897,
        "totalOperatingExpense": 406.091
      },
      {
        "costOfGoodsSold": 3206,
        "depreciationAmortization": 2.5,
        "dilutedAverageSharesOutstanding": 211,
        "dilutedEPS": 3.83,
        "ebit": 1032.649,
        "grossIncome": 1393.966,
        "interestExpense": 0.117,
        "interestIncomeExpense": 19.191,
        "netIncome": 809,
        "netIncomeAfterTaxes": 809,
        "nonRecurringItems": -3.84,
        "otherOperatingExpensesTotal": -2.64,
        "period": "2024-06-30",
        "pretaxIncome": 1048,
        "provisionforIncomeTaxes": 239,
        "revenue": 4599.655,
        "sgaExpense": 361,
        "totalOperatingExpense": 360.351
      },
      {
        "costOfGoodsSold": 2778,
        "depreciationAmortization": 2.54,
        "dilutedAverageSharesOutstanding": 214,
        "dilutedEPS": 3.1,
        "ebit": 817.884,
        "grossIncome": 1171.652,
        "interestExpense": 0.115,
        "interestIncomeExpense": 55.166,
        "netIncome": 663,
        "netIncomeAfterTaxes": 663,
        "nonRecurringItems": -4.05,
        "otherOperatingExpensesTotal": -6.01,
        "period": "2024-03-31",
        "pretaxIncome": 869,
        "provisionforIncomeTaxes": 206,
        "revenue": 3949.16,
        "sgaExpense": 358,
        "totalOperatingExpense": 354.116
      },
      {
        "costOfGoodsSold": 3044.095,
        "depreciationAmortization": 2.623,
        "dilutedAverageSharesOutstanding": 215.7,
        "dilutedEPS": 3.285,
        "ebit": 940.477,
        "grossIncome": 1249.557,
        "interestExpense": 0.122,
        "interestIncomeExpense": 19.923,
        "netIncome": 708.546,
        "netIncomeAfterTaxes": 710.993,
        "nonRecurringItems": -13.582,
        "otherOperatingExpensesTotal": -1.862,
        "period": "2023-12-31",
        "pretaxIncome": 946.818,
        "provisionforIncomeTaxes": 235.825,
        "revenue": 4293.652,
        "sgaExpense": 308.319,
        "totalOperatingExpense": 309.08
      },
      {
        "costOfGoodsSold": 2821.034,
        "depreciationAmortization": 2.623,
        "dilutedAverageSharesOutstanding": 219.682,
        "dilutedEPS": 2.8978,
        "ebit": 829.334,
        "grossIncome": 1182.499,
        "interestExpense": 0.12,
        "interestIncomeExpense": 20.074,
        "netIncome": 636.571,
        "netIncomeAfterTaxes": 638.775,
        "nonRecurringItems": -2.094,
        "otherOperatingExpensesTotal": -2.625,
        "period": "2023-09-30",
        "pretaxIncome": 847.314,
        "provisionforIncomeTaxes": 208.539,
        "revenue": 4003.533,
        "sgaExpense": 353.167,
        "totalOperatingExpense": 353.165
      },
      {
        "costOfGoodsSold": 2935.633,
        "depreciationAmortization": 2.623,
        "dilutedAverageSharesOutstanding": 223.392,
        "dilutedEPS": 3.2135,
        "ebit": 938.377,
        "grossIncome": 1253.12,
        "interestExpense": 0.12,
        "interestIncomeExpense": 16.126,
        "netIncome": 717.858,
        "netIncomeAfterTaxes": 720.345,
        "nonRecurringItems": -1.49,
        "otherOperatingExpensesTotal": -2.517,
        "period": "2023-06-30",
        "pretaxIncome": 953.013,
        "provisionforIncomeTaxes": 232.668,
        "revenue": 4188.753,
        "sgaExpense": 314.637,
        "totalOperatingExpense": 314.743
      },
      {
        "costOfGoodsSold": 2541.331,
        "depreciationAmortization": 2.67,
        "dilutedAverageSharesOutstanding": 224.029,
        "dilutedEPS": 2.3654,
        "ebit": 698.304,
        "grossIncome": 1034.31,
        "interestExpense": 0.107,
        "interestIncomeExpense": 9.501,
        "netIncome": 529.901,
        "netIncomeAfterTaxes": 532.259,
        "nonRecurringItems": -5.683,
        "otherOperatingExpensesTotal": -3.183,
        "period": "2023-03-31",
        "pretaxIncome": 702.122,
        "provisionforIncomeTaxes": 169.863,
        "revenue": 3575.641,
        "sgaExpense": 336.519,
        "totalOperatingExpense": 336.006
      },
      {
        "costOfGoodsSold": 3673.844,
        "depreciationAmortization": 2.765,
        "dilutedAverageSharesOutstanding": 228.027,
        "dilutedEPS": 3.8461,
        "ebit": 1145.754,
        "grossIncome": 1497.534,
        "interestExpense": 0.068,
        "interestIncomeExpense": 49.145,
        "netIncome": 876.978,
        "netIncomeAfterTaxes": 882.231,
        "nonRecurringItems": -31.084,
        "otherOperatingExpensesTotal": -1.816,
        "period": "2022-12-31",
        "pretaxIncome": 1163.815,
        "provisionforIncomeTaxes": 281.584,
        "revenue": 5171.378,
        "sgaExpense": 350.831,
        "totalOperatingExpense": 351.78
      },
      {
        "costOfGoodsSold": 2757.233,
        "depreciationAmortization": 2.766,
        "dilutedAverageSharesOutstanding": 232.3,
        "dilutedEPS": 2.6871,
        "ebit": 834.988,
        "grossIncome": 1186.583,
        "interestExpense": 0.065,
        "interestIncomeExpense": 0.751,
        "netIncome": 624.192,
        "netIncomeAfterTaxes": 627.928,
        "nonRecurringItems": -24.462,
        "otherOperatingExpensesTotal": -1.283,
        "period": "2022-09-30",
        "pretaxIncome": 811.277,
        "provisionforIncomeTaxes": 183.349,
        "revenue": 3943.816,
        "sgaExpense": 350.112,
        "totalOperatingExpense": 351.595
      },
      {
        "costOfGoodsSold": 4963.42,
        "depreciationAmortization": 5.587,
        "dilutedAverageSharesOutstanding": 235.5895,
        "dilutedEPS": 4.6692,
        "ebit": 1470.008,
        "grossIncome": 2150.381,
        "interestExpense": 0.066,
        "interestIncomeExpense": 2.471,
        "netIncome": 1099.971,
        "netIncomeAfterTaxes": 1107.158,
        "nonRecurringItems": -8.013,
        "otherOperatingExpensesTotal": -5.493,
        "period": "2022-06-30",
        "pretaxIncome": 1464.466,
        "provisionforIncomeTaxes": 357.308,
        "revenue": 7113.801,
        "sgaExpense": 680.279,
        "totalOperatingExpense": 680.373
      },
      {
        "costOfGoodsSold": 2256.561,
        "depreciationAmortization": 2.821,
        "dilutedAverageSharesOutstanding": 239.9375,
        "dilutedEPS": 1.8816,
        "ebit": 601.879,
        "grossIncome": 931.054,
        "interestExpense": 0.085,
        "interestIncomeExpense": 1.524,
        "netIncome": 451.457,
        "netIncomeAfterTaxes": 454.723,
        "nonRecurringItems": -3.51,
        "otherOperatingExpensesTotal": -2.669,
        "period": "2022-03-31",
        "pretaxIncome": 599.893,
        "provisionforIncomeTaxes": 145.17,
        "revenue": 3187.615,
        "sgaExpense": 329.023,
        "totalOperatingExpense": 329.175
      },
      {
        "costOfGoodsSold": 3164.022,
        "depreciationAmortization": 2.931,
        "dilutedAverageSharesOutstanding": 252.146,
        "dilutedEPS": 2.6072,
        "ebit": 849.523,
        "grossIncome": 1194.536,
        "interestExpense": 0.115,
        "interestIncomeExpense": 11.876,
        "netIncome": 657.376,
        "netIncomeAfterTaxes": 663.265,
        "nonRecurringItems": -5.482,
        "otherOperatingExpensesTotal": -2.138,
        "period": "2021-12-31",
        "pretaxIncome": 855.917,
        "provisionforIncomeTaxes": 192.652,
        "revenue": 4358.558,
        "sgaExpense": 344.22,
        "totalOperatingExpense": 345.013
      },
      {
        "costOfGoodsSold": 2533.392,
        "depreciationAmortization": 3.612,
        "dilutedAverageSharesOutstanding": 258.899,
        "dilutedEPS": 1.822,
        "ebit": 623.044,
        "grossIncome": 945.658,
        "interestExpense": 0.115,
        "interestIncomeExpense": 0.925,
        "netIncome": 471.707,
        "netIncomeAfterTaxes": 475.549,
        "nonRecurringItems": -3.567,
        "otherOperatingExpensesTotal": -1.504,
        "period": "2021-09-30",
        "pretaxIncome": 620.402,
        "provisionforIncomeTaxes": 144.853,
        "revenue": 3479.05,
        "sgaExpense": 320.506,
        "totalOperatingExpense": 322.614
      },
      {
        "costOfGoodsSold": 4447.046,
        "depreciationAmortization": 9.959,
        "dilutedAverageSharesOutstanding": 260.7105,
        "dilutedEPS": 3.0721,
        "ebit": 1092.38,
        "grossIncome": 1642.228,
        "interestExpense": 0.138,
        "interestIncomeExpense": 5.849,
        "netIncome": 800.902,
        "netIncomeAfterTaxes": 807.506,
        "nonRecurringItems": -64.703,
        "otherOperatingExpensesTotal": -4.083,
        "period": "2021-06-30",
        "pretaxIncome": 1033.526,
        "provisionforIncomeTaxes": 226.02,
        "revenue": 6089.274,
        "sgaExpense": 543.972,
        "totalOperatingExpense": 549.848
      },
      {
        "costOfGoodsSold": 1999.9,
        "depreciationAmortization": 5,
        "dilutedAverageSharesOutstanding": 266,
        "dilutedEPS": 1.13,
        "ebit": 455.6,
        "grossIncome": 729.8,
        "interestExpense": 0.134,
        "interestIncomeExpense": 1.3,
        "netIncome": 301.7,
        "netIncomeAfterTaxes": 304.1,
        "nonRecurringItems": -62.8,
        "otherOperatingExpensesTotal": -2.4,
        "period": "2021-03-31",
        "pretaxIncome": 394.1,
        "provisionforIncomeTaxes": 89.9,
        "revenue": 2729.8,
        "sgaExpense": 271.7,
        "totalOperatingExpense": 274.3
      },
      {
        "costOfGoodsSold": 2383.4,
        "depreciationAmortization": 5,
        "dilutedAverageSharesOutstanding": 268.5,
        "dilutedEPS": 1.62,
        "ebit": 526.7,
        "grossIncome": 808.9,
        "interestExpense": 0.226,
        "interestIncomeExpense": 1.2,
        "netIncome": 434.2,
        "netIncomeAfterTaxes": 438.1,
        "nonRecurringItems": -4.1,
        "otherOperatingExpensesTotal": -2.3,
        "period": "2020-12-31",
        "pretaxIncome": 523.8,
        "provisionforIncomeTaxes": 85.6,
        "revenue": 3192.4,
        "sgaExpense": 279.7,
        "totalOperatingExpense": 282.3
      },
      {
        "costOfGoodsSold": 2195.1,
        "depreciationAmortization": 5,
        "dilutedAverageSharesOutstanding": 269,
        "dilutedEPS": 1.54,
        "ebit": 484.9,
        "grossIncome": 759.9,
        "interestExpense": 0.225,
        "interestIncomeExpense": 1,
        "netIncome": 413,
        "netIncomeAfterTaxes": 416.4,
        "nonRecurringItems": -1.7,
        "otherOperatingExpensesTotal": -1.2,
        "period": "2020-09-30",
        "pretaxIncome": 484.2,
        "provisionforIncomeTaxes": 67.8,
        "revenue": 2955,
        "sgaExpense": 271.3,
        "totalOperatingExpense": 275
      },
      {
        "costOfGoodsSold": 1934.6,
        "depreciationAmortization": 5,
        "dilutedAverageSharesOutstanding": 272.1,
        "dilutedEPS": 1.28,
        "ebit": 460.6,
        "grossIncome": 659.2,
        "interestExpense": 3.001,
        "interestIncomeExpense": -1.3,
        "netIncome": 345.5,
        "netIncomeAfterTaxes": 348.6,
        "nonRecurringItems": -2.3,
        "otherOperatingExpensesTotal": -3.4,
        "period": "2020-06-30",
        "pretaxIncome": 457,
        "provisionforIncomeTaxes": 108.4,
        "revenue": 2593.8,
        "sgaExpense": 196.9,
        "totalOperatingExpense": 198.6
      },
      {
        "costOfGoodsSold": 1744.8,
        "depreciationAmortization": 4.6,
        "dilutedAverageSharesOutstanding": 269.6,
        "dilutedEPS": 0.75,
        "ebit": 284.7,
        "grossIncome": 550.2,
        "interestExpense": 0.796,
        "interestIncomeExpense": 3.6,
        "netIncome": 201.7,
        "netIncomeAfterTaxes": 203.7,
        "nonRecurringItems": -24.5,
        "otherOperatingExpensesTotal": -2.8,
        "period": "2020-03-31",
        "pretaxIncome": 263.8,
        "provisionforIncomeTaxes": 60.1,
        "revenue": 2295,
        "sgaExpense": 263.7,
        "totalOperatingExpense": 265.5
      },
      {
        "costOfGoodsSold": 2315.5,
        "depreciationAmortization": 3.6,
        "dilutedAverageSharesOutstanding": 271.4,
        "dilutedEPS": 1.22,
        "ebit": 437.3,
        "grossIncome": 701.4,
        "interestExpense": 0.147,
        "interestIncomeExpense": 4,
        "netIncome": 332.4,
        "netIncomeAfterTaxes": 335.8,
        "nonRecurringItems": -5.3,
        "otherOperatingExpensesTotal": -1,
        "period": "2019-12-31",
        "pretaxIncome": 436,
        "provisionforIncomeTaxes": 100.2,
        "revenue": 3016.9,
        "sgaExpense": 261.5,
        "totalOperatingExpense": 264.2
      },
      {
        "costOfGoodsSold": 2068.5,
        "depreciationAmortization": 3.6,
        "dilutedAverageSharesOutstanding": 273.6,
        "dilutedEPS": 0.99,
        "ebit": 365,
        "grossIncome": 641.9,
        "interestExpense": 0.147,
        "interestIncomeExpense": 3.6,
        "netIncome": 270.4,
        "netIncomeAfterTaxes": 273.1,
        "nonRecurringItems": -2.5,
        "otherOperatingExpensesTotal": 2.7,
        "period": "2019-09-30",
        "pretaxIncome": 366.1,
        "provisionforIncomeTaxes": 93,
        "revenue": 2710.4,
        "sgaExpense": 270.6,
        "totalOperatingExpense": 276.8
      },
      {
        "costOfGoodsSold": 1905.3,
        "depreciationAmortization": 3.6,
        "dilutedAverageSharesOutstanding": 275.4,
        "dilutedEPS": 0.87,
        "ebit": 323.7,
        "grossIncome": 583.7,
        "interestExpense": 0.146,
        "interestIncomeExpense": 4.5,
        "netIncome": 238.6,
        "netIncomeAfterTaxes": 241,
        "nonRecurringItems": -7.4,
        "otherOperatingExpensesTotal": -3,
        "period": "2019-06-30",
        "pretaxIncome": 320.8,
        "provisionforIncomeTaxes": 79.7,
        "revenue": 2489,
        "sgaExpense": 259.4,
        "totalOperatingExpense": 260
      },
      {
        "costOfGoodsSold": 1526.3,
        "depreciationAmortization": 3.5,
        "dilutedAverageSharesOutstanding": 277.8,
        "dilutedEPS": 0.59,
        "ebit": 214.8,
        "grossIncome": 470.4,
        "interestExpense": 0.144,
        "interestIncomeExpense": 4.8,
        "netIncome": 165,
        "netIncomeAfterTaxes": 166.8,
        "nonRecurringItems": -2.9,
        "otherOperatingExpensesTotal": -0.6,
        "period": "2019-03-31",
        "pretaxIncome": 216.7,
        "provisionforIncomeTaxes": 49.9,
        "revenue": 1996.7,
        "sgaExpense": 252.7,
        "totalOperatingExpense": 255.6
      },
      {
        "costOfGoodsSold": 2370.2,
        "depreciationAmortization": 3.5,
        "dilutedAverageSharesOutstanding": 280.2,
        "dilutedEPS": 0.84,
        "ebit": 334.5,
        "grossIncome": 628.9,
        "interestExpense": 0.158,
        "interestIncomeExpense": 4.8,
        "netIncome": 235.1,
        "netIncomeAfterTaxes": 237.6,
        "nonRecurringItems": -9.8,
        "otherOperatingExpensesTotal": -1.4,
        "period": "2018-12-31",
        "pretaxIncome": 329.5,
        "provisionforIncomeTaxes": 91.8,
        "revenue": 2999.2,
        "sgaExpense": 292.3,
        "totalOperatingExpense": 294.5
      },
      {
        "costOfGoodsSold": 2008.4,
        "depreciationAmortization": 3.5,
        "dilutedAverageSharesOutstanding": 284.7,
        "dilutedEPS": 1.01,
        "ebit": 385.2,
        "grossIncome": 640.9,
        "interestExpense": 0.152,
        "interestIncomeExpense": 2.6,
        "netIncome": 286.4,
        "netIncomeAfterTaxes": 289.5,
        "nonRecurringItems": -3.1,
        "otherOperatingExpensesTotal": -0.5,
        "period": "2018-09-30",
        "pretaxIncome": 384.7,
        "provisionforIncomeTaxes": 95.2,
        "revenue": 2649.4,
        "sgaExpense": 252.8,
        "totalOperatingExpense": 255.8
      },
      {
        "costOfGoodsSold": 1932.5,
        "depreciationAmortization": 3.5,
        "dilutedAverageSharesOutstanding": 287.4,
        "dilutedEPS": 1.12,
        "ebit": 410,
        "grossIncome": 637.2,
        "interestExpense": 0.165,
        "interestIncomeExpense": 0.9,
        "netIncome": 318.2,
        "netIncomeAfterTaxes": 324.1,
        "nonRecurringItems": -1.7,
        "otherOperatingExpensesTotal": -2.2,
        "period": "2018-06-30",
        "pretaxIncome": 409.2,
        "provisionforIncomeTaxes": 85.1,
        "revenue": 2569.7,
        "sgaExpense": 226.1,
        "totalOperatingExpense": 227.3
      },
      {
        "costOfGoodsSold": 1503.7,
        "depreciationAmortization": 3.5,
        "dilutedAverageSharesOutstanding": 286.9,
        "dilutedEPS": 0.6,
        "ebit": 225.4,
        "grossIncome": 466.4,
        "interestExpense": 0.143,
        "interestIncomeExpense": 1.4,
        "netIncome": 171.2,
        "netIncomeAfterTaxes": 170.8,
        "nonRecurringItems": -2.6,
        "otherOperatingExpensesTotal": -3.4,
        "period": "2018-03-31",
        "pretaxIncome": 224.2,
        "provisionforIncomeTaxes": 53.4,
        "revenue": 1970.1,
        "sgaExpense": 240.9,
        "totalOperatingExpense": 241
      },
      {
        "costOfGoodsSold": 2180.6,
        "depreciationAmortization": 3.5,
        "dilutedAverageSharesOutstanding": 293.3,
        "dilutedEPS": 0.26,
        "ebit": 409.2,
        "grossIncome": 613,
        "interestExpense": 0.132,
        "interestIncomeExpense": 2.7,
        "netIncome": 76.6,
        "netIncomeAfterTaxes": 249.5,
        "nonRecurringItems": -3.1,
        "otherOperatingExpensesTotal": -1.3,
        "period": "2017-12-31",
        "pretaxIncome": 408.8,
        "provisionforIncomeTaxes": 159.3,
        "revenue": 2793.6,
        "sgaExpense": 201.6,
        "totalOperatingExpense": 203.8
      },
      {
        "costOfGoodsSold": 1619,
        "depreciationAmortization": 3.5,
        "dilutedAverageSharesOutstanding": 300.2,
        "dilutedEPS": 0.58,
        "ebit": 270.1,
        "grossIncome": 512,
        "interestExpense": 0.101,
        "interestIncomeExpense": 0.8,
        "netIncome": 175.6,
        "netIncomeAfterTaxes": 177.5,
        "nonRecurringItems": -2.7,
        "otherOperatingExpensesTotal": 1,
        "period": "2017-09-30",
        "pretaxIncome": 268.2,
        "provisionforIncomeTaxes": 90.7,
        "revenue": 2131.1,
        "sgaExpense": 237.5,
        "totalOperatingExpense": 241.9
      },
      {
        "costOfGoodsSold": 1666,
        "depreciationAmortization": 3.5,
        "dilutedAverageSharesOutstanding": 299.5,
        "dilutedEPS": 0.34,
        "ebit": 132.9,
        "grossIncome": 355.8,
        "interestExpense": 0.133,
        "interestIncomeExpense": -5.3,
        "netIncome": 99.8,
        "netIncomeAfterTaxes": 100.7,
        "nonRecurringItems": -5.1,
        "otherOperatingExpensesTotal": 3.3,
        "period": "2017-06-30",
        "pretaxIncome": 122.5,
        "provisionforIncomeTaxes": 21.8,
        "revenue": 2021.9,
        "sgaExpense": 216.2,
        "totalOperatingExpense": 222.9
      },
      {
        "costOfGoodsSold": 1249.3,
        "depreciationAmortization": 3.5,
        "dilutedAverageSharesOutstanding": 315.4,
        "dilutedEPS": 0.29,
        "ebit": 139.1,
        "grossIncome": 380.6,
        "interestExpense": 0.137,
        "interestIncomeExpense": 1.9,
        "netIncome": 90.7,
        "netIncomeAfterTaxes": 91.5,
        "nonRecurringItems": -1.7,
        "otherOperatingExpensesTotal": 1.9,
        "period": "2017-03-31",
        "pretaxIncome": 139.3,
        "provisionforIncomeTaxes": 47.7,
        "revenue": 1629.9,
        "sgaExpense": 236.3,
        "totalOperatingExpense": 241.5
      },
      {
        "costOfGoodsSold": 1682.2,
        "depreciationAmortization": 3.5,
        "dilutedAverageSharesOutstanding": 327.7,
        "dilutedEPS": 0.83,
        "ebit": 415.3,
        "grossIncome": 810.9,
        "interestExpense": 0.16,
        "interestIncomeExpense": 4.3,
        "netIncome": 271.1,
        "netIncomeAfterTaxes": 273.2,
        "nonRecurringItems": -5.9,
        "otherOperatingExpensesTotal": 1.4,
        "period": "2016-12-31",
        "pretaxIncome": 413.7,
        "provisionforIncomeTaxes": 140.5,
        "revenue": 2493.1,
        "sgaExpense": 390.8,
        "totalOperatingExpense": 395.6
      },
      {
        "costOfGoodsSold": 1523.9,
        "depreciationAmortization": 3.5,
        "dilutedAverageSharesOutstanding": 342.4,
        "dilutedEPS": 0.37,
        "ebit": 218.3,
        "grossIncome": 419,
        "interestExpense": 0.165,
        "interestIncomeExpense": 1.2,
        "netIncome": 127.3,
        "netIncomeAfterTaxes": 128.5,
        "nonRecurringItems": -7.2,
        "otherOperatingExpensesTotal": 14.2,
        "period": "2016-09-30",
        "pretaxIncome": 212.3,
        "provisionforIncomeTaxes": 83.9,
        "revenue": 1942.9,
        "sgaExpense": 183,
        "totalOperatingExpense": 200.7
      },
      {
        "costOfGoodsSold": 1405.1,
        "depreciationAmortization": 3.5,
        "dilutedAverageSharesOutstanding": 344.5,
        "dilutedEPS": 0.34,
        "ebit": 199.8,
        "grossIncome": 394.8,
        "interestExpense": 0.187,
        "interestIncomeExpense": 4.5,
        "netIncome": 116.9,
        "netIncomeAfterTaxes": 117.8,
        "nonRecurringItems": -14.7,
        "otherOperatingExpensesTotal": -0.8,
        "period": "2016-06-30",
        "pretaxIncome": 189.6,
        "provisionforIncomeTaxes": 71.8,
        "revenue": 1799.9,
        "sgaExpense": 192.3,
        "totalOperatingExpense": 195
      },
      {
        "costOfGoodsSold": 1117.5,
        "depreciationAmortization": 3.5,
        "dilutedAverageSharesOutstanding": 348.6,
        "dilutedEPS": 0.24,
        "ebit": 119,
        "grossIncome": 315.1,
        "interestExpense": 0.174,
        "interestIncomeExpense": 0.9,
        "netIncome": 82.7,
        "netIncomeAfterTaxes": 83.3,
        "nonRecurringItems": -1.7,
        "otherOperatingExpensesTotal": 1.7,
        "period": "2016-03-31",
        "pretaxIncome": 118.2,
        "provisionforIncomeTaxes": 34.9,
        "revenue": 1432.6,
        "sgaExpense": 191,
        "totalOperatingExpense": 196.1
      },
      {
        "costOfGoodsSold": 1555.6,
        "depreciationAmortization": 3.2,
        "dilutedAverageSharesOutstanding": 351.6,
        "dilutedEPS": 0.64,
        "ebit": 373.8,
        "grossIncome": 506,
        "interestExpense": 0.19,
        "interestIncomeExpense": 3.4,
        "netIncome": 226.5,
        "netIncomeAfterTaxes": 228,
        "nonRecurringItems": -3.9,
        "otherOperatingExpensesTotal": -10,
        "period": "2015-12-31",
        "pretaxIncome": 373.3,
        "provisionforIncomeTaxes": 145.3,
        "revenue": 2061.6,
        "sgaExpense": 139,
        "totalOperatingExpense": 132.2
      },
      {
        "costOfGoodsSold": 1146.8,
        "depreciationAmortization": 3.2,
        "dilutedAverageSharesOutstanding": 353.4,
        "dilutedEPS": 0.3,
        "ebit": 177.3,
        "grossIncome": 360,
        "interestExpense": 0.203,
        "interestIncomeExpense": 2.5,
        "netIncome": 107.1,
        "netIncomeAfterTaxes": 107.8,
        "nonRecurringItems": -0.5,
        "otherOperatingExpensesTotal": 20.1,
        "period": "2015-09-30",
        "pretaxIncome": 179.3,
        "provisionforIncomeTaxes": 71.5,
        "revenue": 1506.7,
        "sgaExpense": 159.4,
        "totalOperatingExpense": 182.7
      }
    ],
    "symbol": "PHM"
  }
}