{
  "symbol": "WTW",
  "statement": "ic",
  "frequency": "annual",
  "timestamp": "2025-09-19T14:08:56.883974",
  "data": {
    "financials": [
      {
        "depreciationAmortization": 456,
        "dilutedAverageSharesOutstanding": 102,
        "dilutedEPS": -0.9608,
        "ebit": 2139,
        "interestExpense": 263,
        "interestIncomeExpense": -252,
        "minorityInterest": -10,
        "netIncome": -98,
        "netIncomeAfterTaxes": -88,
        "nonRecurringItems": -1849,
        "otherOperatingExpensesTotal": 1633,
        "period": "2024-12-31",
        "pretaxIncome": 104,
        "provisionforIncomeTaxes": 192,
        "revenue": 9930,
        "sgaExpense": 5702,
        "totalOperatingExpense": 7791,
        "totalOtherIncomeExpenseNet": 66,
        "year": 2024
      },
      {
        "depreciationAmortization": 505,
        "dilutedAverageSharesOutstanding": 106,
        "dilutedEPS": 9.9528,
        "ebit": 1819,
        "interestExpense": 235,
        "interestIncomeExpense": -243,
        "minorityInterest": -9,
        "netIncome": 1055,
        "netIncomeAfterTaxes": 1064,
        "nonRecurringItems": -411,
        "otherOperatingExpensesTotal": 1604,
        "period": "2023-12-31",
        "pretaxIncome": 1279,
        "provisionforIncomeTaxes": 215,
        "revenue": 9483,
        "sgaExpense": 5555,
        "totalOperatingExpense": 7664,
        "totalOtherIncomeExpenseNet": 114,
        "year": 2023
      },
      {
        "depreciationAmortization": 567,
        "dilutedAverageSharesOutstanding": 112,
        "dilutedEPS": 9,
        "ebit": 1458,
        "interestExpense": 208,
        "interestIncomeExpense": -204,
        "minorityInterest": -15,
        "netIncome": 1009,
        "netIncomeAfterTaxes": 1064,
        "nonRecurringItems": -273,
        "otherOperatingExpensesTotal": 1530,
        "period": "2022-12-31",
        "pretaxIncome": 1258,
        "provisionforIncomeTaxes": 194,
        "revenue": 8866,
        "sgaExpense": 5311,
        "totalOperatingExpense": 7408,
        "totalOtherIncomeExpenseNet": 277,
        "year": 2022
      },
      {
        "depreciationAmortization": 650,
        "dilutedAverageSharesOutstanding": 129,
        "dilutedEPS": 32.72,
        "ebit": 1422,
        "interestExpense": 211,
        "interestIncomeExpense": -195,
        "minorityInterest": -14,
        "netIncome": 4222,
        "netIncomeAfterTaxes": 2156,
        "nonRecurringItems": 1159,
        "otherOperatingExpensesTotal": 1428,
        "period": "2021-12-31",
        "pretaxIncome": 2692,
        "provisionforIncomeTaxes": 536,
        "revenue": 8998,
        "sgaExpense": 5498,
        "totalOperatingExpense": 7576,
        "totalOtherIncomeExpenseNet": 306,
        "year": 2021
      },
      {
        "depreciationAmortization": 768,
        "dilutedAverageSharesOutstanding": 130,
        "dilutedEPS": 7.66,
        "ebit": 993,
        "interestExpense": 244,
        "interestIncomeExpense": -235,
        "minorityInterest": -24,
        "netIncome": 996,
        "netIncomeAfterTaxes": 823,
        "nonRecurringItems": -53,
        "otherOperatingExpensesTotal": 1462,
        "period": "2020-12-31",
        "pretaxIncome": 1011,
        "provisionforIncomeTaxes": 188,
        "revenue": 8615,
        "sgaExpense": 5392,
        "totalOperatingExpense": 7622,
        "totalOtherIncomeExpenseNet": 306,
        "year": 2020
      },
      {
        "depreciationAmortization": 727,
        "dilutedAverageSharesOutstanding": 130,
        "dilutedEPS": 8.03,
        "ebit": 1067,
        "interestExpense": 234,
        "interestIncomeExpense": -240,
        "minorityInterest": -29,
        "netIncome": 1044,
        "netIncomeAfterTaxes": 849,
        "nonRecurringItems": -15,
        "otherOperatingExpensesTotal": 1403,
        "period": "2019-12-31",
        "pretaxIncome": 1046,
        "provisionforIncomeTaxes": 197,
        "revenue": 8370,
        "sgaExpense": 5173,
        "totalOperatingExpense": 7303,
        "totalOtherIncomeExpenseNet": 234,
        "year": 2019
      },
      {
        "depreciationAmortization": 742,
        "dilutedAverageSharesOutstanding": 132,
        "dilutedEPS": 5.2652,
        "ebit": 1011,
        "interestExpense": 207,
        "interestIncomeExpense": -229,
        "minorityInterest": -20,
        "netIncome": 695,
        "netIncomeAfterTaxes": 715,
        "nonRecurringItems": -211,
        "otherOperatingExpensesTotal": 1637,
        "period": "2018-12-31",
        "pretaxIncome": 851,
        "provisionforIncomeTaxes": 136,
        "revenue": 8513,
        "sgaExpense": 5123,
        "totalOperatingExpense": 7502,
        "totalOtherIncomeExpenseNet": 280,
        "year": 2018
      },
      {
        "depreciationAmortization": 784,
        "dilutedAverageSharesOutstanding": 136,
        "dilutedEPS": 4.17,
        "ebit": 917,
        "interestExpense": 187,
        "interestIncomeExpense": -259,
        "minorityInterest": -24,
        "netIncome": 568,
        "netIncomeAfterTaxes": 662,
        "nonRecurringItems": -388,
        "otherOperatingExpensesTotal": 1534,
        "period": "2017-12-31",
        "pretaxIncome": 492,
        "provisionforIncomeTaxes": -170,
        "revenue": 8202,
        "sgaExpense": 4967,
        "totalOperatingExpense": 7285,
        "totalOtherIncomeExpenseNet": 222,
        "year": 2017
      },
      {
        "depreciationAmortization": 769,
        "dilutedAverageSharesOutstanding": 138,
        "dilutedEPS": 3.0435,
        "ebit": 718,
        "interestExpense": 183,
        "interestIncomeExpense": -211,
        "minorityInterest": -18,
        "netIncome": 420,
        "netIncomeAfterTaxes": 438,
        "nonRecurringItems": -368,
        "otherOperatingExpensesTotal": 1551,
        "period": "2016-12-31",
        "pretaxIncome": 342,
        "provisionforIncomeTaxes": -96,
        "revenue": 7887,
        "sgaExpense": 4849,
        "totalOperatingExpense": 7169,
        "totalOtherIncomeExpenseNet": 203,
        "year": 2016
      }
    ],
    "symbol": "WTW"
  }
}