{
  "symbol": "ALGN",
  "statement": "ic",
  "frequency": "quarterly",
  "timestamp": "2025-09-19T13:55:30.991106",
  "data": {
    "financials": [
      {
        "costOfGoodsSold": 304.432,
        "dilutedAverageSharesOutstanding": 72.593,
        "dilutedEPS": 1.7165,
        "ebit": 162.933,
        "grossIncome": 708.017,
        "interestIncomeExpense": 2.859,
        "netIncome": 124.608,
        "netIncomeAfterTaxes": 124.608,
        "nonRecurringItems": 0.1,
        "period": "2025-06-30",
        "pretaxIncome": 173.516,
        "provisionforIncomeTaxes": 48.908,
        "researchDevelopment": 96.398,
        "revenue": 1012.449,
        "sgaExpense": 448.686,
        "totalOperatingExpense": 545.084,
        "totalOtherIncomeExpenseNet": 7.624
      },
      {
        "costOfGoodsSold": 297.054,
        "dilutedAverageSharesOutstanding": 73.615,
        "dilutedEPS": 1.2665,
        "ebit": 137.378,
        "grossIncome": 682.208,
        "interestIncomeExpense": 5.316,
        "netIncome": 93.23,
        "netIncomeAfterTaxes": 93.23,
        "nonRecurringItems": -6.278,
        "period": "2025-03-31",
        "pretaxIncome": 140.442,
        "provisionforIncomeTaxes": 47.212,
        "researchDevelopment": 97.201,
        "revenue": 979.262,
        "sgaExpense": 447.629,
        "totalOperatingExpense": 544.83,
        "totalOtherIncomeExpenseNet": 4.026
      },
      {
        "costOfGoodsSold": 298.278,
        "dilutedAverageSharesOutstanding": 74.525,
        "dilutedEPS": 1.3929,
        "ebit": 177.092,
        "grossIncome": 696.941,
        "interestIncomeExpense": 8.522,
        "netIncome": 103.807,
        "netIncomeAfterTaxes": 103.807,
        "nonRecurringItems": -32.943,
        "period": "2024-12-31",
        "pretaxIncome": 140.777,
        "provisionforIncomeTaxes": 36.97,
        "researchDevelopment": 94.878,
        "revenue": 995.219,
        "sgaExpense": 424.971,
        "totalOperatingExpense": 519.849,
        "totalOtherIncomeExpenseNet": -11.894
      },
      {
        "costOfGoodsSold": 296.098,
        "dilutedAverageSharesOutstanding": 74.757,
        "dilutedEPS": 1.5512,
        "ebit": 162.364,
        "grossIncome": 681.774,
        "interestIncomeExpense": 4.003,
        "netIncome": 115.963,
        "netIncomeAfterTaxes": 115.963,
        "nonRecurringItems": -0.066,
        "period": "2024-09-30",
        "pretaxIncome": 165.93,
        "provisionforIncomeTaxes": 49.967,
        "researchDevelopment": 85.272,
        "revenue": 977.872,
        "sgaExpense": 434.138,
        "totalOperatingExpense": 519.41,
        "totalOtherIncomeExpenseNet": -0.371
      },
      {
        "costOfGoodsSold": 305.862,
        "dilutedAverageSharesOutstanding": 75.223,
        "dilutedEPS": 1.2837,
        "ebit": 178.173,
        "grossIncome": 722.628,
        "interestIncomeExpense": 3.301,
        "netIncome": 96.564,
        "netIncomeAfterTaxes": 96.564,
        "nonRecurringItems": -31.127,
        "period": "2024-06-30",
        "pretaxIncome": 143.866,
        "provisionforIncomeTaxes": 47.302,
        "researchDevelopment": 92.193,
        "revenue": 1028.49,
        "sgaExpense": 452.262,
        "totalOperatingExpense": 544.455,
        "totalOtherIncomeExpenseNet": -6.481
      },
      {
        "costOfGoodsSold": 299.615,
        "dilutedAverageSharesOutstanding": 75.322,
        "dilutedEPS": 1.3944,
        "ebit": 154.135,
        "grossIncome": 697.816,
        "interestIncomeExpense": 4.392,
        "netIncome": 105.028,
        "netIncomeAfterTaxes": 105.028,
        "period": "2024-03-31",
        "pretaxIncome": 158.386,
        "provisionforIncomeTaxes": 53.358,
        "researchDevelopment": 91.859,
        "revenue": 997.431,
        "sgaExpense": 451.822,
        "totalOperatingExpense": 543.681,
        "totalOtherIncomeExpenseNet": -0.141
      },
      {
        "costOfGoodsSold": 287.202,
        "dilutedAverageSharesOutstanding": 75.725,
        "dilutedEPS": 1.6377,
        "ebit": 184.861,
        "grossIncome": 669.524,
        "interestIncomeExpense": 4.978,
        "netIncome": 124.014,
        "netIncomeAfterTaxes": 124.014,
        "nonRecurringItems": -13.316,
        "period": "2023-12-31",
        "pretaxIncome": 172.88,
        "provisionforIncomeTaxes": 48.866,
        "researchDevelopment": 82.16,
        "revenue": 956.726,
        "sgaExpense": 402.503,
        "totalOperatingExpense": 484.663,
        "totalOtherIncomeExpenseNet": -3.643
      },
      {
        "costOfGoodsSold": 297.1,
        "dilutedAverageSharesOutstanding": 76.8,
        "dilutedEPS": 1.58,
        "ebit": 166.3,
        "grossIncome": 663.1,
        "interestIncomeExpense": 5.5,
        "netIncome": 121.4,
        "netIncomeAfterTaxes": 121.4,
        "period": "2023-09-30",
        "pretaxIncome": 162.1,
        "provisionforIncomeTaxes": 40.7,
        "researchDevelopment": 88.7,
        "revenue": 960.2,
        "sgaExpense": 408,
        "totalOperatingExpense": 496.8,
        "totalOtherIncomeExpenseNet": -9.8
      },
      {
        "costOfGoodsSold": 288.6,
        "dilutedAverageSharesOutstanding": 76.7,
        "dilutedEPS": 1.46,
        "ebit": 171.9,
        "grossIncome": 713.6,
        "interestIncomeExpense": 4.4,
        "netIncome": 111.8,
        "netIncomeAfterTaxes": 111.8,
        "period": "2023-06-30",
        "pretaxIncome": 171.6,
        "provisionforIncomeTaxes": 59.8,
        "researchDevelopment": 88.5,
        "revenue": 1002.2,
        "sgaExpense": 453.2,
        "totalOperatingExpense": 541.6,
        "totalOtherIncomeExpenseNet": -4.8
      },
      {
        "costOfGoodsSold": 282.5,
        "dilutedAverageSharesOutstanding": 77.1,
        "dilutedEPS": 1.14,
        "ebit": 133.5,
        "grossIncome": 660.7,
        "interestIncomeExpense": 2.3,
        "netIncome": 87.8,
        "netIncomeAfterTaxes": 87.8,
        "period": "2023-03-31",
        "pretaxIncome": 134.6,
        "provisionforIncomeTaxes": 46.8,
        "researchDevelopment": 87.4,
        "revenue": 943.1,
        "sgaExpense": 439.7,
        "totalOperatingExpense": 527.1,
        "totalOtherIncomeExpenseNet": -1.2
      },
      {
        "costOfGoodsSold": 283.8,
        "dilutedAverageSharesOutstanding": 77.7,
        "dilutedEPS": 0.54,
        "ebit": 124.2,
        "grossIncome": 617.7,
        "interestIncomeExpense": 2.8,
        "netIncome": 41.8,
        "netIncomeAfterTaxes": 41.8,
        "nonRecurringItems": -11.5,
        "period": "2022-12-31",
        "pretaxIncome": 115.3,
        "provisionforIncomeTaxes": 73.5,
        "researchDevelopment": 83.5,
        "revenue": 901.5,
        "sgaExpense": 410.1,
        "totalOperatingExpense": 493.6,
        "totalOtherIncomeExpenseNet": -0.1
      },
      {
        "costOfGoodsSold": 271.2,
        "dilutedAverageSharesOutstanding": 78.2,
        "dilutedEPS": 0.93,
        "ebit": 143.7,
        "grossIncome": 619.2,
        "interestIncomeExpense": 1.7,
        "netIncome": 72.7,
        "netIncomeAfterTaxes": 72.7,
        "period": "2022-09-30",
        "pretaxIncome": 122.6,
        "provisionforIncomeTaxes": 49.9,
        "researchDevelopment": 77,
        "revenue": 890.3,
        "sgaExpense": 398.5,
        "totalOperatingExpense": 475.5,
        "totalOtherIncomeExpenseNet": -22.7
      },
      {
        "costOfGoodsSold": 282,
        "dilutedAverageSharesOutstanding": 78.5,
        "dilutedEPS": 1.44,
        "ebit": 188.2,
        "grossIncome": 687.6,
        "interestIncomeExpense": 0.2,
        "netIncome": 112.8,
        "netIncomeAfterTaxes": 112.8,
        "period": "2022-06-30",
        "pretaxIncome": 173.6,
        "provisionforIncomeTaxes": 60.8,
        "researchDevelopment": 73,
        "revenue": 969.6,
        "sgaExpense": 426.4,
        "totalOperatingExpense": 499.4,
        "totalOtherIncomeExpenseNet": -14.8
      },
      {
        "costOfGoodsSold": 263.9,
        "dilutedAverageSharesOutstanding": 79.2,
        "dilutedEPS": 1.7,
        "ebit": 198.1,
        "grossIncome": 709.3,
        "interestIncomeExpense": 0.7,
        "netIncome": 134.3,
        "netIncomeAfterTaxes": 134.3,
        "period": "2022-03-31",
        "pretaxIncome": 187.5,
        "provisionforIncomeTaxes": 53.2,
        "researchDevelopment": 71.8,
        "revenue": 973.2,
        "sgaExpense": 439.5,
        "totalOperatingExpense": 511.2,
        "totalOtherIncomeExpenseNet": -11.3
      },
      {
        "costOfGoodsSold": 286.5,
        "dilutedAverageSharesOutstanding": 79.6,
        "dilutedEPS": 2.4,
        "ebit": 220.9,
        "grossIncome": 744.6,
        "interestIncomeExpense": 0.7,
        "netIncome": 191,
        "netIncomeAfterTaxes": 191,
        "nonRecurringItems": 0,
        "period": "2021-12-31",
        "pretaxIncome": 220,
        "provisionforIncomeTaxes": 29.1,
        "researchDevelopment": 72.5,
        "revenue": 1031.1,
        "sgaExpense": 451.2,
        "totalOperatingExpense": 523.7,
        "totalOtherIncomeExpenseNet": -1.6
      },
      {
        "costOfGoodsSold": 260.8,
        "dilutedAverageSharesOutstanding": 79.5,
        "dilutedEPS": 2.28,
        "ebit": 261.2,
        "grossIncome": 755.2,
        "interestIncomeExpense": 0.4,
        "netIncome": 181,
        "netIncomeAfterTaxes": 181,
        "nonRecurringItems": 0,
        "period": "2021-09-30",
        "pretaxIncome": 262,
        "provisionforIncomeTaxes": 81,
        "researchDevelopment": 65.6,
        "revenue": 1015.9,
        "sgaExpense": 428.4,
        "totalOperatingExpense": 493.9,
        "totalOtherIncomeExpenseNet": 0.4
      },
      {
        "costOfGoodsSold": 252.3,
        "dilutedAverageSharesOutstanding": 79.6,
        "dilutedEPS": 2.51,
        "ebit": 268.9,
        "grossIncome": 758.5,
        "interestIncomeExpense": 0.4,
        "netIncome": 199.7,
        "netIncomeAfterTaxes": 199.7,
        "nonRecurringItems": 0,
        "period": "2021-06-30",
        "pretaxIncome": 268.8,
        "provisionforIncomeTaxes": 69.1,
        "researchDevelopment": 57.7,
        "revenue": 1010.8,
        "sgaExpense": 431.9,
        "totalOperatingExpense": 489.6,
        "totalOtherIncomeExpenseNet": -0.5
      },
      {
        "costOfGoodsSold": 217.7,
        "dilutedAverageSharesOutstanding": 79.8,
        "dilutedEPS": 2.51,
        "ebit": 225.4,
        "grossIncome": 677.1,
        "interestIncomeExpense": 1.6,
        "netIncome": 200.4,
        "netIncomeAfterTaxes": 200.4,
        "nonRecurringItems": 43.4,
        "period": "2021-03-31",
        "pretaxIncome": 261.6,
        "provisionforIncomeTaxes": 61.2,
        "researchDevelopment": 54.5,
        "revenue": 894.8,
        "sgaExpense": 397.1,
        "totalOperatingExpense": 451.6,
        "totalOtherIncomeExpenseNet": -8.9
      },
      {
        "costOfGoodsSold": 224.1,
        "dilutedAverageSharesOutstanding": 79.7,
        "dilutedEPS": 2,
        "ebit": 213.2,
        "equityEarningsAffiliates": 0,
        "grossIncome": 610.5,
        "interestIncomeExpense": 0.3,
        "netIncome": 159,
        "netIncomeAfterTaxes": 159,
        "nonRecurringItems": 0,
        "period": "2020-12-31",
        "pretaxIncome": 214.5,
        "provisionforIncomeTaxes": 55.6,
        "researchDevelopment": 48.9,
        "revenue": 834.5,
        "sgaExpense": 348.4,
        "totalOperatingExpense": 397.2,
        "totalOtherIncomeExpenseNet": 1
      },
      {
        "costOfGoodsSold": 200.1,
        "dilutedAverageSharesOutstanding": 79.2,
        "dilutedEPS": 1.76,
        "ebit": 177.1,
        "equityEarningsAffiliates": 0,
        "grossIncome": 534.1,
        "interestIncomeExpense": 0.3,
        "netIncome": 139.4,
        "netIncomeAfterTaxes": 139.4,
        "nonRecurringItems": 0,
        "period": "2020-09-30",
        "pretaxIncome": 184.5,
        "provisionforIncomeTaxes": 45.2,
        "researchDevelopment": 44.5,
        "revenue": 734.1,
        "sgaExpense": 312.5,
        "totalOperatingExpense": 357,
        "totalOtherIncomeExpenseNet": 7.1
      },
      {
        "costOfGoodsSold": 128,
        "dilutedAverageSharesOutstanding": 78.8,
        "dilutedEPS": -0.52,
        "ebit": -73,
        "equityEarningsAffiliates": 0,
        "grossIncome": 224.3,
        "interestIncomeExpense": 0.5,
        "netIncome": -40.6,
        "netIncomeAfterTaxes": -40.6,
        "nonRecurringItems": 0,
        "period": "2020-06-30",
        "pretaxIncome": -73.5,
        "provisionforIncomeTaxes": -32.9,
        "researchDevelopment": 40.4,
        "revenue": 352.3,
        "sgaExpense": 257,
        "totalOperatingExpense": 297.3,
        "totalOtherIncomeExpenseNet": -1
      },
      {
        "costOfGoodsSold": 156.6,
        "dilutedAverageSharesOutstanding": 79,
        "dilutedEPS": 19.21,
        "ebit": 69.9,
        "equityEarningsAffiliates": 0,
        "grossIncome": 394.4,
        "interestIncomeExpense": 2,
        "netIncome": 1518.1,
        "netIncomeAfterTaxes": 1518.1,
        "nonRecurringItems": 0,
        "period": "2020-03-31",
        "pretaxIncome": 53.4,
        "provisionforIncomeTaxes": -1464.8,
        "researchDevelopment": 41.5,
        "revenue": 551,
        "sgaExpense": 282.9,
        "totalOperatingExpense": 324.4,
        "totalOtherIncomeExpenseNet": -18.5
      },
      {
        "costOfGoodsSold": 177.8,
        "depreciationAmortization": 1.6,
        "dilutedAverageSharesOutstanding": 79.2,
        "dilutedEPS": 1.53,
        "ebit": 151.2,
        "equityEarningsAffiliates": 0,
        "grossIncome": 472,
        "interestIncomeExpense": 2.9,
        "netIncome": 121.3,
        "netIncomeAfterTaxes": 121.3,
        "nonRecurringItems": 0,
        "period": "2019-12-31",
        "pretaxIncome": 155.8,
        "provisionforIncomeTaxes": 34.5,
        "researchDevelopment": 41.3,
        "revenue": 649.8,
        "sgaExpense": 277.9,
        "totalOperatingExpense": 320.8,
        "totalOtherIncomeExpenseNet": 1.7
      },
      {
        "costOfGoodsSold": 169.8,
        "depreciationAmortization": 2.9,
        "dilutedAverageSharesOutstanding": 79.8,
        "dilutedEPS": 1.28,
        "ebit": 120.4,
        "equityEarningsAffiliates": 0,
        "grossIncome": 437.6,
        "interestIncomeExpense": 3.5,
        "netIncome": 102.5,
        "netIncomeAfterTaxes": 102.5,
        "nonRecurringItems": 6.8,
        "period": "2019-09-30",
        "pretaxIncome": 128.4,
        "provisionforIncomeTaxes": 25.9,
        "researchDevelopment": 39.7,
        "revenue": 607.3,
        "sgaExpense": 274.6,
        "totalOperatingExpense": 317.2,
        "totalOtherIncomeExpenseNet": -2.2
      },
      {
        "costOfGoodsSold": 168.4,
        "depreciationAmortization": 3.4,
        "dilutedAverageSharesOutstanding": 80.6,
        "dilutedEPS": 1.83,
        "ebit": 125.5,
        "equityEarningsAffiliates": -3.6,
        "grossIncome": 432.3,
        "interestIncomeExpense": 3.5,
        "netIncome": 147.1,
        "netIncomeAfterTaxes": 150.7,
        "nonRecurringItems": 51,
        "period": "2019-06-30",
        "pretaxIncome": 193.8,
        "provisionforIncomeTaxes": 43.1,
        "researchDevelopment": 38.9,
        "revenue": 600.7,
        "sgaExpense": 264.5,
        "totalOperatingExpense": 306.8,
        "totalOtherIncomeExpenseNet": 13.9
      },
      {
        "costOfGoodsSold": 146.9,
        "depreciationAmortization": 4.5,
        "dilutedAverageSharesOutstanding": 80.7,
        "dilutedEPS": 0.89,
        "ebit": 117.5,
        "equityEarningsAffiliates": -3.9,
        "grossIncome": 402.1,
        "interestExpense": 0.392,
        "interestIncomeExpense": 2.2,
        "netIncome": 71.8,
        "netIncomeAfterTaxes": 75.8,
        "nonRecurringItems": -29.8,
        "period": "2019-03-31",
        "pretaxIncome": 84.6,
        "provisionforIncomeTaxes": 8.8,
        "researchDevelopment": 37.5,
        "revenue": 549,
        "sgaExpense": 242.6,
        "totalOperatingExpense": 284.6,
        "totalOtherIncomeExpenseNet": -5.4
      },
      {
        "costOfGoodsSold": 150.9,
        "dilutedAverageSharesOutstanding": 80.8,
        "dilutedEPS": 1.21,
        "ebit": 120.5,
        "equityEarningsAffiliates": -2.1,
        "grossIncome": 383.1,
        "interestIncomeExpense": 2.2,
        "netIncome": 97.4,
        "netIncomeAfterTaxes": 99.5,
        "period": "2018-12-31",
        "pretaxIncome": 122,
        "provisionforIncomeTaxes": 22.5,
        "researchDevelopment": 35.8,
        "revenue": 534,
        "sgaExpense": 226.8,
        "totalOperatingExpense": 262.6,
        "totalOtherIncomeExpenseNet": -0.7
      },
      {
        "costOfGoodsSold": 133.5,
        "dilutedAverageSharesOutstanding": 81.4,
        "dilutedEPS": 1.24,
        "ebit": 125.2,
        "equityEarningsAffiliates": -1.1,
        "grossIncome": 371.8,
        "interestIncomeExpense": 2.2,
        "netIncome": 100.9,
        "netIncomeAfterTaxes": 102,
        "period": "2018-09-30",
        "pretaxIncome": 126.6,
        "provisionforIncomeTaxes": 24.6,
        "researchDevelopment": 32.7,
        "revenue": 505.3,
        "sgaExpense": 213.9,
        "totalOperatingExpense": 246.6,
        "totalOtherIncomeExpenseNet": -0.8
      },
      {
        "costOfGoodsSold": 124.7,
        "dilutedAverageSharesOutstanding": 81.5,
        "dilutedEPS": 1.3,
        "ebit": 122.7,
        "equityEarningsAffiliates": -3.7,
        "grossIncome": 365.6,
        "interestIncomeExpense": 1.9,
        "netIncome": 106.1,
        "netIncomeAfterTaxes": 109.8,
        "period": "2018-06-30",
        "pretaxIncome": 117.5,
        "provisionforIncomeTaxes": 7.7,
        "researchDevelopment": 30.8,
        "revenue": 490.3,
        "sgaExpense": 212.1,
        "totalOperatingExpense": 242.9,
        "totalOtherIncomeExpenseNet": -7.1
      },
      {
        "costOfGoodsSold": 109.5,
        "dilutedAverageSharesOutstanding": 81.6,
        "dilutedEPS": 1.17,
        "ebit": 98.2,
        "equityEarningsAffiliates": -1.8,
        "grossIncome": 327.4,
        "interestIncomeExpense": 2.2,
        "netIncome": 95.9,
        "netIncomeAfterTaxes": 97.6,
        "period": "2018-03-31",
        "pretaxIncome": 100.5,
        "provisionforIncomeTaxes": 2.9,
        "researchDevelopment": 29.6,
        "revenue": 436.9,
        "sgaExpense": 199.6,
        "totalOperatingExpense": 229.2,
        "totalOtherIncomeExpenseNet": 0.2
      },
      {
        "costOfGoodsSold": 103.4,
        "dilutedAverageSharesOutstanding": 82.1,
        "dilutedEPS": 0.12,
        "ebit": 109.6,
        "equityEarningsAffiliates": 1.7,
        "grossIncome": 317.9,
        "interestIncomeExpense": 2.6,
        "netIncome": 10.3,
        "netIncomeAfterTaxes": 92.8,
        "period": "2017-12-31",
        "pretaxIncome": 112.2,
        "provisionforIncomeTaxes": 19.4,
        "researchDevelopment": 26.2,
        "revenue": 421.3,
        "sgaExpense": 182.1,
        "totalOperatingExpense": 208.3
      },
      {
        "costOfGoodsSold": 92.8,
        "dilutedAverageSharesOutstanding": 81.8,
        "dilutedEPS": 1.01,
        "ebit": 98.8,
        "equityEarningsAffiliates": -1.6,
        "grossIncome": 292.5,
        "interestIncomeExpense": 3.8,
        "netIncome": 82.6,
        "netIncomeAfterTaxes": 84.2,
        "period": "2017-09-30",
        "pretaxIncome": 102.5,
        "provisionforIncomeTaxes": 18.3,
        "researchDevelopment": 24.2,
        "revenue": 385.3,
        "sgaExpense": 169.5,
        "totalOperatingExpense": 193.7
      },
      {
        "costOfGoodsSold": 85.6,
        "dilutedAverageSharesOutstanding": 81.6,
        "dilutedEPS": 0.85,
        "ebit": 83.6,
        "equityEarningsAffiliates": -2.2,
        "grossIncome": 270.9,
        "interestIncomeExpense": 3.2,
        "netIncome": 69.2,
        "netIncomeAfterTaxes": 71.4,
        "period": "2017-06-30",
        "pretaxIncome": 86.8,
        "provisionforIncomeTaxes": 15.4,
        "researchDevelopment": 24.4,
        "revenue": 356.5,
        "sgaExpense": 163,
        "totalOperatingExpense": 187.3
      },
      {
        "costOfGoodsSold": 74.7,
        "dilutedAverageSharesOutstanding": 81.5,
        "dilutedEPS": 0.85,
        "ebit": 61.7,
        "equityEarningsAffiliates": -1.1,
        "grossIncome": 235.6,
        "interestIncomeExpense": 1.6,
        "netIncome": 69.4,
        "netIncomeAfterTaxes": 70.5,
        "period": "2017-03-31",
        "pretaxIncome": 63.3,
        "provisionforIncomeTaxes": -7.2,
        "researchDevelopment": 22.8,
        "revenue": 310.3,
        "sgaExpense": 151.1,
        "totalOperatingExpense": 174
      },
      {
        "costOfGoodsSold": 73,
        "dilutedAverageSharesOutstanding": 81.4,
        "dilutedEPS": 0.59,
        "ebit": 68.4,
        "equityEarningsAffiliates": -1.2,
        "grossIncome": 220.2,
        "interestIncomeExpense": -7.5,
        "netIncome": 47.6,
        "netIncomeAfterTaxes": 48.8,
        "period": "2016-12-31",
        "pretaxIncome": 60.9,
        "provisionforIncomeTaxes": 12,
        "researchDevelopment": 21.6,
        "revenue": 293.2,
        "sgaExpense": 130.3,
        "totalOperatingExpense": 151.8
      },
      {
        "costOfGoodsSold": 69.4,
        "dilutedAverageSharesOutstanding": 81.5,
        "dilutedEPS": 0.63,
        "ebit": 62.1,
        "equityEarningsAffiliates": -0.5,
        "grossIncome": 209.2,
        "interestIncomeExpense": 1.5,
        "netIncome": 51.4,
        "netIncomeAfterTaxes": 51.8,
        "period": "2016-09-30",
        "pretaxIncome": 63.5,
        "provisionforIncomeTaxes": 11.7,
        "researchDevelopment": 20.4,
        "revenue": 278.6,
        "sgaExpense": 126.7,
        "totalOperatingExpense": 147.1
      },
      {
        "costOfGoodsSold": 64.1,
        "dilutedAverageSharesOutstanding": 81.3,
        "dilutedEPS": 0.62,
        "ebit": 65.1,
        "grossIncome": 205.2,
        "interestIncomeExpense": 0.1,
        "netIncome": 50.1,
        "netIncomeAfterTaxes": 50.1,
        "period": "2016-06-30",
        "pretaxIncome": 65.3,
        "provisionforIncomeTaxes": 15.1,
        "researchDevelopment": 18.6,
        "revenue": 269.4,
        "sgaExpense": 121.5,
        "totalOperatingExpense": 140.1
      },
      {
        "costOfGoodsSold": 58.1,
        "dilutedAverageSharesOutstanding": 81.3,
        "dilutedEPS": 0.5,
        "ebit": 53.3,
        "grossIncome": 180.6,
        "interestIncomeExpense": -0.4,
        "netIncome": 40.5,
        "netIncomeAfterTaxes": 40.5,
        "period": "2016-03-31",
        "pretaxIncome": 52.9,
        "provisionforIncomeTaxes": 12.4,
        "researchDevelopment": 15.1,
        "revenue": 238.7,
        "sgaExpense": 112.2,
        "totalOperatingExpense": 127.3
      },
      {
        "costOfGoodsSold": 57.5,
        "dilutedAverageSharesOutstanding": 81.4,
        "dilutedEPS": 0.6,
        "ebit": 59.3,
        "grossIncome": 172.8,
        "interestIncomeExpense": 0.3,
        "netIncome": 48.9,
        "netIncomeAfterTaxes": 48.9,
        "nonRecurringItems": 0,
        "period": "2015-12-31",
        "pretaxIncome": 59.7,
        "provisionforIncomeTaxes": 10.8,
        "researchDevelopment": 13.9,
        "revenue": 230.3,
        "sgaExpense": 99.6,
        "totalOperatingExpense": 113.4
      },
      {
        "costOfGoodsSold": 50.1,
        "dilutedAverageSharesOutstanding": 81.1,
        "dilutedEPS": 0.34,
        "ebit": 38,
        "grossIncome": 157.6,
        "interestIncomeExpense": -1.6,
        "netIncome": 27.6,
        "netIncomeAfterTaxes": 27.6,
        "period": "2015-09-30",
        "pretaxIncome": 36.5,
        "provisionforIncomeTaxes": 8.9,
        "researchDevelopment": 17.8,
        "revenue": 207.6,
        "sgaExpense": 101.8,
        "totalOperatingExpense": 119.5
      }
    ],
    "symbol": "ALGN"
  }
}