{
  "symbol": "VRSN",
  "statement": "ic",
  "frequency": "quarterly",
  "timestamp": "2025-09-19T14:08:12.981818",
  "data": {
    "financials": [
      {
        "costOfGoodsSold": 49.1,
        "dilutedAverageSharesOutstanding": 94,
        "dilutedEPS": 2.2064,
        "ebit": 280.7,
        "grossIncome": 360.8,
        "interestExpense": 18.9,
        "interestIncomeExpense": -18.9,
        "netIncome": 207.4,
        "netIncomeAfterTaxes": 207.4,
        "period": "2025-06-30",
        "pretaxIncome": 267.3,
        "provisionforIncomeTaxes": 59.9,
        "researchDevelopment": 25.7,
        "revenue": 409.9,
        "sgaExpense": 54.4,
        "totalOperatingExpense": 80.1,
        "totalOtherIncomeExpenseNet": 5.5
      },
      {
        "costOfGoodsSold": 49.4,
        "dilutedAverageSharesOutstanding": 94.8,
        "dilutedEPS": 2.1023,
        "ebit": 271.2,
        "grossIncome": 352.9,
        "interestExpense": 20.3,
        "interestIncomeExpense": -20.3,
        "netIncome": 199.3,
        "netIncomeAfterTaxes": 199.3,
        "period": "2025-03-31",
        "pretaxIncome": 258.4,
        "provisionforIncomeTaxes": 59.1,
        "researchDevelopment": 26,
        "revenue": 402.3,
        "sgaExpense": 55.7,
        "totalOperatingExpense": 81.7,
        "totalOtherIncomeExpenseNet": 7.5
      },
      {
        "costOfGoodsSold": 48.4,
        "dilutedAverageSharesOutstanding": 95.5,
        "dilutedEPS": 2.0052,
        "ebit": 263.8,
        "grossIncome": 347,
        "interestExpense": 18.8,
        "interestIncomeExpense": -18.8,
        "netIncome": 191.5,
        "netIncomeAfterTaxes": 191.5,
        "period": "2024-12-31",
        "pretaxIncome": 248.1,
        "provisionforIncomeTaxes": 56.6,
        "researchDevelopment": 24.9,
        "revenue": 395.4,
        "sgaExpense": 58.3,
        "totalOperatingExpense": 83.2,
        "totalOtherIncomeExpenseNet": 3.1
      },
      {
        "costOfGoodsSold": 46.8,
        "dilutedAverageSharesOutstanding": 97.3,
        "dilutedEPS": 2.0689,
        "ebit": 269.3,
        "grossIncome": 343.8,
        "interestExpense": 18.9,
        "interestIncomeExpense": -18.9,
        "netIncome": 201.3,
        "netIncomeAfterTaxes": 201.3,
        "period": "2024-09-30",
        "pretaxIncome": 260.9,
        "provisionforIncomeTaxes": 59.6,
        "researchDevelopment": 23.2,
        "revenue": 390.6,
        "sgaExpense": 51.3,
        "totalOperatingExpense": 74.5,
        "totalOtherIncomeExpenseNet": 10.5
      },
      {
        "costOfGoodsSold": 47.1,
        "dilutedAverageSharesOutstanding": 99,
        "dilutedEPS": 2.0081,
        "ebit": 266.2,
        "grossIncome": 340,
        "interestExpense": 18.8,
        "interestIncomeExpense": -18.8,
        "netIncome": 198.8,
        "netIncomeAfterTaxes": 198.8,
        "period": "2024-06-30",
        "pretaxIncome": 258.9,
        "provisionforIncomeTaxes": 60.1,
        "researchDevelopment": 23.8,
        "revenue": 387.1,
        "sgaExpense": 50,
        "totalOperatingExpense": 73.8,
        "totalOtherIncomeExpenseNet": 11.5
      },
      {
        "costOfGoodsSold": 49.1,
        "dilutedAverageSharesOutstanding": 100.9,
        "dilutedEPS": 1.9237,
        "ebit": 258.9,
        "grossIncome": 335.2,
        "interestExpense": 18.8,
        "interestIncomeExpense": -18.8,
        "netIncome": 194.1,
        "netIncomeAfterTaxes": 194.1,
        "period": "2024-03-31",
        "pretaxIncome": 254,
        "provisionforIncomeTaxes": 59.9,
        "researchDevelopment": 24.8,
        "revenue": 384.3,
        "sgaExpense": 51.5,
        "totalOperatingExpense": 76.3,
        "totalOtherIncomeExpenseNet": 13.9
      },
      {
        "costOfGoodsSold": 48.5,
        "dilutedAverageSharesOutstanding": 102,
        "dilutedEPS": 2.5951,
        "ebit": 256.3,
        "grossIncome": 331.9,
        "interestExpense": 18.8,
        "interestIncomeExpense": -18.8,
        "netIncome": 264.7,
        "netIncomeAfterTaxes": 264.7,
        "period": "2023-12-31",
        "pretaxIncome": 251.6,
        "provisionforIncomeTaxes": -13.1,
        "researchDevelopment": 22.9,
        "revenue": 380.4,
        "sgaExpense": 52.7,
        "totalOperatingExpense": 75.6,
        "totalOtherIncomeExpenseNet": 14.1
      },
      {
        "costOfGoodsSold": 48.6,
        "dilutedAverageSharesOutstanding": 103,
        "dilutedEPS": 1.83,
        "ebit": 254.3,
        "grossIncome": 327.7,
        "interestExpense": 18.8,
        "interestIncomeExpense": -18.8,
        "netIncome": 188.5,
        "netIncomeAfterTaxes": 188.5,
        "period": "2023-09-30",
        "pretaxIncome": 248.6,
        "provisionforIncomeTaxes": 60.1,
        "researchDevelopment": 21.7,
        "revenue": 376.3,
        "sgaExpense": 51.7,
        "totalOperatingExpense": 73.4,
        "totalOtherIncomeExpenseNet": 13.1
      },
      {
        "costOfGoodsSold": 50.3,
        "dilutedAverageSharesOutstanding": 104,
        "dilutedEPS": 1.79,
        "ebit": 248.7,
        "grossIncome": 321.7,
        "interestExpense": 18.9,
        "interestIncomeExpense": -18.9,
        "netIncome": 185.7,
        "netIncomeAfterTaxes": 185.7,
        "period": "2023-06-30",
        "pretaxIncome": 242.5,
        "provisionforIncomeTaxes": 56.8,
        "researchDevelopment": 22.2,
        "revenue": 372,
        "sgaExpense": 50.8,
        "totalOperatingExpense": 73,
        "totalOtherIncomeExpenseNet": 12.7
      },
      {
        "costOfGoodsSold": 49.9,
        "dilutedAverageSharesOutstanding": 105,
        "dilutedEPS": 1.7,
        "ebit": 241.3,
        "grossIncome": 314.5,
        "interestExpense": 18.8,
        "interestIncomeExpense": -18.8,
        "netIncome": 178.7,
        "netIncomeAfterTaxes": 178.7,
        "period": "2023-03-31",
        "pretaxIncome": 233.8,
        "provisionforIncomeTaxes": 55.1,
        "researchDevelopment": 24.2,
        "revenue": 364.4,
        "sgaExpense": 49,
        "totalOperatingExpense": 73.2,
        "totalOtherIncomeExpenseNet": 11.3
      },
      {
        "costOfGoodsSold": 50.5,
        "dilutedAverageSharesOutstanding": 105.9,
        "dilutedEPS": 1.7,
        "ebit": 245.5,
        "grossIncome": 318.7,
        "interestExpense": 18.8,
        "interestIncomeExpense": -18.8,
        "netIncome": 179.5,
        "netIncomeAfterTaxes": 179.5,
        "period": "2022-12-31",
        "pretaxIncome": 232.3,
        "provisionforIncomeTaxes": 52.8,
        "researchDevelopment": 21.5,
        "revenue": 369.2,
        "sgaExpense": 51.7,
        "totalOperatingExpense": 73.2,
        "totalOtherIncomeExpenseNet": 5.6
      },
      {
        "costOfGoodsSold": 50,
        "dilutedAverageSharesOutstanding": 107.1,
        "dilutedEPS": 1.58,
        "ebit": 236.8,
        "grossIncome": 306.9,
        "interestExpense": 18.8,
        "interestIncomeExpense": -18.8,
        "netIncome": 169.5,
        "netIncomeAfterTaxes": 169.5,
        "period": "2022-09-30",
        "pretaxIncome": 222.9,
        "provisionforIncomeTaxes": 53.4,
        "researchDevelopment": 21,
        "revenue": 356.9,
        "sgaExpense": 49.1,
        "totalOperatingExpense": 70.1,
        "totalOtherIncomeExpenseNet": 4.9
      },
      {
        "costOfGoodsSold": 49.5,
        "dilutedAverageSharesOutstanding": 108.8,
        "dilutedEPS": 1.54,
        "ebit": 236,
        "grossIncome": 302.4,
        "interestExpense": 18.9,
        "interestIncomeExpense": -18.9,
        "netIncome": 167.3,
        "netIncomeAfterTaxes": 167.3,
        "period": "2022-06-30",
        "pretaxIncome": 218.7,
        "provisionforIncomeTaxes": 51.4,
        "researchDevelopment": 20.3,
        "revenue": 351.9,
        "sgaExpense": 46.1,
        "totalOperatingExpense": 66.4,
        "totalOtherIncomeExpenseNet": 1.6
      },
      {
        "costOfGoodsSold": 50.7,
        "dilutedAverageSharesOutstanding": 110.3,
        "dilutedEPS": 1.43,
        "ebit": 224.8,
        "grossIncome": 296.2,
        "interestExpense": 18.8,
        "interestIncomeExpense": -18.8,
        "netIncome": 157.5,
        "netIncomeAfterTaxes": 157.5,
        "period": "2022-03-31",
        "pretaxIncome": 206.3,
        "provisionforIncomeTaxes": 48.8,
        "researchDevelopment": 22.9,
        "revenue": 346.9,
        "sgaExpense": 48.5,
        "totalOperatingExpense": 71.4,
        "totalOtherIncomeExpenseNet": 0.3
      },
      {
        "costOfGoodsSold": 49.4,
        "dilutedAverageSharesOutstanding": 111.1,
        "dilutedEPS": 2.97,
        "ebit": 222.1,
        "grossIncome": 290.9,
        "interestExpense": 18.828,
        "interestIncomeExpense": -18.7,
        "netIncome": 330.1,
        "netIncomeAfterTaxes": 330.1,
        "nonRecurringItems": 0,
        "period": "2021-12-31",
        "pretaxIncome": 203.4,
        "provisionforIncomeTaxes": -126.7,
        "researchDevelopment": 20.8,
        "revenue": 340.3,
        "sgaExpense": 48,
        "totalOperatingExpense": 68.8,
        "totalOtherIncomeExpenseNet": 0
      },
      {
        "costOfGoodsSold": 47.8,
        "dilutedAverageSharesOutstanding": 111.8,
        "dilutedEPS": 1.4,
        "ebit": 221.3,
        "grossIncome": 286.4,
        "interestExpense": 18.829,
        "interestIncomeExpense": -18.7,
        "netIncome": 156.6,
        "netIncomeAfterTaxes": 156.6,
        "period": "2021-09-30",
        "pretaxIncome": 202.6,
        "provisionforIncomeTaxes": 46,
        "researchDevelopment": 19.6,
        "revenue": 334.2,
        "sgaExpense": 45.6,
        "totalOperatingExpense": 65.1,
        "totalOtherIncomeExpenseNet": 0.1
      },
      {
        "costOfGoodsSold": 47.8,
        "dilutedAverageSharesOutstanding": 112.5,
        "dilutedEPS": 1.31,
        "ebit": 212.9,
        "grossIncome": 281.6,
        "interestExpense": 23.064,
        "interestIncomeExpense": -23,
        "netIncome": 147.8,
        "netIncomeAfterTaxes": 147.8,
        "nonRecurringItems": -2.1,
        "period": "2021-06-30",
        "pretaxIncome": 187.9,
        "provisionforIncomeTaxes": 40.1,
        "researchDevelopment": 19.8,
        "revenue": 329.4,
        "sgaExpense": 48.8,
        "totalOperatingExpense": 68.7,
        "totalOtherIncomeExpenseNet": 0
      },
      {
        "costOfGoodsSold": 47,
        "dilutedAverageSharesOutstanding": 113.3,
        "dilutedEPS": 1.33,
        "ebit": 210.4,
        "grossIncome": 276.7,
        "interestExpense": 22.534,
        "interestIncomeExpense": -22.3,
        "netIncome": 150.4,
        "netIncomeAfterTaxes": 150.4,
        "period": "2021-03-31",
        "pretaxIncome": 188.3,
        "provisionforIncomeTaxes": 38,
        "researchDevelopment": 20.3,
        "revenue": 323.6,
        "sgaExpense": 45.9,
        "totalOperatingExpense": 66.2,
        "totalOtherIncomeExpenseNet": 0.2
      },
      {
        "costOfGoodsSold": 46,
        "dilutedAverageSharesOutstanding": 114.1,
        "dilutedEPS": 1.38,
        "ebit": 204.5,
        "grossIncome": 274.3,
        "interestExpense": 22.537,
        "interestIncomeExpense": -22.2,
        "netIncome": 157.3,
        "netIncomeAfterTaxes": 157.3,
        "nonRecurringItems": 0.8,
        "period": "2020-12-31",
        "pretaxIncome": 182.9,
        "provisionforIncomeTaxes": 25.6,
        "researchDevelopment": 19.4,
        "revenue": 320.3,
        "sgaExpense": 50.4,
        "totalOperatingExpense": 69.8,
        "totalOtherIncomeExpenseNet": -0.2
      },
      {
        "costOfGoodsSold": 45,
        "dilutedAverageSharesOutstanding": 114.8,
        "dilutedEPS": 1.49,
        "ebit": 206.6,
        "grossIncome": 272.9,
        "interestExpense": 22.537,
        "interestIncomeExpense": -21.7,
        "netIncome": 171,
        "netIncomeAfterTaxes": 171,
        "nonRecurringItems": 0,
        "period": "2020-09-30",
        "pretaxIncome": 184.9,
        "provisionforIncomeTaxes": 13.9,
        "researchDevelopment": 19.7,
        "revenue": 317.9,
        "sgaExpense": 46.5,
        "totalOperatingExpense": 66.2,
        "totalOtherIncomeExpenseNet": 0
      },
      {
        "costOfGoodsSold": 43.6,
        "dilutedAverageSharesOutstanding": 115.5,
        "dilutedEPS": 1.32,
        "ebit": 206.7,
        "grossIncome": 270.8,
        "interestExpense": 22.535,
        "interestIncomeExpense": -20.3,
        "netIncome": 152.5,
        "netIncomeAfterTaxes": 152.5,
        "nonRecurringItems": 5.2,
        "period": "2020-06-30",
        "pretaxIncome": 191.6,
        "provisionforIncomeTaxes": 39.2,
        "researchDevelopment": 18.2,
        "revenue": 314.4,
        "sgaExpense": 45.8,
        "totalOperatingExpense": 64,
        "totalOtherIncomeExpenseNet": 0
      },
      {
        "costOfGoodsSold": 45.6,
        "dilutedAverageSharesOutstanding": 116.7,
        "dilutedEPS": 2.86,
        "ebit": 206.3,
        "grossIncome": 267,
        "interestExpense": 22.535,
        "interestIncomeExpense": -18.1,
        "netIncome": 334.1,
        "netIncomeAfterTaxes": 334.1,
        "period": "2020-03-31",
        "pretaxIncome": 190.8,
        "provisionforIncomeTaxes": -143.3,
        "researchDevelopment": 17.4,
        "revenue": 312.5,
        "sgaExpense": 43.3,
        "totalOperatingExpense": 60.7,
        "totalOtherIncomeExpenseNet": 2.7
      },
      {
        "costOfGoodsSold": 46.5,
        "dilutedAverageSharesOutstanding": 117.6,
        "dilutedEPS": 1.26,
        "ebit": 198.6,
        "grossIncome": 264.1,
        "interestExpense": 22.712,
        "interestIncomeExpense": -17.2,
        "netIncome": 148.3,
        "netIncomeAfterTaxes": 148.3,
        "nonRecurringItems": 0.8,
        "period": "2019-12-31",
        "pretaxIncome": 185,
        "provisionforIncomeTaxes": 36.7,
        "researchDevelopment": 15.1,
        "revenue": 310.5,
        "sgaExpense": 50.4,
        "totalOperatingExpense": 65.5,
        "totalOtherIncomeExpenseNet": 2.8
      },
      {
        "costOfGoodsSold": 44.4,
        "dilutedAverageSharesOutstanding": 118.6,
        "dilutedEPS": 1.3,
        "ebit": 205.6,
        "grossIncome": 264,
        "interestExpense": 22.633,
        "interestIncomeExpense": -16.2,
        "netIncome": 153.9,
        "netIncomeAfterTaxes": 153.9,
        "nonRecurringItems": 0,
        "period": "2019-09-30",
        "pretaxIncome": 193.5,
        "provisionforIncomeTaxes": 39.6,
        "researchDevelopment": 14.6,
        "revenue": 308.4,
        "sgaExpense": 43.7,
        "totalOperatingExpense": 58.4,
        "totalOtherIncomeExpenseNet": 4
      },
      {
        "costOfGoodsSold": 44.1,
        "dilutedAverageSharesOutstanding": 119.4,
        "dilutedEPS": 1.24,
        "ebit": 201.7,
        "grossIncome": 262.2,
        "interestExpense": 22.635,
        "interestIncomeExpense": -15.4,
        "netIncome": 147.5,
        "netIncomeAfterTaxes": 147.5,
        "nonRecurringItems": 0,
        "period": "2019-06-30",
        "pretaxIncome": 190.5,
        "provisionforIncomeTaxes": 43,
        "researchDevelopment": 15,
        "revenue": 306.3,
        "sgaExpense": 45.6,
        "totalOperatingExpense": 60.5,
        "totalOtherIncomeExpenseNet": 4.2
      },
      {
        "costOfGoodsSold": 45.5,
        "dilutedAverageSharesOutstanding": 120.3,
        "dilutedEPS": 1.35,
        "ebit": 200.3,
        "grossIncome": 260.9,
        "interestExpense": 22.631,
        "interestIncomeExpense": -15.3,
        "netIncome": 162.5,
        "netIncomeAfterTaxes": 411.5,
        "period": "2019-03-31",
        "pretaxIncome": 189.8,
        "provisionforIncomeTaxes": -221.7,
        "researchDevelopment": 16.1,
        "revenue": 306.4,
        "sgaExpense": 44.5,
        "totalOperatingExpense": 60.7,
        "totalOtherIncomeExpenseNet": 4.8
      },
      {
        "costOfGoodsSold": 48.4,
        "dilutedAverageSharesOutstanding": 121.4,
        "dilutedEPS": 1.5,
        "ebit": 194,
        "grossIncome": 259.1,
        "interestExpense": 22.634,
        "interestIncomeExpense": -16,
        "netIncome": 182.2,
        "netIncomeAfterTaxes": 187.9,
        "nonRecurringItems": 54.8,
        "period": "2018-12-31",
        "pretaxIncome": 233.9,
        "provisionforIncomeTaxes": 46,
        "researchDevelopment": 15,
        "revenue": 307.5,
        "sgaExpense": 50.1,
        "totalOperatingExpense": 65,
        "totalOtherIncomeExpenseNet": 1.1
      },
      {
        "costOfGoodsSold": 48.2,
        "dilutedAverageSharesOutstanding": 122.3,
        "dilutedEPS": 1.13,
        "ebit": 195,
        "grossIncome": 257.5,
        "interestExpense": 22.631,
        "interestIncomeExpense": -16.8,
        "netIncome": 137.7,
        "netIncomeAfterTaxes": 137.7,
        "nonRecurringItems": 0,
        "period": "2018-09-30",
        "pretaxIncome": 178.3,
        "provisionforIncomeTaxes": 40.6,
        "researchDevelopment": 13.7,
        "revenue": 305.8,
        "sgaExpense": 48.8,
        "totalOperatingExpense": 62.6,
        "totalOtherIncomeExpenseNet": 0.1
      },
      {
        "costOfGoodsSold": 47.4,
        "dilutedAverageSharesOutstanding": 123.2,
        "dilutedEPS": 1.04,
        "ebit": 193.1,
        "grossIncome": 255.1,
        "interestExpense": 28.792,
        "interestIncomeExpense": -22.2,
        "netIncome": 128.4,
        "netIncomeAfterTaxes": 128.4,
        "nonRecurringItems": -6.6,
        "period": "2018-06-30",
        "pretaxIncome": 164.9,
        "provisionforIncomeTaxes": 36.5,
        "researchDevelopment": 13.8,
        "revenue": 302.5,
        "sgaExpense": 48.3,
        "totalOperatingExpense": 62,
        "totalOtherIncomeExpenseNet": 0.6
      },
      {
        "costOfGoodsSold": 48.2,
        "dilutedAverageSharesOutstanding": 123.5,
        "dilutedEPS": 1.08,
        "ebit": 185.4,
        "grossIncome": 251.1,
        "interestExpense": 40.788,
        "interestIncomeExpense": -33.3,
        "netIncome": 134.3,
        "netIncomeAfterTaxes": 122.2,
        "period": "2018-03-31",
        "pretaxIncome": 152.4,
        "provisionforIncomeTaxes": 30.3,
        "researchDevelopment": 15.4,
        "revenue": 299.3,
        "sgaExpense": 50.3,
        "totalOperatingExpense": 65.7,
        "totalOtherIncomeExpenseNet": 0.3
      },
      {
        "costOfGoodsSold": 47.7,
        "dilutedAverageSharesOutstanding": 124.2,
        "dilutedEPS": 0.82,
        "ebit": 176.4,
        "grossIncome": 247.8,
        "interestExpense": 46.129,
        "interestIncomeExpense": -33.9,
        "netIncome": 102.8,
        "netIncomeAfterTaxes": 112,
        "nonRecurringItems": 0,
        "period": "2017-12-31",
        "pretaxIncome": 142,
        "provisionforIncomeTaxes": 30,
        "researchDevelopment": 12.8,
        "revenue": 295.5,
        "sgaExpense": 58.6,
        "totalOperatingExpense": 71.4,
        "totalOtherIncomeExpenseNet": -0.5
      },
      {
        "costOfGoodsSold": 47.3,
        "dilutedAverageSharesOutstanding": 124.1,
        "dilutedEPS": 0.93,
        "ebit": 181.1,
        "grossIncome": 245.1,
        "interestExpense": 37.756,
        "interestIncomeExpense": -31.9,
        "netIncome": 114.9,
        "netIncomeAfterTaxes": 114.9,
        "nonRecurringItems": -0.2,
        "period": "2017-09-30",
        "pretaxIncome": 149.5,
        "provisionforIncomeTaxes": 34.6,
        "researchDevelopment": 12.7,
        "revenue": 292.4,
        "sgaExpense": 51.3,
        "totalOperatingExpense": 64.1,
        "totalOtherIncomeExpenseNet": 0.6
      },
      {
        "costOfGoodsSold": 47.6,
        "dilutedAverageSharesOutstanding": 124,
        "dilutedEPS": 0.99,
        "ebit": 175,
        "grossIncome": 240.9,
        "interestExpense": 29.09,
        "interestIncomeExpense": -25.8,
        "netIncome": 123.1,
        "netIncomeAfterTaxes": 123.1,
        "nonRecurringItems": 10.6,
        "period": "2017-06-30",
        "pretaxIncome": 159.9,
        "provisionforIncomeTaxes": 36.8,
        "researchDevelopment": 13.5,
        "revenue": 288.6,
        "sgaExpense": 52.4,
        "totalOperatingExpense": 66,
        "totalOtherIncomeExpenseNet": 0.1
      },
      {
        "costOfGoodsSold": 50.7,
        "dilutedAverageSharesOutstanding": 124.5,
        "dilutedEPS": 0.94,
        "ebit": 175.3,
        "grossIncome": 237.9,
        "interestExpense": 29.023,
        "interestIncomeExpense": -27.7,
        "netIncome": 116.4,
        "netIncomeAfterTaxes": 116.4,
        "period": "2017-03-31",
        "pretaxIncome": 147.5,
        "provisionforIncomeTaxes": 31.1,
        "researchDevelopment": 13.3,
        "revenue": 288.6,
        "sgaExpense": 49.3,
        "totalOperatingExpense": 62.6,
        "totalOtherIncomeExpenseNet": -0.1
      },
      {
        "costOfGoodsSold": 49.1,
        "dilutedAverageSharesOutstanding": 125.4,
        "dilutedEPS": 0.84,
        "ebit": 168.8,
        "grossIncome": 237.2,
        "interestExpense": 34.31,
        "interestIncomeExpense": -27.1,
        "netIncome": 105.6,
        "netIncomeAfterTaxes": 105.6,
        "period": "2016-12-31",
        "pretaxIncome": 141.9,
        "provisionforIncomeTaxes": 36.3,
        "researchDevelopment": 13.7,
        "revenue": 286.3,
        "sgaExpense": 54.7,
        "totalOperatingExpense": 68.4,
        "totalOtherIncomeExpenseNet": 0.2
      },
      {
        "costOfGoodsSold": 49.8,
        "dilutedAverageSharesOutstanding": 127.8,
        "dilutedEPS": 0.9,
        "ebit": 174.8,
        "grossIncome": 237.7,
        "interestExpense": 28.919,
        "interestIncomeExpense": -25.8,
        "netIncome": 114.4,
        "netIncomeAfterTaxes": 114.4,
        "period": "2016-09-30",
        "pretaxIncome": 149.1,
        "provisionforIncomeTaxes": 34.7,
        "researchDevelopment": 14.3,
        "revenue": 287.6,
        "sgaExpense": 48.6,
        "totalOperatingExpense": 63,
        "totalOtherIncomeExpenseNet": 0.1
      },
      {
        "costOfGoodsSold": 48.8,
        "dilutedAverageSharesOutstanding": 130.6,
        "dilutedEPS": 0.87,
        "ebit": 176.3,
        "grossIncome": 237.7,
        "interestExpense": 28.859,
        "interestIncomeExpense": -27.4,
        "netIncome": 113.2,
        "netIncomeAfterTaxes": 113.2,
        "period": "2016-06-30",
        "pretaxIncome": 149.1,
        "provisionforIncomeTaxes": 35.9,
        "researchDevelopment": 14.3,
        "revenue": 286.5,
        "sgaExpense": 47.2,
        "totalOperatingExpense": 61.4,
        "totalOtherIncomeExpenseNet": 0.3
      },
      {
        "costOfGoodsSold": 50.6,
        "dilutedAverageSharesOutstanding": 131.6,
        "dilutedEPS": 0.82,
        "ebit": 166.8,
        "grossIncome": 231.3,
        "interestExpense": 28.804,
        "interestIncomeExpense": -26.7,
        "netIncome": 107.5,
        "netIncomeAfterTaxes": 107.5,
        "period": "2016-03-31",
        "pretaxIncome": 141.1,
        "provisionforIncomeTaxes": 33.6,
        "researchDevelopment": 16.7,
        "revenue": 281.9,
        "sgaExpense": 47.8,
        "totalOperatingExpense": 64.5,
        "totalOtherIncomeExpenseNet": 1
      },
      {
        "costOfGoodsSold": 49,
        "dilutedAverageSharesOutstanding": 133.3,
        "dilutedEPS": 0.76,
        "ebit": 158.3,
        "grossIncome": 223.6,
        "interestExpense": 28.567,
        "interestIncomeExpense": -32.6,
        "netIncome": 101.5,
        "netIncomeAfterTaxes": 101.5,
        "period": "2015-12-31",
        "pretaxIncome": 125.4,
        "provisionforIncomeTaxes": 23.8,
        "researchDevelopment": 15.2,
        "revenue": 272.6,
        "sgaExpense": 50.1,
        "totalOperatingExpense": 65.3,
        "totalOtherIncomeExpenseNet": -0.3
      },
      {
        "costOfGoodsSold": 47.2,
        "dilutedAverageSharesOutstanding": 131.7,
        "dilutedEPS": 0.7,
        "ebit": 154.5,
        "grossIncome": 218.6,
        "interestExpense": 28.544,
        "interestIncomeExpense": -32.7,
        "netIncome": 92.5,
        "netIncomeAfterTaxes": 92.5,
        "period": "2015-09-30",
        "pretaxIncome": 121.9,
        "provisionforIncomeTaxes": 29.5,
        "researchDevelopment": 15,
        "revenue": 265.8,
        "sgaExpense": 49.1,
        "totalOperatingExpense": 64.1,
        "totalOtherIncomeExpenseNet": 0.1
      }
    ],
    "symbol": "VRSN"
  }
}