{
  "symbol": "AIG",
  "statement": "ic",
  "frequency": "quarterly",
  "timestamp": "2025-09-19T13:55:50.736569",
  "data": {
    "financials": [
      {
        "benefitsClaimsLossAdjustment": 3493,
        "deferredPolicyAcquisitionExpense": 847,
        "dilutedAverageSharesOutstanding": 577.9412,
        "dilutedEPS": 1.9794,
        "ebit": 1589,
        "grossPremiumsEarned": 5883,
        "interestIncomeExpense": -100,
        "minorityInterest": 0,
        "netIncome": 1144,
        "netIncomeAfterTaxes": 1144,
        "nonRecurringItems": 55,
        "period": "2025-06-30",
        "pretaxIncome": 1544,
        "provisionforIncomeTaxes": 400,
        "revenue": 7091,
        "sgaExpense": 1162,
        "totalOperatingExpense": 5502
      },
      {
        "benefitsClaimsLossAdjustment": 3794,
        "deferredPolicyAcquisitionExpense": 825,
        "dilutedAverageSharesOutstanding": 599.2401,
        "dilutedEPS": 1.1648,
        "ebit": 1049,
        "grossPremiumsEarned": 5781,
        "interestExpense": 92,
        "interestIncomeExpense": -92,
        "minorityInterest": 0,
        "netIncome": 698,
        "netIncomeAfterTaxes": 698,
        "nonRecurringItems": 3,
        "period": "2025-03-31",
        "pretaxIncome": 960,
        "provisionforIncomeTaxes": 262,
        "revenue": 6783,
        "sgaExpense": 1115,
        "totalOperatingExpense": 5734
      },
      {
        "benefitsClaimsLossAdjustment": 3814,
        "deferredPolicyAcquisitionExpense": 882,
        "dilutedAverageSharesOutstanding": 620.719,
        "dilutedEPS": 1.44,
        "ebit": 1146,
        "grossPremiumsEarned": 5978,
        "interestExpense": 109,
        "interestIncomeExpense": -109,
        "minorityInterest": -3,
        "netIncome": 898,
        "netIncomeAfterTaxes": 947,
        "nonRecurringItems": 509,
        "period": "2024-12-31",
        "pretaxIncome": 1546,
        "provisionforIncomeTaxes": 599,
        "revenue": 7177,
        "sgaExpense": 1335,
        "totalOperatingExpense": 6031
      },
      {
        "benefitsClaimsLossAdjustment": 3773,
        "deferredPolicyAcquisitionExpense": 863,
        "dilutedAverageSharesOutstanding": 647.365,
        "dilutedEPS": 0.7,
        "ebit": 769,
        "grossPremiumsEarned": 5945,
        "interestExpense": 112,
        "interestIncomeExpense": -112,
        "minorityInterest": 2,
        "netIncome": 459,
        "netIncomeAfterTaxes": 481,
        "nonRecurringItems": -8,
        "period": "2024-09-30",
        "pretaxIncome": 649,
        "provisionforIncomeTaxes": 168,
        "revenue": 6751,
        "sgaExpense": 1346,
        "totalOperatingExpense": 5982
      },
      {
        "benefitsClaimsLossAdjustment": 3467,
        "deferredPolicyAcquisitionExpense": 842,
        "dilutedAverageSharesOutstanding": 661.093,
        "dilutedEPS": -6.01,
        "ebit": 641,
        "grossPremiumsEarned": 5750,
        "interestExpense": 125,
        "interestIncomeExpense": -125,
        "minorityInterest": -93,
        "netIncome": -3977,
        "netIncomeAfterTaxes": 475,
        "nonRecurringItems": 101,
        "period": "2024-06-30",
        "pretaxIncome": 617,
        "provisionforIncomeTaxes": 142,
        "revenue": 6560,
        "sgaExpense": 1610,
        "totalOperatingExpense": 5919
      },
      {
        "benefitsClaimsLossAdjustment": 3513,
        "deferredPolicyAcquisitionExpense": 838,
        "dilutedAverageSharesOutstanding": 666.464,
        "dilutedEPS": 1.79,
        "ebit": 1174,
        "grossPremiumsEarned": 5871,
        "interestExpense": 116,
        "interestIncomeExpense": -116,
        "minorityInterest": -384,
        "netIncome": 1194,
        "netIncomeAfterTaxes": 797,
        "nonRecurringItems": 0,
        "period": "2024-03-31",
        "pretaxIncome": 1058,
        "provisionforIncomeTaxes": 261,
        "revenue": 6763,
        "sgaExpense": 1238,
        "totalOperatingExpense": 5589
      },
      {
        "benefitsClaimsLossAdjustment": 3634,
        "deferredPolicyAcquisitionExpense": 877,
        "dilutedAverageSharesOutstanding": 707.833,
        "dilutedEPS": 0.12,
        "ebit": 664,
        "grossPremiumsEarned": 6035,
        "interestExpense": 125,
        "interestIncomeExpense": -125,
        "minorityInterest": 566,
        "netIncome": 86,
        "netIncomeAfterTaxes": 862,
        "nonRecurringItems": -60,
        "period": "2023-12-31",
        "pretaxIncome": 479,
        "provisionforIncomeTaxes": -383,
        "revenue": 6526,
        "sgaExpense": 1351,
        "totalOperatingExpense": 5862
      },
      {
        "benefitsClaimsLossAdjustment": 3876,
        "deferredPolicyAcquisitionExpense": 922,
        "dilutedAverageSharesOutstanding": 712.599,
        "dilutedEPS": 2.83,
        "ebit": 1158,
        "grossPremiumsEarned": 6546,
        "interestExpense": 138,
        "interestIncomeExpense": -138,
        "minorityInterest": -720,
        "netIncome": 2020,
        "netIncomeAfterTaxes": 701,
        "nonRecurringItems": 80,
        "period": "2023-09-30",
        "pretaxIncome": 1100,
        "provisionforIncomeTaxes": 399,
        "revenue": 7267,
        "sgaExpense": 1311,
        "totalOperatingExpense": 6109
      },
      {
        "benefitsClaimsLossAdjustment": 3979,
        "deferredPolicyAcquisitionExpense": 933,
        "dilutedAverageSharesOutstanding": 730.547,
        "dilutedEPS": 2.03,
        "ebit": 1030,
        "grossPremiumsEarned": 6613,
        "interestExpense": 129,
        "interestIncomeExpense": -129,
        "minorityInterest": -198,
        "netIncome": 1485,
        "netIncomeAfterTaxes": 841,
        "nonRecurringItems": -15,
        "period": "2023-06-30",
        "pretaxIncome": 886,
        "provisionforIncomeTaxes": 45,
        "revenue": 7436,
        "sgaExpense": 1494,
        "totalOperatingExpense": 6406
      },
      {
        "benefitsClaimsLossAdjustment": 3904,
        "deferredPolicyAcquisitionExpense": 1039,
        "dilutedAverageSharesOutstanding": 733.919,
        "dilutedEPS": 0.03,
        "ebit": 523,
        "grossPremiumsEarned": 6376,
        "interestExpense": 124,
        "interestIncomeExpense": -124,
        "minorityInterest": 117,
        "netIncome": 23,
        "netIncomeAfterTaxes": 337,
        "nonRecurringItems": 3,
        "period": "2023-03-31",
        "pretaxIncome": 402,
        "provisionforIncomeTaxes": 65,
        "revenue": 6709,
        "sgaExpense": 1243,
        "totalOperatingExpense": 6186
      },
      {
        "benefitsClaimsLossAdjustment": -2668,
        "deferredPolicyAcquisitionExpense": 122,
        "dilutedAverageSharesOutstanding": 744.82,
        "dilutedEPS": 0.73,
        "ebit": -9777,
        "grossPremiumsEarned": 3679,
        "interestIncomeExpense": 208,
        "minorityInterest": 5,
        "netIncome": 545,
        "netIncomeAfterTaxes": -7837,
        "nonRecurringItems": -202,
        "period": "2022-12-31",
        "pretaxIncome": -9771,
        "provisionforIncomeTaxes": -1934,
        "revenue": -10416,
        "sgaExpense": 1907,
        "totalOperatingExpense": -639
      },
      {
        "benefitsClaimsLossAdjustment": 6573,
        "deferredPolicyAcquisitionExpense": 1170,
        "dilutedAverageSharesOutstanding": 771.321,
        "dilutedEPS": 3.55,
        "ebit": 4180,
        "grossPremiumsEarned": 8758,
        "interestExpense": 282,
        "interestIncomeExpense": -282,
        "minorityInterest": -339,
        "netIncome": 2741,
        "netIncomeAfterTaxes": 3087,
        "nonRecurringItems": 6,
        "period": "2022-09-30",
        "pretaxIncome": 3904,
        "provisionforIncomeTaxes": 817,
        "revenue": 13998,
        "sgaExpense": 2075,
        "totalOperatingExpense": 9818
      },
      {
        "benefitsClaimsLossAdjustment": 5850,
        "deferredPolicyAcquisitionExpense": 1116,
        "dilutedAverageSharesOutstanding": 800.731,
        "dilutedEPS": 3.43,
        "ebit": 4491,
        "grossPremiumsEarned": 8427,
        "interestExpense": 266,
        "interestIncomeExpense": -266,
        "minorityInterest": -325,
        "netIncome": 2746,
        "netIncomeAfterTaxes": 3080,
        "nonRecurringItems": -300,
        "period": "2022-06-30",
        "pretaxIncome": 3925,
        "provisionforIncomeTaxes": 845,
        "revenue": 13663,
        "sgaExpense": 2206,
        "totalOperatingExpense": 9172
      },
      {
        "benefitsClaimsLossAdjustment": 5706,
        "deferredPolicyAcquisitionExpense": 1137,
        "dilutedAverageSharesOutstanding": 826.013,
        "dilutedEPS": 5.04,
        "ebit": 5937,
        "grossPremiumsEarned": 8128,
        "interestExpense": 263,
        "interestIncomeExpense": -263,
        "minorityInterest": -387,
        "netIncome": 4166,
        "netIncomeAfterTaxes": 4560,
        "nonRecurringItems": 40,
        "period": "2022-03-31",
        "pretaxIncome": 5714,
        "provisionforIncomeTaxes": 1154,
        "revenue": 14944,
        "sgaExpense": 2164,
        "totalOperatingExpense": 9007
      },
      {
        "benefitsClaimsLossAdjustment": 7063,
        "deferredPolicyAcquisitionExpense": 1045,
        "dilutedAverageSharesOutstanding": 846.533,
        "dilutedEPS": 5.57,
        "ebit": 3897,
        "grossPremiumsEarned": 10335,
        "interestExpense": 297,
        "interestIncomeExpense": -297,
        "minorityInterest": -364,
        "netIncome": 4718,
        "netIncomeAfterTaxes": 5089,
        "nonRecurringItems": 2696,
        "period": "2021-12-31",
        "pretaxIncome": 6296,
        "provisionforIncomeTaxes": 1207,
        "revenue": 14187,
        "sgaExpense": 2182,
        "totalOperatingExpense": 10290
      },
      {
        "benefitsClaimsLossAdjustment": 6882,
        "deferredPolicyAcquisitionExpense": 1260,
        "dilutedAverageSharesOutstanding": 864.019,
        "dilutedEPS": 1.92,
        "ebit": 2453,
        "grossPremiumsEarned": 8460,
        "interestExpense": 328,
        "interestIncomeExpense": -328,
        "minorityInterest": -70,
        "netIncome": 1660,
        "netIncomeAfterTaxes": 1737,
        "nonRecurringItems": 51,
        "period": "2021-09-30",
        "pretaxIncome": 2176,
        "provisionforIncomeTaxes": 439,
        "revenue": 12835,
        "sgaExpense": 2240,
        "totalOperatingExpense": 10382
      },
      {
        "benefitsClaimsLossAdjustment": 6956,
        "deferredPolicyAcquisitionExpense": 915,
        "dilutedAverageSharesOutstanding": 872.877,
        "dilutedEPS": 0.1,
        "ebit": 592,
        "grossPremiumsEarned": 8932,
        "interestExpense": 338,
        "interestIncomeExpense": -338,
        "minorityInterest": -51,
        "netIncome": 91,
        "netIncomeAfterTaxes": 150,
        "nonRecurringItems": -107,
        "period": "2021-06-30",
        "pretaxIncome": 147,
        "provisionforIncomeTaxes": -3,
        "revenue": 10681,
        "sgaExpense": 2218,
        "totalOperatingExpense": 10089
      },
      {
        "benefitsClaimsLossAdjustment": 6007,
        "deferredPolicyAcquisitionExpense": 1304,
        "dilutedAverageSharesOutstanding": 876.27,
        "dilutedEPS": 4.42,
        "ebit": 5055,
        "grossPremiumsEarned": 7547,
        "interestExpense": 342,
        "interestIncomeExpense": -342,
        "minorityInterest": -54,
        "netIncome": 3869,
        "netIncomeAfterTaxes": 3930,
        "nonRecurringItems": 15,
        "period": "2021-03-31",
        "pretaxIncome": 4728,
        "provisionforIncomeTaxes": 798,
        "revenue": 14454,
        "sgaExpense": 2088,
        "totalOperatingExpense": 9399
      },
      {
        "benefitsClaimsLossAdjustment": 6953,
        "deferredPolicyAcquisitionExpense": 888,
        "dilutedAverageSharesOutstanding": 868.354,
        "dilutedEPS": -0.07,
        "ebit": -330,
        "grossPremiumsEarned": 8022,
        "interestExpense": 358,
        "interestIncomeExpense": -358,
        "minorityInterest": -37,
        "netIncome": -60,
        "netIncomeAfterTaxes": -16,
        "nonRecurringItems": 130,
        "period": "2020-12-31",
        "pretaxIncome": -558,
        "provisionforIncomeTaxes": -542,
        "revenue": 9676,
        "sgaExpense": 2165,
        "totalOperatingExpense": 10006
      },
      {
        "benefitsClaimsLossAdjustment": 6754,
        "deferredPolicyAcquisitionExpense": 707,
        "dilutedAverageSharesOutstanding": 873.131,
        "dilutedEPS": 0.32,
        "ebit": 769,
        "grossPremiumsEarned": 7543,
        "interestExpense": 379,
        "interestIncomeExpense": -379,
        "minorityInterest": -11,
        "netIncome": 281,
        "netIncomeAfterTaxes": 294,
        "nonRecurringItems": -22,
        "period": "2020-09-30",
        "pretaxIncome": 368,
        "provisionforIncomeTaxes": 74,
        "revenue": 10221,
        "sgaExpense": 1991,
        "totalOperatingExpense": 9452
      },
      {
        "benefitsClaimsLossAdjustment": 7439,
        "deferredPolicyAcquisitionExpense": 754,
        "dilutedAverageSharesOutstanding": 866.968,
        "dilutedEPS": -9.15,
        "ebit": -884,
        "grossPremiumsEarned": 8362,
        "interestExpense": 365,
        "interestIncomeExpense": -365,
        "minorityInterest": -162,
        "netIncome": -7936,
        "netIncomeAfterTaxes": -7765,
        "nonRecurringItems": -8412,
        "period": "2020-06-30",
        "pretaxIncome": -9661,
        "provisionforIncomeTaxes": -1896,
        "revenue": 9396,
        "sgaExpense": 2087,
        "totalOperatingExpense": 10280
      },
      {
        "benefitsClaimsLossAdjustment": 7282,
        "deferredPolicyAcquisitionExpense": 1862,
        "dilutedAverageSharesOutstanding": 878.866,
        "dilutedEPS": 1.98,
        "ebit": 3146,
        "grossPremiumsEarned": 8416,
        "interestExpense": 355,
        "interestIncomeExpense": -355,
        "minorityInterest": 95,
        "netIncome": 1742,
        "netIncomeAfterTaxes": 1654,
        "nonRecurringItems": -233,
        "period": "2020-03-31",
        "pretaxIncome": 2558,
        "provisionforIncomeTaxes": 904,
        "revenue": 14443,
        "sgaExpense": 2153,
        "totalOperatingExpense": 11297
      },
      {
        "benefitsClaimsLossAdjustment": 6988,
        "deferredPolicyAcquisitionExpense": 1184,
        "dilutedAverageSharesOutstanding": 896.384,
        "dilutedEPS": 1.02,
        "ebit": 1523,
        "grossPremiumsEarned": 8483,
        "interestExpense": 360,
        "interestIncomeExpense": -360,
        "minorityInterest": 60,
        "netIncome": 922,
        "netIncomeAfterTaxes": 820,
        "nonRecurringItems": -127,
        "period": "2019-12-31",
        "pretaxIncome": 1036,
        "provisionforIncomeTaxes": 216,
        "revenue": 11852,
        "sgaExpense": 2157,
        "totalOperatingExpense": 10329
      },
      {
        "benefitsClaimsLossAdjustment": 7858,
        "deferredPolicyAcquisitionExpense": 1252,
        "dilutedAverageSharesOutstanding": 895.814,
        "dilutedEPS": 0.72,
        "ebit": 1641,
        "grossPremiumsEarned": 8577,
        "interestExpense": 348,
        "interestIncomeExpense": -348,
        "minorityInterest": -317,
        "netIncome": 648,
        "netIncomeAfterTaxes": 973,
        "nonRecurringItems": -33,
        "period": "2019-09-30",
        "pretaxIncome": 1260,
        "provisionforIncomeTaxes": 287,
        "revenue": 12938,
        "sgaExpense": 2187,
        "totalOperatingExpense": 11297
      },
      {
        "benefitsClaimsLossAdjustment": 6769,
        "deferredPolicyAcquisitionExpense": 1439,
        "dilutedAverageSharesOutstanding": 888.325,
        "dilutedEPS": 1.24,
        "ebit": 2243,
        "grossPremiumsEarned": 8412,
        "interestExpense": 360,
        "interestIncomeExpense": -360,
        "minorityInterest": -281,
        "netIncome": 1102,
        "netIncomeAfterTaxes": 1391,
        "nonRecurringItems": -46,
        "period": "2019-06-30",
        "pretaxIncome": 1837,
        "provisionforIncomeTaxes": 446,
        "revenue": 12591,
        "sgaExpense": 2140,
        "totalOperatingExpense": 10348
      },
      {
        "benefitsClaimsLossAdjustment": 7619,
        "deferredPolicyAcquisitionExpense": 1289,
        "dilutedAverageSharesOutstanding": 877.512,
        "dilutedEPS": 0.75,
        "ebit": 1578,
        "grossPremiumsEarned": 9023,
        "interestExpense": 349,
        "interestIncomeExpense": -349,
        "minorityInterest": -283,
        "netIncome": 654,
        "netIncomeAfterTaxes": 937,
        "nonRecurringItems": -75,
        "period": "2019-03-31",
        "pretaxIncome": 1154,
        "provisionforIncomeTaxes": 217,
        "revenue": 12539,
        "sgaExpense": 2053,
        "totalOperatingExpense": 10961
      },
      {
        "benefitsClaimsLossAdjustment": 8898,
        "deferredPolicyAcquisitionExpense": 1573,
        "dilutedAverageSharesOutstanding": 887.377,
        "dilutedEPS": -0.7,
        "ebit": -201,
        "grossPremiumsEarned": 9571,
        "interestExpense": 407,
        "interestIncomeExpense": -407,
        "minorityInterest": -62,
        "netIncome": -622,
        "netIncomeAfterTaxes": -558,
        "nonRecurringItems": -87,
        "period": "2018-12-31",
        "pretaxIncome": -695,
        "provisionforIncomeTaxes": -137,
        "revenue": 12653,
        "sgaExpense": 2383,
        "totalOperatingExpense": 12854
      },
      {
        "benefitsClaimsLossAdjustment": 9245,
        "deferredPolicyAcquisitionExpense": 1118,
        "dilutedAverageSharesOutstanding": 895.237,
        "dilutedEPS": -1.4,
        "ebit": -1167,
        "grossPremiumsEarned": 8601,
        "interestExpense": 326,
        "interestIncomeExpense": -326,
        "minorityInterest": 0,
        "netIncome": -1259,
        "netIncomeAfterTaxes": -1220,
        "nonRecurringItems": -34,
        "period": "2018-09-30",
        "pretaxIncome": -1527,
        "provisionforIncomeTaxes": -307,
        "revenue": 11521,
        "sgaExpense": 2325,
        "totalOperatingExpense": 12688
      },
      {
        "benefitsClaimsLossAdjustment": 6440,
        "deferredPolicyAcquisitionExpense": 1337,
        "dilutedAverageSharesOutstanding": 916.572,
        "dilutedEPS": 1.02,
        "ebit": 1567,
        "grossPremiumsEarned": 8401,
        "interestExpense": 299,
        "interestIncomeExpense": -299,
        "minorityInterest": 6,
        "netIncome": 937,
        "netIncomeAfterTaxes": 931,
        "nonRecurringItems": -16,
        "period": "2018-06-30",
        "pretaxIncome": 1252,
        "provisionforIncomeTaxes": 321,
        "revenue": 11667,
        "sgaExpense": 2323,
        "totalOperatingExpense": 10100
      },
      {
        "benefitsClaimsLossAdjustment": 6583,
        "deferredPolicyAcquisitionExpense": 1358,
        "dilutedAverageSharesOutstanding": 925.267,
        "dilutedEPS": 1.01,
        "ebit": 1587,
        "grossPremiumsEarned": 8470,
        "interestExpense": 277,
        "interestIncomeExpense": -277,
        "minorityInterest": -11,
        "netIncome": 938,
        "netIncomeAfterTaxes": 950,
        "nonRecurringItems": -83,
        "period": "2018-03-31",
        "pretaxIncome": 1227,
        "provisionforIncomeTaxes": 277,
        "revenue": 11799,
        "sgaExpense": 2271,
        "totalOperatingExpense": 10212
      },
      {
        "benefitsClaimsLossAdjustment": 8228,
        "deferredPolicyAcquisitionExpense": 1153,
        "dilutedAverageSharesOutstanding": 907.853,
        "dilutedEPS": -7.33,
        "ebit": 953,
        "grossPremiumsEarned": 9445,
        "interestExpense": 288,
        "interestIncomeExpense": -288,
        "minorityInterest": 12,
        "netIncome": -6660,
        "netIncomeAfterTaxes": 31,
        "nonRecurringItems": 210,
        "period": "2017-12-31",
        "pretaxIncome": 875,
        "provisionforIncomeTaxes": 844,
        "revenue": 12667,
        "sgaExpense": 2333,
        "totalOperatingExpense": 11714
      },
      {
        "benefitsClaimsLossAdjustment": 11189,
        "deferredPolicyAcquisitionExpense": 912,
        "dilutedAverageSharesOutstanding": 908.667,
        "dilutedEPS": -1.91,
        "ebit": -2425,
        "grossPremiumsEarned": 9257,
        "interestExpense": 290,
        "interestIncomeExpense": -290,
        "minorityInterest": -26,
        "netIncome": -1739,
        "netIncomeAfterTaxes": -1712,
        "nonRecurringItems": -88,
        "period": "2017-09-30",
        "pretaxIncome": -2803,
        "provisionforIncomeTaxes": -1091,
        "revenue": 11825,
        "sgaExpense": 2149,
        "totalOperatingExpense": 14250
      },
      {
        "benefitsClaimsLossAdjustment": 7190,
        "deferredPolicyAcquisitionExpense": 1115,
        "dilutedAverageSharesOutstanding": 948.249,
        "dilutedEPS": 1.18,
        "ebit": 2076,
        "grossPremiumsEarned": 8958,
        "interestExpense": 292,
        "interestIncomeExpense": -292,
        "minorityInterest": 12,
        "netIncome": 1130,
        "netIncomeAfterTaxes": 1110,
        "nonRecurringItems": -117,
        "period": "2017-06-30",
        "pretaxIncome": 1667,
        "provisionforIncomeTaxes": 557,
        "revenue": 12563,
        "sgaExpense": 2182,
        "totalOperatingExpense": 10487
      },
      {
        "benefitsClaimsLossAdjustment": 6957,
        "deferredPolicyAcquisitionExpense": 1108,
        "dilutedAverageSharesOutstanding": 1005.315,
        "dilutedEPS": 1.18,
        "ebit": 2184,
        "grossPremiumsEarned": 9061,
        "interestExpense": 298,
        "interestIncomeExpense": -298,
        "minorityInterest": -26,
        "netIncome": 1185,
        "netIncomeAfterTaxes": 1211,
        "nonRecurringItems": -159,
        "period": "2017-03-31",
        "pretaxIncome": 1727,
        "provisionforIncomeTaxes": 516,
        "revenue": 12692,
        "sgaExpense": 2443,
        "totalOperatingExpense": 10508
      },
      {
        "benefitsClaimsLossAdjustment": 12596,
        "deferredPolicyAcquisitionExpense": 896,
        "dilutedAverageSharesOutstanding": 1023.388,
        "dilutedEPS": -2.97,
        "ebit": -3227,
        "grossPremiumsEarned": 10539,
        "interestExpense": 305,
        "interestIncomeExpense": -305,
        "minorityInterest": -535,
        "netIncome": -3041,
        "netIncomeAfterTaxes": -2470,
        "nonRecurringItems": 77,
        "period": "2016-12-31",
        "pretaxIncome": -3455,
        "provisionforIncomeTaxes": -985,
        "revenue": 13129,
        "sgaExpense": 2864,
        "totalOperatingExpense": 16356
      },
      {
        "benefitsClaimsLossAdjustment": 8376,
        "deferredPolicyAcquisitionExpense": 1018,
        "dilutedAverageSharesOutstanding": 1102.401,
        "dilutedEPS": 0.42,
        "ebit": 996,
        "grossPremiumsEarned": 9836,
        "interestExpense": 329,
        "interestIncomeExpense": -329,
        "minorityInterest": 26,
        "netIncome": 462,
        "netIncomeAfterTaxes": 433,
        "nonRecurringItems": 70,
        "period": "2016-09-30",
        "pretaxIncome": 737,
        "provisionforIncomeTaxes": 304,
        "revenue": 12926,
        "sgaExpense": 2536,
        "totalOperatingExpense": 11930
      },
      {
        "benefitsClaimsLossAdjustment": 7833,
        "deferredPolicyAcquisitionExpense": 1345,
        "dilutedAverageSharesOutstanding": 1140.046,
        "dilutedEPS": 1.69,
        "ebit": 3054,
        "grossPremiumsEarned": 9999,
        "interestExpense": 320,
        "interestIncomeExpense": -320,
        "minorityInterest": -11,
        "netIncome": 1913,
        "netIncomeAfterTaxes": 1934,
        "nonRecurringItems": 124,
        "period": "2016-06-30",
        "pretaxIncome": 2858,
        "provisionforIncomeTaxes": 924,
        "revenue": 14818,
        "sgaExpense": 2586,
        "totalOperatingExpense": 11764
      },
      {
        "benefitsClaimsLossAdjustment": 7337,
        "deferredPolicyAcquisitionExpense": 1262,
        "dilutedAverageSharesOutstanding": 1156.548,
        "dilutedEPS": -0.15,
        "ebit": 379,
        "grossPremiumsEarned": 9872,
        "interestExpense": 306,
        "interestIncomeExpense": -306,
        "minorityInterest": 20,
        "netIncome": -183,
        "netIncomeAfterTaxes": -156,
        "nonRecurringItems": -287,
        "period": "2016-03-31",
        "pretaxIncome": -214,
        "provisionforIncomeTaxes": -58,
        "revenue": 11981,
        "sgaExpense": 3003,
        "totalOperatingExpense": 11602
      },
      {
        "benefitsClaimsLossAdjustment": 11731,
        "deferredPolicyAcquisitionExpense": 1255,
        "dilutedAverageSharesOutstanding": 1266.533,
        "dilutedEPS": -1.45,
        "ebit": -2527,
        "grossPremiumsEarned": 10997,
        "interestExpense": 304,
        "interestIncomeExpense": -304,
        "minorityInterest": 8,
        "netIncome": -1841,
        "netIncomeAfterTaxes": -1849,
        "nonRecurringItems": -101,
        "period": "2015-12-31",
        "pretaxIncome": -2932,
        "provisionforIncomeTaxes": -1083,
        "revenue": 13931,
        "sgaExpense": 3472,
        "totalOperatingExpense": 16458
      },
      {
        "benefitsClaimsLossAdjustment": 7817,
        "deferredPolicyAcquisitionExpense": 1275,
        "dilutedAverageSharesOutstanding": 1279.073,
        "dilutedEPS": -0.17,
        "ebit": 797,
        "grossPremiumsEarned": 9958,
        "interestExpense": 321,
        "interestIncomeExpense": -321,
        "minorityInterest": -34,
        "netIncome": -231,
        "netIncomeAfterTaxes": -180,
        "nonRecurringItems": -591,
        "period": "2015-09-30",
        "pretaxIncome": -115,
        "provisionforIncomeTaxes": 65,
        "revenue": 13064,
        "sgaExpense": 3175,
        "totalOperatingExpense": 12267
      }
    ],
    "symbol": "AIG"
  }
}