{
  "symbol": "XYL",
  "statement": "ic",
  "frequency": "quarterly",
  "timestamp": "2025-09-19T14:09:03.743814",
  "data": {
    "financials": [
      {
        "costOfGoodsSold": 1409,
        "dilutedAverageSharesOutstanding": 243.9,
        "dilutedEPS": 0.9266,
        "ebit": 331,
        "grossIncome": 892,
        "interestExpense": 9,
        "interestIncomeExpense": -9,
        "minorityInterest": 2,
        "netIncome": 226,
        "netIncomeAfterTaxes": 224,
        "nonRecurringItems": -26,
        "period": "2025-06-30",
        "pretaxIncome": 299,
        "provisionforIncomeTaxes": 75,
        "researchDevelopment": 58,
        "revenue": 2301,
        "sgaExpense": 503,
        "totalOperatingExpense": 561,
        "totalOtherIncomeExpenseNet": 3
      },
      {
        "costOfGoodsSold": 1301,
        "dilutedAverageSharesOutstanding": 243.8,
        "dilutedEPS": 0.6932,
        "ebit": 252,
        "grossIncome": 768,
        "interestExpense": 8,
        "interestIncomeExpense": -8,
        "minorityInterest": 2,
        "netIncome": 169,
        "netIncomeAfterTaxes": 167,
        "nonRecurringItems": -31,
        "period": "2025-03-31",
        "pretaxIncome": 217,
        "provisionforIncomeTaxes": 50,
        "researchDevelopment": 56,
        "revenue": 2069,
        "sgaExpense": 460,
        "totalOperatingExpense": 516,
        "totalOtherIncomeExpenseNet": 4
      },
      {
        "costOfGoodsSold": 1399,
        "dilutedAverageSharesOutstanding": 243.8,
        "dilutedEPS": 1.3372,
        "ebit": 292,
        "grossIncome": 857,
        "interestExpense": 9,
        "interestIncomeExpense": -9,
        "netIncome": 326,
        "netIncomeAfterTaxes": 326,
        "nonRecurringItems": -65,
        "period": "2024-12-31",
        "pretaxIncome": 375,
        "provisionforIncomeTaxes": 49,
        "researchDevelopment": 58,
        "revenue": 2256,
        "sgaExpense": 507,
        "totalOperatingExpense": 565,
        "totalOtherIncomeExpenseNet": 157
      },
      {
        "costOfGoodsSold": 1320,
        "dilutedAverageSharesOutstanding": 243.8,
        "dilutedEPS": 0.8901,
        "ebit": 284,
        "grossIncome": 784,
        "interestExpense": 10,
        "interestIncomeExpense": -10,
        "netIncome": 217,
        "netIncomeAfterTaxes": 217,
        "nonRecurringItems": -6,
        "period": "2024-09-30",
        "pretaxIncome": 269,
        "provisionforIncomeTaxes": 52,
        "researchDevelopment": 55,
        "revenue": 2104,
        "sgaExpense": 445,
        "totalOperatingExpense": 500,
        "totalOtherIncomeExpenseNet": 1
      },
      {
        "costOfGoodsSold": 1350,
        "dilutedAverageSharesOutstanding": 244,
        "dilutedEPS": 0.8,
        "ebit": 276,
        "grossIncome": 819,
        "interestExpense": 11,
        "interestIncomeExpense": -11,
        "netIncome": 194,
        "netIncomeAfterTaxes": 194,
        "nonRecurringItems": -22,
        "period": "2024-06-30",
        "pretaxIncome": 247,
        "provisionforIncomeTaxes": 53,
        "researchDevelopment": 58,
        "revenue": 2169,
        "sgaExpense": 485,
        "totalOperatingExpense": 543,
        "totalOtherIncomeExpenseNet": 4
      },
      {
        "costOfGoodsSold": 1281,
        "dilutedAverageSharesOutstanding": 243,
        "dilutedEPS": 0.63,
        "ebit": 219,
        "grossIncome": 752,
        "interestExpense": 14,
        "interestIncomeExpense": -14,
        "netIncome": 153,
        "netIncomeAfterTaxes": 153,
        "nonRecurringItems": -15,
        "period": "2024-03-31",
        "pretaxIncome": 196,
        "provisionforIncomeTaxes": 43,
        "researchDevelopment": 59,
        "revenue": 2033,
        "sgaExpense": 474,
        "totalOperatingExpense": 533,
        "totalOtherIncomeExpenseNet": 6
      },
      {
        "costOfGoodsSold": 1362,
        "dilutedAverageSharesOutstanding": 242.5,
        "dilutedEPS": 1.0969,
        "ebit": 231,
        "grossIncome": 756,
        "interestExpense": 14,
        "interestIncomeExpense": -14,
        "netIncome": 266,
        "netIncomeAfterTaxes": 266,
        "nonRecurringItems": -21,
        "period": "2023-12-31",
        "pretaxIncome": 210,
        "provisionforIncomeTaxes": -56,
        "researchDevelopment": 60,
        "revenue": 2118,
        "sgaExpense": 465,
        "totalOperatingExpense": 525,
        "totalOtherIncomeExpenseNet": 14
      },
      {
        "costOfGoodsSold": 1312,
        "dilutedAverageSharesOutstanding": 242.2,
        "dilutedEPS": 0.63,
        "ebit": 213,
        "grossIncome": 764,
        "interestExpense": 14,
        "interestIncomeExpense": -14,
        "netIncome": 152,
        "netIncomeAfterTaxes": 152,
        "nonRecurringItems": -22,
        "period": "2023-09-30",
        "pretaxIncome": 185,
        "provisionforIncomeTaxes": 33,
        "researchDevelopment": 61,
        "revenue": 2076,
        "sgaExpense": 490,
        "totalOperatingExpense": 551,
        "totalOtherIncomeExpenseNet": 8
      },
      {
        "costOfGoodsSold": 1071,
        "dilutedAverageSharesOutstanding": 206.7,
        "dilutedEPS": 0.45,
        "ebit": 186,
        "grossIncome": 651,
        "interestExpense": 12,
        "interestIncomeExpense": -12,
        "netIncome": 92,
        "netIncomeAfterTaxes": 92,
        "nonRecurringItems": -67,
        "period": "2023-06-30",
        "pretaxIncome": 114,
        "provisionforIncomeTaxes": 22,
        "researchDevelopment": 58,
        "revenue": 1722,
        "sgaExpense": 407,
        "totalOperatingExpense": 465,
        "totalOtherIncomeExpenseNet": 7
      },
      {
        "costOfGoodsSold": 902,
        "dilutedAverageSharesOutstanding": 181.3,
        "dilutedEPS": 0.55,
        "ebit": 139,
        "grossIncome": 546,
        "interestExpense": 9,
        "interestIncomeExpense": -9,
        "netIncome": 99,
        "netIncomeAfterTaxes": 99,
        "nonRecurringItems": -8,
        "period": "2023-03-31",
        "pretaxIncome": 126,
        "provisionforIncomeTaxes": 27,
        "researchDevelopment": 53,
        "revenue": 1448,
        "sgaExpense": 354,
        "totalOperatingExpense": 407,
        "totalOtherIncomeExpenseNet": 4
      },
      {
        "costOfGoodsSold": 933,
        "dilutedAverageSharesOutstanding": 181.3,
        "dilutedEPS": 0.82,
        "ebit": 204,
        "grossIncome": 573,
        "interestExpense": 13,
        "interestIncomeExpense": -13,
        "netIncome": 149,
        "netIncomeAfterTaxes": 149,
        "nonRecurringItems": -7,
        "period": "2022-12-31",
        "pretaxIncome": 189,
        "provisionforIncomeTaxes": 40,
        "researchDevelopment": 54,
        "revenue": 1506,
        "sgaExpense": 315,
        "totalOperatingExpense": 369,
        "totalOtherIncomeExpenseNet": 5
      },
      {
        "costOfGoodsSold": 856,
        "dilutedAverageSharesOutstanding": 180.9,
        "dilutedEPS": 0.07,
        "ebit": 183,
        "grossIncome": 524,
        "interestExpense": 12,
        "interestIncomeExpense": -12,
        "netIncome": 12,
        "netIncomeAfterTaxes": 12,
        "nonRecurringItems": -155,
        "period": "2022-09-30",
        "pretaxIncome": 17,
        "provisionforIncomeTaxes": 5,
        "researchDevelopment": 47,
        "revenue": 1380,
        "sgaExpense": 294,
        "totalOperatingExpense": 341,
        "totalOtherIncomeExpenseNet": 1
      },
      {
        "costOfGoodsSold": 844,
        "dilutedAverageSharesOutstanding": 180.6,
        "dilutedEPS": 0.62,
        "ebit": 153,
        "grossIncome": 520,
        "interestExpense": 12,
        "interestIncomeExpense": -12,
        "netIncome": 112,
        "netIncomeAfterTaxes": 112,
        "nonRecurringItems": -7,
        "period": "2022-06-30",
        "pretaxIncome": 136,
        "provisionforIncomeTaxes": 24,
        "researchDevelopment": 53,
        "revenue": 1364,
        "sgaExpense": 314,
        "totalOperatingExpense": 367,
        "totalOtherIncomeExpenseNet": 2
      },
      {
        "costOfGoodsSold": 805,
        "dilutedAverageSharesOutstanding": 181,
        "dilutedEPS": 0.45,
        "ebit": 111,
        "grossIncome": 467,
        "interestExpense": 13,
        "interestIncomeExpense": -13,
        "netIncome": 82,
        "netIncomeAfterTaxes": 82,
        "nonRecurringItems": 1,
        "period": "2022-03-31",
        "pretaxIncome": 98,
        "provisionforIncomeTaxes": 16,
        "researchDevelopment": 52,
        "revenue": 1272,
        "sgaExpense": 304,
        "totalOperatingExpense": 356,
        "totalOtherIncomeExpenseNet": -1
      },
      {
        "costOfGoodsSold": 830,
        "dilutedAverageSharesOutstanding": 181.5,
        "dilutedEPS": 0.62,
        "ebit": 140,
        "grossIncome": 493,
        "interestExpense": 13,
        "interestIncomeExpense": -13,
        "netIncome": 113,
        "netIncomeAfterTaxes": 113,
        "nonRecurringItems": 0,
        "period": "2021-12-31",
        "pretaxIncome": 126,
        "provisionforIncomeTaxes": 13,
        "researchDevelopment": 52,
        "revenue": 1323,
        "sgaExpense": 301,
        "totalOperatingExpense": 353,
        "totalOtherIncomeExpenseNet": -1
      },
      {
        "costOfGoodsSold": 793,
        "dilutedAverageSharesOutstanding": 181.6,
        "dilutedEPS": 0.63,
        "ebit": 150,
        "grossIncome": 472,
        "interestExpense": 21,
        "interestIncomeExpense": -21,
        "netIncome": 114,
        "netIncomeAfterTaxes": 114,
        "nonRecurringItems": 2,
        "period": "2021-09-30",
        "pretaxIncome": 133,
        "provisionforIncomeTaxes": 19,
        "researchDevelopment": 49,
        "revenue": 1265,
        "sgaExpense": 273,
        "totalOperatingExpense": 322,
        "totalOtherIncomeExpenseNet": 2
      },
      {
        "costOfGoodsSold": 831,
        "dilutedAverageSharesOutstanding": 181.3,
        "dilutedEPS": 0.62,
        "ebit": 163,
        "grossIncome": 520,
        "interestExpense": 21,
        "interestIncomeExpense": -21,
        "netIncome": 113,
        "netIncomeAfterTaxes": 113,
        "nonRecurringItems": -1,
        "period": "2021-06-30",
        "pretaxIncome": 138,
        "provisionforIncomeTaxes": 25,
        "researchDevelopment": 53,
        "revenue": 1351,
        "sgaExpense": 304,
        "totalOperatingExpense": 357,
        "totalOtherIncomeExpenseNet": -3
      },
      {
        "costOfGoodsSold": 766,
        "dilutedAverageSharesOutstanding": 181.5,
        "dilutedEPS": 0.48,
        "ebit": 139,
        "grossIncome": 490,
        "interestExpense": 21,
        "interestIncomeExpense": -21,
        "netIncome": 87,
        "netIncomeAfterTaxes": 87,
        "nonRecurringItems": -6,
        "period": "2021-03-31",
        "pretaxIncome": 114,
        "provisionforIncomeTaxes": 27,
        "researchDevelopment": 50,
        "revenue": 1256,
        "sgaExpense": 301,
        "totalOperatingExpense": 351,
        "totalOtherIncomeExpenseNet": 2
      },
      {
        "costOfGoodsSold": 847,
        "dilutedAverageSharesOutstanding": 181.4,
        "dilutedEPS": 0.82,
        "ebit": 185,
        "grossIncome": 526,
        "interestExpense": 21,
        "interestIncomeExpense": -21,
        "netIncome": 148,
        "netIncomeAfterTaxes": 148,
        "nonRecurringItems": -6,
        "period": "2020-12-31",
        "pretaxIncome": 158,
        "provisionforIncomeTaxes": 10,
        "researchDevelopment": 49,
        "revenue": 1373,
        "sgaExpense": 292,
        "totalOperatingExpense": 341,
        "totalOtherIncomeExpenseNet": 0
      },
      {
        "costOfGoodsSold": 759,
        "dilutedAverageSharesOutstanding": 181,
        "dilutedEPS": 0.2,
        "ebit": 150,
        "grossIncome": 461,
        "interestExpense": 22,
        "interestIncomeExpense": -22,
        "netIncome": 37,
        "netIncomeAfterTaxes": 37,
        "nonRecurringItems": -77,
        "period": "2020-09-30",
        "pretaxIncome": 50,
        "provisionforIncomeTaxes": 13,
        "researchDevelopment": 45,
        "revenue": 1220,
        "sgaExpense": 266,
        "totalOperatingExpense": 311,
        "totalOtherIncomeExpenseNet": -1
      },
      {
        "costOfGoodsSold": 726,
        "dilutedAverageSharesOutstanding": 180.6,
        "dilutedEPS": 0.17,
        "ebit": 102,
        "grossIncome": 434,
        "interestExpense": 18,
        "interestIncomeExpense": -18,
        "netIncome": 31,
        "netIncomeAfterTaxes": 31,
        "nonRecurringItems": -48,
        "period": "2020-06-30",
        "pretaxIncome": 35,
        "provisionforIncomeTaxes": 4,
        "researchDevelopment": 44,
        "revenue": 1160,
        "sgaExpense": 288,
        "totalOperatingExpense": 332,
        "totalOtherIncomeExpenseNet": -1
      },
      {
        "costOfGoodsSold": 714,
        "dilutedAverageSharesOutstanding": 181.3,
        "dilutedEPS": 0.21,
        "ebit": 63,
        "grossIncome": 409,
        "interestExpense": 16,
        "interestIncomeExpense": -16,
        "netIncome": 38,
        "netIncomeAfterTaxes": 38,
        "nonRecurringItems": -2,
        "period": "2020-03-31",
        "pretaxIncome": 42,
        "provisionforIncomeTaxes": 4,
        "researchDevelopment": 49,
        "revenue": 1123,
        "sgaExpense": 297,
        "totalOperatingExpense": 346,
        "totalOtherIncomeExpenseNet": -3
      },
      {
        "costOfGoodsSold": 834,
        "dilutedAverageSharesOutstanding": 181.2,
        "dilutedEPS": 0.65,
        "ebit": 200,
        "grossIncome": 537,
        "interestExpense": 15,
        "interestIncomeExpense": -15,
        "minorityInterest": 0,
        "netIncome": 118,
        "netIncomeAfterTaxes": 118,
        "nonRecurringItems": -5,
        "period": "2019-12-31",
        "pretaxIncome": 178,
        "provisionforIncomeTaxes": 60,
        "researchDevelopment": 49,
        "revenue": 1371,
        "sgaExpense": 288,
        "totalOperatingExpense": 337,
        "totalOtherIncomeExpenseNet": -2
      },
      {
        "costOfGoodsSold": 787,
        "dilutedAverageSharesOutstanding": 181.2,
        "dilutedEPS": 0.36,
        "ebit": 192,
        "grossIncome": 509,
        "interestExpense": 16,
        "interestIncomeExpense": -16,
        "netIncome": 65,
        "netIncomeAfterTaxes": 65,
        "nonRecurringItems": -181,
        "period": "2019-09-30",
        "pretaxIncome": -12,
        "provisionforIncomeTaxes": -77,
        "researchDevelopment": 44,
        "revenue": 1296,
        "sgaExpense": 273,
        "totalOperatingExpense": 317,
        "totalOtherIncomeExpenseNet": -7
      },
      {
        "costOfGoodsSold": 819,
        "dilutedAverageSharesOutstanding": 181.2,
        "dilutedEPS": 0.77,
        "ebit": 185,
        "grossIncome": 526,
        "interestExpense": 18,
        "interestIncomeExpense": -18,
        "netIncome": 139,
        "netIncomeAfterTaxes": 139,
        "nonRecurringItems": -14,
        "period": "2019-06-30",
        "pretaxIncome": 156,
        "provisionforIncomeTaxes": 17,
        "researchDevelopment": 47,
        "revenue": 1345,
        "sgaExpense": 294,
        "totalOperatingExpense": 341,
        "totalOtherIncomeExpenseNet": 3
      },
      {
        "costOfGoodsSold": 763,
        "dilutedAverageSharesOutstanding": 181.1,
        "dilutedEPS": 0.44,
        "ebit": 120,
        "grossIncome": 474,
        "interestExpense": 18,
        "interestIncomeExpense": -18,
        "netIncome": 79,
        "netIncomeAfterTaxes": 79,
        "nonRecurringItems": -10,
        "period": "2019-03-31",
        "pretaxIncome": 94,
        "provisionforIncomeTaxes": 15,
        "researchDevelopment": 51,
        "revenue": 1237,
        "sgaExpense": 303,
        "totalOperatingExpense": 354,
        "totalOtherIncomeExpenseNet": 2
      },
      {
        "costOfGoodsSold": 844,
        "dilutedAverageSharesOutstanding": 180.8,
        "dilutedEPS": 1.24,
        "ebit": 197,
        "grossIncome": 542,
        "interestExpense": 19,
        "interestIncomeExpense": -19,
        "minorityInterest": 0,
        "netIncome": 225,
        "netIncomeAfterTaxes": 232.5,
        "nonRecurringItems": -3,
        "period": "2018-12-31",
        "pretaxIncome": 179,
        "provisionforIncomeTaxes": -53.5,
        "researchDevelopment": 52,
        "revenue": 1386,
        "sgaExpense": 293,
        "totalOperatingExpense": 345,
        "totalOtherIncomeExpenseNet": 4
      },
      {
        "costOfGoodsSold": 782,
        "dilutedAverageSharesOutstanding": 181.1,
        "dilutedEPS": 0.72,
        "ebit": 180,
        "grossIncome": 505,
        "interestExpense": 21,
        "interestIncomeExpense": -21,
        "minorityInterest": 0,
        "netIncome": 130,
        "netIncomeAfterTaxes": 130,
        "nonRecurringItems": -2,
        "period": "2018-09-30",
        "pretaxIncome": 161,
        "provisionforIncomeTaxes": 31,
        "researchDevelopment": 46,
        "revenue": 1287,
        "sgaExpense": 279,
        "totalOperatingExpense": 325,
        "totalOtherIncomeExpenseNet": 4
      },
      {
        "costOfGoodsSold": 798,
        "dilutedAverageSharesOutstanding": 181,
        "dilutedEPS": 0.64,
        "ebit": 176,
        "grossIncome": 519,
        "interestExpense": 21,
        "interestIncomeExpense": -21,
        "minorityInterest": 0,
        "netIncome": 115,
        "netIncomeAfterTaxes": 115,
        "nonRecurringItems": -7,
        "period": "2018-06-30",
        "pretaxIncome": 150,
        "provisionforIncomeTaxes": 35,
        "researchDevelopment": 50,
        "revenue": 1317,
        "sgaExpense": 293,
        "totalOperatingExpense": 343,
        "totalOtherIncomeExpenseNet": 2
      },
      {
        "costOfGoodsSold": 757,
        "dilutedAverageSharesOutstanding": 181.4,
        "dilutedEPS": 0.44,
        "ebit": 123,
        "grossIncome": 460,
        "interestExpense": 21,
        "interestIncomeExpense": -21,
        "netIncome": 79,
        "netIncomeAfterTaxes": 79,
        "nonRecurringItems": -10,
        "period": "2018-03-31",
        "pretaxIncome": 95,
        "provisionforIncomeTaxes": 16,
        "researchDevelopment": 41,
        "revenue": 1217,
        "sgaExpense": 296,
        "totalOperatingExpense": 337,
        "totalOtherIncomeExpenseNet": 3
      },
      {
        "costOfGoodsSold": 772,
        "dilutedAverageSharesOutstanding": 181.5,
        "dilutedEPS": 0.39,
        "ebit": 178,
        "grossIncome": 505,
        "interestExpense": 20,
        "interestIncomeExpense": -20,
        "minorityInterest": 1,
        "netIncome": 71,
        "netIncomeAfterTaxes": 116,
        "nonRecurringItems": -17,
        "period": "2017-12-31",
        "pretaxIncome": 144,
        "provisionforIncomeTaxes": 28,
        "researchDevelopment": 50,
        "revenue": 1277,
        "sgaExpense": 277,
        "totalOperatingExpense": 327,
        "totalOtherIncomeExpenseNet": 3
      },
      {
        "costOfGoodsSold": 724,
        "dilutedAverageSharesOutstanding": 180.9,
        "dilutedEPS": 0.58,
        "ebit": 156,
        "grossIncome": 471,
        "interestExpense": 21,
        "interestIncomeExpense": -21,
        "minorityInterest": 1,
        "netIncome": 105,
        "netIncomeAfterTaxes": 104,
        "nonRecurringItems": -5,
        "period": "2017-09-30",
        "pretaxIncome": 131,
        "provisionforIncomeTaxes": 27,
        "researchDevelopment": 45,
        "revenue": 1195,
        "sgaExpense": 270,
        "totalOperatingExpense": 315,
        "totalOtherIncomeExpenseNet": 1
      },
      {
        "costOfGoodsSold": 705,
        "dilutedAverageSharesOutstanding": 180.6,
        "dilutedEPS": 0.55,
        "ebit": 145,
        "grossIncome": 459,
        "interestExpense": 21,
        "interestIncomeExpense": -21,
        "minorityInterest": -1,
        "netIncome": 99,
        "netIncomeAfterTaxes": 100,
        "nonRecurringItems": -6,
        "period": "2017-06-30",
        "pretaxIncome": 121,
        "provisionforIncomeTaxes": 21,
        "researchDevelopment": 44,
        "revenue": 1164,
        "sgaExpense": 270,
        "totalOperatingExpense": 314,
        "totalOtherIncomeExpenseNet": 3
      },
      {
        "costOfGoodsSold": 659,
        "dilutedAverageSharesOutstanding": 180.7,
        "dilutedEPS": 0.31,
        "ebit": 98,
        "grossIncome": 412,
        "interestExpense": 20,
        "interestIncomeExpense": -20,
        "netIncome": 56,
        "netIncomeAfterTaxes": 56,
        "nonRecurringItems": -7,
        "period": "2017-03-31",
        "pretaxIncome": 70,
        "provisionforIncomeTaxes": 14,
        "researchDevelopment": 42,
        "revenue": 1071,
        "sgaExpense": 272,
        "totalOperatingExpense": 314,
        "totalOtherIncomeExpenseNet": -1
      },
      {
        "costOfGoodsSold": 689,
        "dilutedAverageSharesOutstanding": 180.6,
        "dilutedEPS": 0.28,
        "ebit": 121,
        "grossIncome": 406,
        "interestExpense": 20,
        "interestIncomeExpense": -20,
        "netIncome": 50,
        "netIncomeAfterTaxes": 50,
        "nonRecurringItems": -12,
        "period": "2016-12-31",
        "pretaxIncome": 90,
        "provisionforIncomeTaxes": 40,
        "researchDevelopment": 35,
        "revenue": 1095,
        "sgaExpense": 250,
        "totalOperatingExpense": 285,
        "totalOtherIncomeExpenseNet": 1
      },
      {
        "costOfGoodsSold": 540,
        "dilutedAverageSharesOutstanding": 180.3,
        "dilutedEPS": 0.4,
        "ebit": 115,
        "grossIncome": 357,
        "interestExpense": 16,
        "interestIncomeExpense": -16,
        "netIncome": 73,
        "netIncomeAfterTaxes": 73,
        "nonRecurringItems": -6,
        "period": "2016-09-30",
        "pretaxIncome": 95,
        "provisionforIncomeTaxes": 22,
        "researchDevelopment": 23,
        "revenue": 897,
        "sgaExpense": 219,
        "totalOperatingExpense": 242,
        "totalOtherIncomeExpenseNet": 2
      },
      {
        "costOfGoodsSold": 563,
        "dilutedAverageSharesOutstanding": 179.9,
        "dilutedEPS": 0.39,
        "ebit": 115,
        "grossIncome": 369,
        "interestExpense": 20,
        "interestIncomeExpense": -20,
        "netIncome": 71,
        "netIncomeAfterTaxes": 71,
        "nonRecurringItems": -6,
        "period": "2016-06-30",
        "pretaxIncome": 90,
        "provisionforIncomeTaxes": 19,
        "researchDevelopment": 27,
        "revenue": 932,
        "sgaExpense": 227,
        "totalOperatingExpense": 254,
        "totalOtherIncomeExpenseNet": 1
      },
      {
        "costOfGoodsSold": 518,
        "dilutedAverageSharesOutstanding": 179.3,
        "dilutedEPS": 0.37,
        "ebit": 85,
        "grossIncome": 329,
        "interestExpense": 14,
        "interestIncomeExpense": -14,
        "netIncome": 66,
        "netIncomeAfterTaxes": 66,
        "nonRecurringItems": -6,
        "period": "2016-03-31",
        "pretaxIncome": 65,
        "provisionforIncomeTaxes": -1,
        "researchDevelopment": 25,
        "revenue": 847,
        "sgaExpense": 219,
        "totalOperatingExpense": 244,
        "totalOtherIncomeExpenseNet": 0
      },
      {
        "costOfGoodsSold": 604,
        "dilutedAverageSharesOutstanding": 179.8,
        "dilutedEPS": 0.63,
        "ebit": 143,
        "grossIncome": 390,
        "interestExpense": 14,
        "interestIncomeExpense": -14,
        "netIncome": 114,
        "netIncomeAfterTaxes": 114,
        "nonRecurringItems": -1,
        "period": "2015-12-31",
        "pretaxIncome": 128,
        "provisionforIncomeTaxes": 14,
        "researchDevelopment": 24,
        "revenue": 994,
        "sgaExpense": 223,
        "totalOperatingExpense": 247,
        "totalOtherIncomeExpenseNet": 0
      },
      {
        "costOfGoodsSold": 551,
        "dilutedAverageSharesOutstanding": 181.6,
        "dilutedEPS": 0.48,
        "ebit": 121,
        "grossIncome": 351,
        "interestExpense": 13,
        "interestIncomeExpense": -13,
        "netIncome": 88,
        "netIncomeAfterTaxes": 88,
        "nonRecurringItems": -1,
        "period": "2015-09-30",
        "pretaxIncome": 107,
        "provisionforIncomeTaxes": 19,
        "researchDevelopment": 23,
        "revenue": 902,
        "sgaExpense": 207,
        "totalOperatingExpense": 230,
        "totalOtherIncomeExpenseNet": 0
      }
    ],
    "symbol": "XYL"
  }
}