{
  "symbol": "WM",
  "statement": "ic",
  "frequency": "annual",
  "timestamp": "2025-09-19T14:08:40.370469",
  "data": {
    "financials": [
      {
        "costOfGoodsSold": 13383,
        "depreciationAmortization": 2267,
        "dilutedAverageSharesOutstanding": 403.4,
        "dilutedEPS": 6.81,
        "ebit": 4149,
        "grossIncome": 8680,
        "interestExpense": 598,
        "interestIncomeExpense": -594,
        "minorityInterest": 1,
        "netIncome": 2746,
        "netIncomeAfterTaxes": 2745,
        "nonRecurringItems": -93,
        "period": "2024-12-31",
        "pretaxIncome": 3458,
        "provisionforIncomeTaxes": 713,
        "revenue": 22063,
        "sgaExpense": 2264,
        "totalOperatingExpense": 4531,
        "totalOtherIncomeExpenseNet": -4,
        "year": 2024
      },
      {
        "costOfGoodsSold": 12606,
        "depreciationAmortization": 2071,
        "dilutedAverageSharesOutstanding": 406.9,
        "dilutedEPS": 5.66,
        "ebit": 3823,
        "grossIncome": 7820,
        "interestExpense": 500,
        "interestIncomeExpense": -560,
        "minorityInterest": 28,
        "netIncome": 2304,
        "netIncomeAfterTaxes": 2276,
        "nonRecurringItems": -248,
        "period": "2023-12-31",
        "pretaxIncome": 3021,
        "provisionforIncomeTaxes": 745,
        "revenue": 20426,
        "sgaExpense": 1926,
        "totalOperatingExpense": 3997,
        "totalOtherIncomeExpenseNet": 6,
        "year": 2023
      },
      {
        "costOfGoodsSold": 12294,
        "depreciationAmortization": 2038,
        "dilutedAverageSharesOutstanding": 415,
        "dilutedEPS": 5.39,
        "ebit": 3428,
        "grossIncome": 7404,
        "interestExpense": 378,
        "interestIncomeExpense": -445,
        "minorityInterest": -2,
        "netIncome": 2238,
        "netIncomeAfterTaxes": 2240,
        "nonRecurringItems": -63,
        "period": "2022-12-31",
        "pretaxIncome": 2918,
        "provisionforIncomeTaxes": 678,
        "revenue": 19698,
        "sgaExpense": 1938,
        "totalOperatingExpense": 3976,
        "totalOtherIncomeExpenseNet": -2,
        "year": 2022
      },
      {
        "costOfGoodsSold": 11111,
        "depreciationAmortization": 1999,
        "dilutedAverageSharesOutstanding": 422.9,
        "dilutedEPS": 4.29,
        "ebit": 2957,
        "grossIncome": 6820,
        "interestExpense": 365,
        "interestIncomeExpense": -401,
        "minorityInterest": -1,
        "netIncome": 1816,
        "netIncomeAfterTaxes": 1817,
        "nonRecurringItems": -212,
        "period": "2021-12-31",
        "pretaxIncome": 2349,
        "provisionforIncomeTaxes": 532,
        "revenue": 17931,
        "sgaExpense": 1864,
        "totalOperatingExpense": 3863,
        "totalOtherIncomeExpenseNet": 5,
        "year": 2021
      },
      {
        "costOfGoodsSold": 9341,
        "depreciationAmortization": 1671,
        "dilutedAverageSharesOutstanding": 425.1,
        "dilutedEPS": 3.52,
        "ebit": 2509,
        "grossIncome": 5877,
        "interestExpense": 425,
        "interestIncomeExpense": -486,
        "minorityInterest": 0,
        "netIncome": 1496,
        "netIncomeAfterTaxes": 1496,
        "nonRecurringItems": -135,
        "period": "2020-12-31",
        "pretaxIncome": 1893,
        "provisionforIncomeTaxes": 397,
        "revenue": 15218,
        "sgaExpense": 1697,
        "totalOperatingExpense": 3368,
        "totalOtherIncomeExpenseNet": 5,
        "year": 2020
      },
      {
        "costOfGoodsSold": 9496,
        "depreciationAmortization": 1574,
        "dilutedAverageSharesOutstanding": 427.5,
        "dilutedEPS": 3.91,
        "ebit": 2754,
        "grossIncome": 5959,
        "interestExpense": 411,
        "interestIncomeExpense": -466,
        "minorityInterest": -1,
        "netIncome": 1670,
        "netIncomeAfterTaxes": 1671,
        "nonRecurringItems": -185,
        "period": "2019-12-31",
        "pretaxIncome": 2105,
        "provisionforIncomeTaxes": 434,
        "revenue": 15455,
        "sgaExpense": 1631,
        "totalOperatingExpense": 3205,
        "totalOtherIncomeExpenseNet": 2,
        "year": 2019
      },
      {
        "costOfGoodsSold": 9249,
        "depreciationAmortization": 1477,
        "dilutedAverageSharesOutstanding": 432.2,
        "dilutedEPS": 4.45,
        "ebit": 2735,
        "grossIncome": 5665,
        "interestExpense": 363,
        "interestIncomeExpense": -415,
        "minorityInterest": 2,
        "netIncome": 1925,
        "netIncomeAfterTaxes": 1911,
        "nonRecurringItems": 54,
        "period": "2018-12-31",
        "pretaxIncome": 2376,
        "provisionforIncomeTaxes": 465,
        "revenue": 14914,
        "sgaExpense": 1453,
        "totalOperatingExpense": 2930,
        "totalOtherIncomeExpenseNet": 2,
        "year": 2018
      },
      {
        "costOfGoodsSold": 9021,
        "depreciationAmortization": 1376,
        "dilutedAverageSharesOutstanding": 441.9,
        "dilutedEPS": 4.41,
        "ebit": 2620,
        "grossIncome": 5464,
        "interestExpense": 351,
        "interestIncomeExpense": -431,
        "minorityInterest": 0,
        "netIncome": 1949,
        "netIncomeAfterTaxes": 2544,
        "nonRecurringItems": 10,
        "period": "2017-12-31",
        "pretaxIncome": 2191,
        "provisionforIncomeTaxes": -353,
        "revenue": 14485,
        "sgaExpense": 1468,
        "totalOperatingExpense": 2844,
        "totalOtherIncomeExpenseNet": -8,
        "year": 2017
      },
      {
        "costOfGoodsSold": 8486,
        "depreciationAmortization": 1301,
        "dilutedAverageSharesOutstanding": 446.5,
        "dilutedEPS": 2.65,
        "ebit": 2412,
        "grossIncome": 5123,
        "interestExpense": 365,
        "interestIncomeExpense": -440,
        "minorityInterest": 2,
        "netIncome": 1182,
        "netIncomeAfterTaxes": 1180,
        "nonRecurringItems": -120,
        "period": "2016-12-31",
        "pretaxIncome": 1822,
        "provisionforIncomeTaxes": 642,
        "revenue": 13609,
        "sgaExpense": 1410,
        "totalOperatingExpense": 2711,
        "totalOtherIncomeExpenseNet": -30,
        "year": 2016
      },
      {
        "costOfGoodsSold": 8231,
        "depreciationAmortization": 1245,
        "dilutedAverageSharesOutstanding": 455.9,
        "dilutedEPS": 1.65,
        "ebit": 2142,
        "grossIncome": 4730,
        "interestExpense": 385,
        "interestIncomeExpense": -423,
        "minorityInterest": 1,
        "netIncome": 753,
        "netIncomeAfterTaxes": 752,
        "nonRecurringItems": -652,
        "period": "2015-12-31",
        "pretaxIncome": 1060,
        "provisionforIncomeTaxes": 308,
        "revenue": 12961,
        "sgaExpense": 1343,
        "totalOperatingExpense": 2588,
        "totalOtherIncomeExpenseNet": -7,
        "year": 2015
      }
    ],
    "symbol": "WM"
  }
}