{
  "symbol": "MCK",
  "statement": "ic",
  "frequency": "annual",
  "timestamp": "2025-09-19T14:03:47.685802",
  "data": {
    "financials": [
      {
        "costOfGoodsSold": 346114,
        "dilutedAverageSharesOutstanding": 128.1,
        "dilutedEPS": 25.72,
        "ebit": 4430,
        "grossIncome": 12937,
        "interestExpense": 265,
        "interestIncomeExpense": -265,
        "minorityInterest": -186,
        "netIncome": 3295,
        "netIncomeAfterTaxes": 3481,
        "nonRecurringItems": -8,
        "period": "2025-03-31",
        "pretaxIncome": 4359,
        "provisionforIncomeTaxes": 878,
        "revenue": 359051,
        "sgaExpense": 8507,
        "totalOperatingExpense": 8507,
        "totalOtherIncomeExpenseNet": 202,
        "year": 2025
      },
      {
        "costOfGoodsSold": 296367,
        "dilutedAverageSharesOutstanding": 134.1,
        "dilutedEPS": 22.39,
        "ebit": 3927,
        "grossIncome": 12584,
        "interestExpense": 252,
        "interestIncomeExpense": -154,
        "minorityInterest": -158,
        "netIncome": 3002,
        "netIncomeAfterTaxes": 3160,
        "nonRecurringItems": -9,
        "otherOperatingExpensesTotal": -78,
        "period": "2024-03-31",
        "pretaxIncome": 3789,
        "provisionforIncomeTaxes": 629,
        "revenue": 308951,
        "sgaExpense": 8735,
        "totalOperatingExpense": 8657,
        "totalOtherIncomeExpenseNet": 25,
        "year": 2024
      },
      {
        "costOfGoodsSold": 264353,
        "dilutedAverageSharesOutstanding": 142.2,
        "dilutedEPS": 25.03,
        "ebit": 4552,
        "grossIncome": 12358,
        "interestExpense": 248,
        "interestIncomeExpense": -30,
        "minorityInterest": -162,
        "netIncome": 3560,
        "netIncomeAfterTaxes": 3725,
        "nonRecurringItems": -171,
        "period": "2023-03-31",
        "pretaxIncome": 4630,
        "provisionforIncomeTaxes": 905,
        "revenue": 276711,
        "sgaExpense": 7806,
        "totalOperatingExpense": 7806,
        "totalOtherIncomeExpenseNet": 279,
        "year": 2023
      },
      {
        "costOfGoodsSold": 250680,
        "dilutedAverageSharesOutstanding": 154.1,
        "dilutedEPS": 7.22,
        "ebit": 3258,
        "grossIncome": 13286,
        "interestExpense": 178,
        "interestIncomeExpense": -27,
        "minorityInterest": -173,
        "netIncome": 1114,
        "netIncomeAfterTaxes": 1292,
        "nonRecurringItems": -1411,
        "period": "2022-03-31",
        "pretaxIncome": 1928,
        "provisionforIncomeTaxes": 636,
        "revenue": 263966,
        "sgaExpense": 10028,
        "totalOperatingExpense": 10028,
        "totalOtherIncomeExpenseNet": 108,
        "year": 2022
      },
      {
        "costOfGoodsSold": 225944,
        "dilutedAverageSharesOutstanding": 160.6,
        "dilutedEPS": -28.26,
        "ebit": 3683,
        "grossIncome": 12284,
        "interestExpense": 217,
        "interestIncomeExpense": -24,
        "minorityInterest": -199,
        "netIncome": -4539,
        "netIncomeAfterTaxes": -4339,
        "nonRecurringItems": -8723,
        "otherOperatingExpensesTotal": 58,
        "period": "2021-03-31",
        "pretaxIncome": -5034,
        "provisionforIncomeTaxes": -695,
        "revenue": 238228,
        "sgaExpense": 8543,
        "totalOperatingExpense": 8601,
        "totalOtherIncomeExpenseNet": 30,
        "year": 2021
      },
      {
        "costOfGoodsSold": 219028,
        "dilutedAverageSharesOutstanding": 182,
        "dilutedEPS": 4.94,
        "ebit": 2841,
        "grossIncome": 12023,
        "interestExpense": 249,
        "interestIncomeExpense": -1686,
        "minorityInterest": -220,
        "netIncome": 900,
        "netIncomeAfterTaxes": 1126,
        "nonRecurringItems": 62,
        "period": "2020-03-31",
        "pretaxIncome": 1144,
        "provisionforIncomeTaxes": 18,
        "researchDevelopment": 96,
        "revenue": 231051,
        "sgaExpense": 9086,
        "totalOperatingExpense": 9182,
        "totalOtherIncomeExpenseNet": -73,
        "year": 2020
      },
      {
        "costOfGoodsSold": 202565,
        "dilutedAverageSharesOutstanding": 197,
        "dilutedEPS": 0.17,
        "ebit": 3280,
        "grossIncome": 11754,
        "interestExpense": 264,
        "interestIncomeExpense": -210,
        "minorityInterest": -221,
        "netIncome": 34,
        "netIncomeAfterTaxes": 168,
        "nonRecurringItems": -2504,
        "period": "2019-03-31",
        "pretaxIncome": 610,
        "provisionforIncomeTaxes": 442,
        "researchDevelopment": 71,
        "revenue": 214319,
        "sgaExpense": 8403,
        "totalOperatingExpense": 8474,
        "totalOtherIncomeExpenseNet": 44,
        "year": 2019
      },
      {
        "costOfGoodsSold": 197173,
        "dilutedAverageSharesOutstanding": 209,
        "dilutedEPS": 0.32,
        "ebit": 2921,
        "grossIncome": 11184,
        "interestExpense": 283,
        "interestIncomeExpense": -408,
        "minorityInterest": -230,
        "netIncome": 67,
        "netIncomeAfterTaxes": -575,
        "nonRecurringItems": -2281,
        "period": "2018-03-31",
        "pretaxIncome": 239,
        "provisionforIncomeTaxes": 814,
        "researchDevelopment": 125,
        "revenue": 208357,
        "sgaExpense": 8138,
        "totalOperatingExpense": 8263,
        "totalOtherIncomeExpenseNet": 7,
        "year": 2018
      },
      {
        "costOfGoodsSold": 187262,
        "dilutedAverageSharesOutstanding": 223,
        "dilutedEPS": 22.73,
        "ebit": 3483,
        "grossIncome": 11271,
        "interestExpense": 308,
        "interestIncomeExpense": -249,
        "minorityInterest": -83,
        "netIncome": 5070,
        "netIncomeAfterTaxes": 5277,
        "nonRecurringItems": 3639,
        "period": "2017-03-31",
        "pretaxIncome": 6891,
        "provisionforIncomeTaxes": 1614,
        "researchDevelopment": 341,
        "revenue": 198533,
        "sgaExpense": 7447,
        "totalOperatingExpense": 7788,
        "totalOtherIncomeExpenseNet": 18,
        "year": 2017
      },
      {
        "costOfGoodsSold": 179468,
        "dilutedAverageSharesOutstanding": 233,
        "dilutedEPS": 9.69,
        "ebit": 3748,
        "grossIncome": 11416,
        "interestExpense": 353,
        "interestIncomeExpense": -353,
        "minorityInterest": -52,
        "netIncome": 2258,
        "netIncomeAfterTaxes": 2342,
        "nonRecurringItems": -203,
        "period": "2016-03-31",
        "pretaxIncome": 3250,
        "provisionforIncomeTaxes": 908,
        "researchDevelopment": 392,
        "revenue": 190884,
        "sgaExpense": 7276,
        "totalOperatingExpense": 7668,
        "totalOtherIncomeExpenseNet": 58,
        "year": 2016
      }
    ],
    "symbol": "MCK"
  }
}