{
  "symbol": "ANET",
  "statement": "ic",
  "frequency": "annual",
  "timestamp": "2025-09-19T13:56:17.528166",
  "data": {
    "financials": [
      {
        "costOfGoodsSold": 2511.843,
        "dilutedAverageSharesOutstanding": 1281.077,
        "dilutedEPS": 2.23,
        "ebit": 2944.616,
        "grossIncome": 4491.303,
        "interestIncomeExpense": 310.998,
        "netIncome": 2852.054,
        "netIncomeAfterTaxes": 2852.054,
        "period": "2024-12-31",
        "pretaxIncome": 3265.034,
        "provisionforIncomeTaxes": 412.98,
        "researchDevelopment": 996.717,
        "revenue": 7003.146,
        "sgaExpense": 549.97,
        "totalOperatingExpense": 1546.687,
        "totalOtherIncomeExpenseNet": 9.42,
        "year": 2024
      },
      {
        "costOfGoodsSold": 2229.887,
        "dilutedAverageSharesOutstanding": 1268.54,
        "dilutedEPS": 1.65,
        "ebit": 2257.249,
        "grossIncome": 3630.281,
        "interestIncomeExpense": 171.12,
        "netIncome": 2087.321,
        "netIncomeAfterTaxes": 2087.321,
        "period": "2023-12-31",
        "pretaxIncome": 2422.026,
        "provisionforIncomeTaxes": 334.705,
        "researchDevelopment": 854.918,
        "revenue": 5860.168,
        "sgaExpense": 518.114,
        "totalOperatingExpense": 1373.032,
        "totalOtherIncomeExpenseNet": -6.343,
        "year": 2023
      },
      {
        "costOfGoodsSold": 1705.614,
        "dilutedAverageSharesOutstanding": 1265.836,
        "dilutedEPS": 1.07,
        "ebit": 1527.106,
        "grossIncome": 2675.696,
        "interestIncomeExpense": 55.035,
        "netIncome": 1352.446,
        "netIncomeAfterTaxes": 1352.446,
        "period": "2022-12-31",
        "pretaxIncome": 1581.796,
        "provisionforIncomeTaxes": 229.35,
        "researchDevelopment": 728.394,
        "revenue": 4381.31,
        "sgaExpense": 420.196,
        "totalOperatingExpense": 1148.59,
        "totalOtherIncomeExpenseNet": -0.345,
        "year": 2022
      },
      {
        "costOfGoodsSold": 1067.258,
        "dilutedAverageSharesOutstanding": 1276.952,
        "dilutedEPS": 0.66,
        "ebit": 924.739,
        "grossIncome": 1880.779,
        "interestIncomeExpense": 7.215,
        "netIncome": 840.854,
        "netIncomeAfterTaxes": 840.854,
        "period": "2021-12-31",
        "pretaxIncome": 930.879,
        "provisionforIncomeTaxes": 90.025,
        "researchDevelopment": 586.752,
        "revenue": 2948.037,
        "sgaExpense": 369.288,
        "totalOperatingExpense": 956.04,
        "totalOtherIncomeExpenseNet": -1.075,
        "year": 2021
      },
      {
        "costOfGoodsSold": 835.626,
        "dilutedAverageSharesOutstanding": 1271.44,
        "dilutedEPS": 0.5,
        "ebit": 699.684,
        "grossIncome": 1481.886,
        "interestIncomeExpense": 40.735,
        "netIncome": 634.557,
        "netIncomeAfterTaxes": 634.557,
        "nonRecurringItems": 0,
        "period": "2020-12-31",
        "pretaxIncome": 738.863,
        "provisionforIncomeTaxes": 104.306,
        "researchDevelopment": 486.594,
        "revenue": 2317.512,
        "sgaExpense": 295.608,
        "totalOperatingExpense": 782.202,
        "totalOtherIncomeExpenseNet": -1.556,
        "year": 2020
      },
      {
        "costOfGoodsSold": 866.368,
        "dilutedAverageSharesOutstanding": 1294.064,
        "dilutedEPS": 0.66,
        "ebit": 805.774,
        "grossIncome": 1544.338,
        "interestIncomeExpense": 56.571,
        "netIncome": 859.444,
        "netIncomeAfterTaxes": 859.867,
        "nonRecurringItems": 0,
        "period": "2019-12-31",
        "pretaxIncome": 862.27,
        "provisionforIncomeTaxes": 2.403,
        "researchDevelopment": 462.759,
        "revenue": 2410.706,
        "sgaExpense": 275.805,
        "totalOperatingExpense": 738.564,
        "totalOtherIncomeExpenseNet": -0.075,
        "year": 2019
      },
      {
        "costOfGoodsSold": 777.992,
        "dilutedAverageSharesOutstanding": 1293.504,
        "dilutedEPS": 0.26,
        "ebit": 678.347,
        "grossIncome": 1373.377,
        "interestExpense": 2.701,
        "interestIncomeExpense": 15.165,
        "netIncome": 327.926,
        "netIncomeAfterTaxes": 334.215,
        "nonRecurringItems": -405,
        "period": "2018-12-31",
        "pretaxIncome": 288.801,
        "provisionforIncomeTaxes": -45.414,
        "researchDevelopment": 442.468,
        "revenue": 2151.369,
        "sgaExpense": 252.562,
        "totalOperatingExpense": 695.03,
        "totalOtherIncomeExpenseNet": 0.289,
        "year": 2018
      },
      {
        "costOfGoodsSold": 584.417,
        "dilutedAverageSharesOutstanding": 1263.632,
        "dilutedEPS": 0.33,
        "ebit": 470.272,
        "grossIncome": 1061.769,
        "interestExpense": 2.78,
        "interestIncomeExpense": -2.78,
        "netIncome": 422.4,
        "netIncomeAfterTaxes": 475.001,
        "period": "2017-12-31",
        "pretaxIncome": 474.76,
        "provisionforIncomeTaxes": -0.241,
        "researchDevelopment": 349.594,
        "revenue": 1646.186,
        "sgaExpense": 241.903,
        "totalOperatingExpense": 591.497,
        "totalOtherIncomeExpenseNet": 7.268,
        "year": 2017
      },
      {
        "costOfGoodsSold": 406.051,
        "dilutedAverageSharesOutstanding": 1171.552,
        "dilutedEPS": 0.16,
        "ebit": 243.409,
        "grossIncome": 723.116,
        "interestExpense": 3.136,
        "interestIncomeExpense": -3.136,
        "netIncome": 182.965,
        "netIncomeAfterTaxes": 184.189,
        "period": "2016-12-31",
        "pretaxIncome": 242.225,
        "provisionforIncomeTaxes": 58.036,
        "researchDevelopment": 273.581,
        "revenue": 1129.167,
        "sgaExpense": 206.126,
        "totalOperatingExpense": 479.707,
        "totalOtherIncomeExpenseNet": 1.952,
        "year": 2016
      },
      {
        "costOfGoodsSold": 294.031,
        "dilutedAverageSharesOutstanding": 1142.576,
        "dilutedEPS": 0.1,
        "ebit": 149.308,
        "grossIncome": 543.56,
        "interestExpense": 3.152,
        "interestIncomeExpense": -3.152,
        "netIncome": 119.115,
        "netIncomeAfterTaxes": 121.102,
        "period": "2015-12-31",
        "pretaxIncome": 146.009,
        "provisionforIncomeTaxes": 24.907,
        "researchDevelopment": 209.448,
        "revenue": 837.591,
        "sgaExpense": 184.804,
        "totalOperatingExpense": 394.252,
        "totalOtherIncomeExpenseNet": -0.147,
        "year": 2015
      }
    ],
    "symbol": "ANET"
  }
}