{
  "symbol": "DHR",
  "statement": "ic",
  "frequency": "quarterly",
  "timestamp": "2025-09-19T13:58:50.106670",
  "data": {
    "financials": [
      {
        "costOfGoodsSold": 2413,
        "dilutedAverageSharesOutstanding": 719.1,
        "dilutedEPS": 0.77,
        "ebit": 760,
        "grossIncome": 3523,
        "interestExpense": 71,
        "interestIncomeExpense": -107,
        "netIncome": 555,
        "netIncomeAfterTaxes": 555,
        "nonRecurringItems": 0,
        "period": "2025-06-27",
        "pretaxIncome": 655,
        "provisionforIncomeTaxes": 100,
        "researchDevelopment": 403,
        "revenue": 5936,
        "sgaExpense": 2360,
        "totalOperatingExpense": 2763,
        "totalOtherIncomeExpenseNet": 2
      },
      {
        "costOfGoodsSold": 2215,
        "dilutedAverageSharesOutstanding": 720.8,
        "dilutedEPS": 1.32,
        "ebit": 1289,
        "grossIncome": 3526,
        "interestExpense": 72,
        "interestIncomeExpense": -156,
        "netIncome": 954,
        "netIncomeAfterTaxes": 954,
        "nonRecurringItems": -6,
        "period": "2025-03-28",
        "pretaxIncome": 1129,
        "provisionforIncomeTaxes": 175,
        "researchDevelopment": 379,
        "revenue": 5741,
        "sgaExpense": 1858,
        "totalOperatingExpense": 2237,
        "totalOtherIncomeExpenseNet": 2
      },
      {
        "costOfGoodsSold": 2648,
        "dilutedAverageSharesOutstanding": 728.5,
        "dilutedEPS": 1.49,
        "ebit": 1524,
        "grossIncome": 3890,
        "interestExpense": 61,
        "interestIncomeExpense": -111,
        "netIncome": 1086,
        "netIncomeAfterTaxes": 1086,
        "nonRecurringItems": -99,
        "period": "2024-12-31",
        "pretaxIncome": 1315,
        "provisionforIncomeTaxes": 229,
        "researchDevelopment": 442,
        "revenue": 6538,
        "sgaExpense": 1924,
        "totalOperatingExpense": 2366,
        "totalOtherIncomeExpenseNet": 1
      },
      {
        "costOfGoodsSold": 2397,
        "dilutedAverageSharesOutstanding": 729.4,
        "dilutedEPS": 1.12,
        "ebit": 1180,
        "grossIncome": 3401,
        "interestExpense": 87,
        "interestIncomeExpense": 20,
        "netIncome": 818,
        "netIncomeAfterTaxes": 818,
        "nonRecurringItems": -222,
        "period": "2024-09-27",
        "pretaxIncome": 977,
        "provisionforIncomeTaxes": 159,
        "researchDevelopment": 383,
        "revenue": 5798,
        "sgaExpense": 1838,
        "totalOperatingExpense": 2221,
        "totalOtherIncomeExpenseNet": -1
      },
      {
        "costOfGoodsSold": 2315,
        "dilutedAverageSharesOutstanding": 742.4,
        "dilutedEPS": 1.22,
        "ebit": 1168,
        "grossIncome": 3428,
        "interestExpense": 65,
        "interestIncomeExpense": -85,
        "netIncome": 907,
        "netIncomeAfterTaxes": 907,
        "nonRecurringItems": 0,
        "period": "2024-06-28",
        "pretaxIncome": 1083,
        "provisionforIncomeTaxes": 176,
        "researchDevelopment": 391,
        "revenue": 5743,
        "sgaExpense": 1869,
        "totalOperatingExpense": 2260,
        "totalOtherIncomeExpenseNet": 0
      },
      {
        "costOfGoodsSold": 2284,
        "dilutedAverageSharesOutstanding": 748.6,
        "dilutedEPS": 1.45,
        "ebit": 1337,
        "grossIncome": 3512,
        "interestExpense": 65,
        "interestIncomeExpense": -42,
        "netIncome": 1088,
        "netIncomeAfterTaxes": 1088,
        "nonRecurringItems": -25,
        "period": "2024-03-29",
        "pretaxIncome": 1271,
        "provisionforIncomeTaxes": 183,
        "researchDevelopment": 368,
        "revenue": 5796,
        "sgaExpense": 1807,
        "totalOperatingExpense": 2175,
        "totalOtherIncomeExpenseNet": 1
      },
      {
        "costOfGoodsSold": 2626,
        "dilutedAverageSharesOutstanding": 760.932,
        "dilutedEPS": 1.41,
        "ebit": 1368,
        "grossIncome": 3779,
        "interestIncomeExpense": -138,
        "netIncome": 1079,
        "netIncomeAfterTaxes": 1121,
        "otherOperatingExpensesTotal": 46,
        "period": "2023-12-31",
        "pretaxIncome": 1232,
        "provisionforIncomeTaxes": 111,
        "researchDevelopment": 407,
        "revenue": 6405,
        "sgaExpense": 1958,
        "totalOperatingExpense": 2411,
        "totalOtherIncomeExpenseNet": 2
      },
      {
        "costOfGoodsSold": 2349,
        "dilutedAverageSharesOutstanding": 745.9,
        "dilutedEPS": 1.51,
        "ebit": 1185,
        "grossIncome": 3275,
        "interestExpense": 70,
        "interestIncomeExpense": -39,
        "netIncome": 1129,
        "netIncomeAfterTaxes": 940,
        "period": "2023-09-29",
        "pretaxIncome": 1147,
        "provisionforIncomeTaxes": 207,
        "researchDevelopment": 362,
        "revenue": 5624,
        "sgaExpense": 1728,
        "totalOperatingExpense": 2090,
        "totalOtherIncomeExpenseNet": 1
      },
      {
        "costOfGoodsSold": 2594,
        "dilutedAverageSharesOutstanding": 744.7,
        "dilutedEPS": 1.48,
        "ebit": 1163,
        "grossIncome": 3318,
        "interestExpense": 65,
        "interestIncomeExpense": -23,
        "netIncome": 1106,
        "netIncomeAfterTaxes": 920,
        "period": "2023-06-30",
        "pretaxIncome": 1142,
        "provisionforIncomeTaxes": 222,
        "researchDevelopment": 361,
        "revenue": 5912,
        "sgaExpense": 1794,
        "totalOperatingExpense": 2155,
        "totalOtherIncomeExpenseNet": 2
      },
      {
        "costOfGoodsSold": 2287,
        "dilutedAverageSharesOutstanding": 737.2,
        "dilutedEPS": 1.93,
        "ebit": 1517,
        "grossIncome": 3662,
        "interestExpense": 66,
        "interestIncomeExpense": 4,
        "netIncome": 1429,
        "netIncomeAfterTaxes": 1240,
        "period": "2023-03-31",
        "pretaxIncome": 1523,
        "provisionforIncomeTaxes": 283,
        "researchDevelopment": 373,
        "revenue": 5949,
        "sgaExpense": 1772,
        "totalOperatingExpense": 2145,
        "totalOtherIncomeExpenseNet": 2
      },
      {
        "costOfGoodsSold": 1363,
        "dilutedAverageSharesOutstanding": 753.5,
        "dilutedEPS": 2.93,
        "ebit": 1135,
        "grossIncome": 2178,
        "interestExpense": 57,
        "interestIncomeExpense": -113,
        "netIncome": 2210,
        "netIncomeAfterTaxes": 1351,
        "nonRecurringItems": 9,
        "period": "2022-12-31",
        "pretaxIncome": 1047,
        "provisionforIncomeTaxes": -304,
        "researchDevelopment": 236,
        "revenue": 3541,
        "sgaExpense": 807,
        "totalOperatingExpense": 1043,
        "totalOtherIncomeExpenseNet": 16
      },
      {
        "costOfGoodsSold": 3079,
        "dilutedAverageSharesOutstanding": 737.4,
        "dilutedEPS": 2.1,
        "ebit": 2015,
        "grossIncome": 4584,
        "interestExpense": 42,
        "interestIncomeExpense": -97,
        "netIncome": 1551,
        "netIncomeAfterTaxes": 1572,
        "nonRecurringItems": 0,
        "otherOperatingExpensesTotal": 0,
        "period": "2022-09-30",
        "pretaxIncome": 1931,
        "provisionforIncomeTaxes": 359,
        "researchDevelopment": 420,
        "revenue": 7663,
        "sgaExpense": 2149,
        "totalOperatingExpense": 2569,
        "totalOtherIncomeExpenseNet": 13
      },
      {
        "costOfGoodsSold": 3030,
        "dilutedAverageSharesOutstanding": 736,
        "dilutedEPS": 2.25,
        "ebit": 2214,
        "grossIncome": 4721,
        "interestExpense": 51,
        "interestIncomeExpense": -147,
        "netIncome": 1658,
        "netIncomeAfterTaxes": 1680,
        "nonRecurringItems": -9,
        "period": "2022-07-01",
        "pretaxIncome": 2069,
        "provisionforIncomeTaxes": 389,
        "researchDevelopment": 431,
        "revenue": 7751,
        "sgaExpense": 2076,
        "totalOperatingExpense": 2507,
        "totalOtherIncomeExpenseNet": 11
      },
      {
        "costOfGoodsSold": 2983,
        "dilutedAverageSharesOutstanding": 737.7,
        "dilutedEPS": 2.28,
        "ebit": 2172,
        "grossIncome": 4705,
        "interestExpense": 54,
        "interestIncomeExpense": -77,
        "netIncome": 1684,
        "netIncomeAfterTaxes": 1725,
        "nonRecurringItems": 0,
        "period": "2022-04-01",
        "pretaxIncome": 2099,
        "provisionforIncomeTaxes": 374,
        "researchDevelopment": 441,
        "revenue": 7688,
        "sgaExpense": 2092,
        "totalOperatingExpense": 2533,
        "totalOtherIncomeExpenseNet": 4
      },
      {
        "costOfGoodsSold": 1267,
        "dilutedAverageSharesOutstanding": 738,
        "dilutedEPS": 2.36,
        "ebit": 1066,
        "grossIncome": 2230,
        "interestExpense": 49,
        "interestIncomeExpense": 23,
        "netIncome": 1747,
        "netIncomeAfterTaxes": 888,
        "nonRecurringItems": -104,
        "otherOperatingExpensesTotal": 0,
        "period": "2021-12-31",
        "pretaxIncome": 998,
        "provisionforIncomeTaxes": 110,
        "researchDevelopment": 251,
        "revenue": 3497,
        "sgaExpense": 913,
        "totalOperatingExpense": 1164,
        "totalOtherIncomeExpenseNet": 13
      },
      {
        "costOfGoodsSold": 2870,
        "dilutedAverageSharesOutstanding": 727,
        "dilutedEPS": 1.54,
        "ebit": 1309,
        "grossIncome": 4359,
        "interestExpense": 62,
        "interestIncomeExpense": 69,
        "netIncome": 1117,
        "netIncomeAfterTaxes": 1158,
        "nonRecurringItems": 0,
        "otherOperatingExpensesTotal": 547,
        "period": "2021-10-01",
        "pretaxIncome": 1387,
        "provisionforIncomeTaxes": 229,
        "researchDevelopment": 441,
        "revenue": 7229,
        "sgaExpense": 2062,
        "totalOperatingExpense": 3050,
        "totalOtherIncomeExpenseNet": 9
      },
      {
        "costOfGoodsSold": 2821,
        "dilutedAverageSharesOutstanding": 736,
        "dilutedEPS": 2.36,
        "ebit": 2005,
        "grossIncome": 4397,
        "interestExpense": 62,
        "interestIncomeExpense": 27,
        "netIncome": 1744,
        "netIncomeAfterTaxes": 1699,
        "nonRecurringItems": 0,
        "period": "2021-07-02",
        "pretaxIncome": 2043,
        "provisionforIncomeTaxes": 344,
        "researchDevelopment": 426,
        "revenue": 7218,
        "sgaExpense": 1966,
        "totalOperatingExpense": 2392,
        "totalOtherIncomeExpenseNet": 11
      },
      {
        "costOfGoodsSold": 2605,
        "dilutedAverageSharesOutstanding": 735.8,
        "dilutedEPS": 2.25,
        "ebit": 2007,
        "grossIncome": 4253,
        "interestExpense": 58,
        "interestIncomeExpense": 62,
        "netIncome": 1661,
        "netIncomeAfterTaxes": 1702,
        "nonRecurringItems": 3,
        "period": "2021-04-02",
        "pretaxIncome": 2083,
        "provisionforIncomeTaxes": 381,
        "researchDevelopment": 380,
        "revenue": 6858,
        "sgaExpense": 1866,
        "totalOperatingExpense": 2246,
        "totalOtherIncomeExpenseNet": 11
      },
      {
        "costOfGoodsSold": 2806.2,
        "dilutedAverageSharesOutstanding": 724.4,
        "dilutedEPS": 1.66,
        "ebit": 1601.3,
        "grossIncome": 3954.1,
        "interestExpense": 72.3,
        "interestIncomeExpense": -69,
        "netIncome": 1199.4,
        "netIncomeAfterTaxes": 1240.1,
        "nonRecurringItems": -25.6,
        "period": "2020-12-31",
        "pretaxIncome": 1541.5,
        "provisionforIncomeTaxes": 301.4,
        "researchDevelopment": 395.8,
        "revenue": 6760.3,
        "sgaExpense": 1957,
        "totalOperatingExpense": 2352.8,
        "totalOtherIncomeExpenseNet": 34.8
      },
      {
        "costOfGoodsSold": 2657.7,
        "dilutedAverageSharesOutstanding": 724.3,
        "dilutedEPS": 1.16,
        "ebit": 1087.6,
        "grossIncome": 3225.5,
        "interestExpense": 76.7,
        "interestIncomeExpense": -72.5,
        "netIncome": 842.4,
        "netIncomeAfterTaxes": 883.5,
        "nonRecurringItems": 0,
        "period": "2020-10-02",
        "pretaxIncome": 1021.5,
        "provisionforIncomeTaxes": 138,
        "researchDevelopment": 342.6,
        "revenue": 5883.2,
        "sgaExpense": 1795.3,
        "totalOperatingExpense": 2137.9,
        "totalOtherIncomeExpenseNet": 6.4
      },
      {
        "costOfGoodsSold": 2444.8,
        "dilutedAverageSharesOutstanding": 718.2,
        "dilutedEPS": 1.24,
        "ebit": 844.6,
        "grossIncome": 2852.6,
        "interestExpense": 78.6,
        "interestIncomeExpense": -77.6,
        "netIncome": 892.7,
        "netIncomeAfterTaxes": 927.3,
        "nonRecurringItems": 454.6,
        "period": "2020-07-03",
        "pretaxIncome": 1220.9,
        "provisionforIncomeTaxes": 293.6,
        "researchDevelopment": 322.6,
        "revenue": 5297.4,
        "sgaExpense": 1685.4,
        "totalOperatingExpense": 2008,
        "totalOtherIncomeExpenseNet": -0.7
      },
      {
        "costOfGoodsSold": 1900.3,
        "dilutedAverageSharesOutstanding": 707.9,
        "dilutedEPS": 0.81,
        "ebit": 697.5,
        "grossIncome": 2442.8,
        "interestExpense": 47.4,
        "interestIncomeExpense": 15.1,
        "netIncome": 575.5,
        "netIncomeAfterTaxes": 595.1,
        "period": "2020-04-03",
        "pretaxIncome": 711.1,
        "provisionforIncomeTaxes": 116,
        "researchDevelopment": 287,
        "revenue": 4343.1,
        "sgaExpense": 1458.3,
        "totalOperatingExpense": 1745.3,
        "totalOtherIncomeExpenseNet": -1.5
      },
      {
        "costOfGoodsSold": 2164.4,
        "dilutedAverageSharesOutstanding": 726.4,
        "dilutedEPS": 1.72,
        "ebit": 961.3,
        "grossIncome": 2703.9,
        "interestExpense": 43.8,
        "interestIncomeExpense": 23.2,
        "netIncome": 1255.7,
        "netIncomeAfterTaxes": 792.6,
        "nonRecurringItems": -7,
        "period": "2019-12-31",
        "pretaxIncome": 975.2,
        "provisionforIncomeTaxes": 182.6,
        "researchDevelopment": 293.8,
        "revenue": 4868.3,
        "sgaExpense": 1448.8,
        "totalOperatingExpense": 1742.6,
        "totalOtherIncomeExpenseNet": -2.3
      },
      {
        "costOfGoodsSold": 1936.6,
        "dilutedAverageSharesOutstanding": 729.3,
        "dilutedEPS": 0.88,
        "ebit": 776.3,
        "grossIncome": 2441.4,
        "interestExpense": 24,
        "interestIncomeExpense": 6.1,
        "netIncome": 648.4,
        "netIncomeAfterTaxes": 630.7,
        "nonRecurringItems": 0,
        "period": "2019-09-27",
        "pretaxIncome": 786.6,
        "provisionforIncomeTaxes": 155.9,
        "researchDevelopment": 282.6,
        "revenue": 4378,
        "sgaExpense": 1382.5,
        "totalOperatingExpense": 1665.1,
        "totalOtherIncomeExpenseNet": 4.2
      },
      {
        "costOfGoodsSold": 1960.7,
        "dilutedAverageSharesOutstanding": 727.9,
        "dilutedEPS": 0.97,
        "ebit": 811.7,
        "grossIncome": 2483.8,
        "interestExpense": 19.7,
        "interestIncomeExpense": 6.5,
        "netIncome": 708.6,
        "netIncomeAfterTaxes": 676.4,
        "nonRecurringItems": 0,
        "period": "2019-06-28",
        "pretaxIncome": 823.2,
        "provisionforIncomeTaxes": 146.8,
        "researchDevelopment": 282.1,
        "revenue": 4444.5,
        "sgaExpense": 1390,
        "totalOperatingExpense": 1672.1,
        "totalOtherIncomeExpenseNet": 5
      },
      {
        "costOfGoodsSold": 1865.3,
        "dilutedAverageSharesOutstanding": 718.5,
        "dilutedEPS": 0.45,
        "ebit": 719.7,
        "grossIncome": 2354.9,
        "interestExpense": 20.5,
        "interestIncomeExpense": -4.8,
        "netIncome": 327.3,
        "netIncomeAfterTaxes": 332.3,
        "period": "2019-03-29",
        "pretaxIncome": 720,
        "provisionforIncomeTaxes": 387.7,
        "researchDevelopment": 267.5,
        "revenue": 4220.2,
        "sgaExpense": 1367.7,
        "totalOperatingExpense": 1635.2,
        "totalOtherIncomeExpenseNet": 5.1
      },
      {
        "costOfGoodsSold": 1165.7,
        "dilutedAverageSharesOutstanding": 711.1,
        "dilutedEPS": 1.05,
        "ebit": 613.8,
        "grossIncome": 1353.8,
        "interestExpense": 13.4,
        "interestIncomeExpense": -11.1,
        "netIncome": 746.9,
        "netIncomeAfterTaxes": 494.9,
        "nonRecurringItems": 0,
        "period": "2018-12-31",
        "pretaxIncome": 612.5,
        "provisionforIncomeTaxes": 117.6,
        "researchDevelopment": 147.4,
        "revenue": 2519.5,
        "sgaExpense": 592.6,
        "totalOperatingExpense": 740,
        "totalOtherIncomeExpenseNet": 9.8
      },
      {
        "costOfGoodsSold": 2162.6,
        "dilutedAverageSharesOutstanding": 710.6,
        "dilutedEPS": 0.93,
        "ebit": 830.7,
        "grossIncome": 2690.5,
        "interestExpense": 41.3,
        "interestIncomeExpense": -38.5,
        "netIncome": 663.7,
        "netIncomeAfterTaxes": 663.7,
        "period": "2018-09-28",
        "pretaxIncome": 801.3,
        "provisionforIncomeTaxes": 137.6,
        "researchDevelopment": 301.2,
        "revenue": 4853.1,
        "sgaExpense": 1558.6,
        "totalOperatingExpense": 1859.8,
        "totalOtherIncomeExpenseNet": 9.1
      },
      {
        "costOfGoodsSold": 2163.9,
        "dilutedAverageSharesOutstanding": 709.5,
        "dilutedEPS": 0.95,
        "ebit": 867.5,
        "grossIncome": 2817.1,
        "interestExpense": 43.2,
        "interestIncomeExpense": -40.7,
        "netIncome": 673.8,
        "netIncomeAfterTaxes": 673.8,
        "period": "2018-06-29",
        "pretaxIncome": 835.1,
        "provisionforIncomeTaxes": 161.3,
        "researchDevelopment": 311.7,
        "revenue": 4981,
        "sgaExpense": 1637.9,
        "totalOperatingExpense": 1949.6,
        "totalOtherIncomeExpenseNet": 8.3
      },
      {
        "costOfGoodsSold": 2051.8,
        "dilutedAverageSharesOutstanding": 709.5,
        "dilutedEPS": 0.8,
        "ebit": 743,
        "grossIncome": 2643.6,
        "interestExpense": 39.1,
        "interestIncomeExpense": -37.7,
        "netIncome": 566.6,
        "netIncomeAfterTaxes": 566.6,
        "period": "2018-03-30",
        "pretaxIncome": 713.1,
        "provisionforIncomeTaxes": 146.5,
        "researchDevelopment": 298.7,
        "revenue": 4695.4,
        "sgaExpense": 1601.9,
        "totalOperatingExpense": 1900.6,
        "totalOtherIncomeExpenseNet": 7.8
      },
      {
        "costOfGoodsSold": 1056.9,
        "dilutedAverageSharesOutstanding": 707.9,
        "dilutedEPS": 1.21,
        "ebit": 519.4,
        "grossIncome": 1217.9,
        "interestExpense": 19.2,
        "interestIncomeExpense": -17.3,
        "netIncome": 856.6,
        "netIncomeAfterTaxes": 559,
        "nonRecurringItems": 0,
        "period": "2017-12-31",
        "pretaxIncome": 583.4,
        "provisionforIncomeTaxes": 24.4,
        "researchDevelopment": 126.5,
        "revenue": 2274.8,
        "sgaExpense": 572,
        "totalOperatingExpense": 698.5,
        "totalOtherIncomeExpenseNet": 81.3
      },
      {
        "costOfGoodsSold": 1991.4,
        "dilutedAverageSharesOutstanding": 705.6,
        "dilutedEPS": 0.81,
        "ebit": 759.2,
        "grossIncome": 2536.8,
        "interestExpense": 39.9,
        "interestIncomeExpense": -37.7,
        "netIncome": 572.1,
        "netIncomeAfterTaxes": 572.1,
        "period": "2017-09-29",
        "pretaxIncome": 729.8,
        "provisionforIncomeTaxes": 157.7,
        "researchDevelopment": 279.2,
        "revenue": 4528.2,
        "sgaExpense": 1498.4,
        "totalOperatingExpense": 1777.6,
        "totalOtherIncomeExpenseNet": 8.3
      },
      {
        "costOfGoodsSold": 2027.8,
        "dilutedAverageSharesOutstanding": 705.4,
        "dilutedEPS": 0.79,
        "ebit": 676.7,
        "grossIncome": 2482.3,
        "interestExpense": 40.7,
        "interestIncomeExpense": -38.9,
        "netIncome": 557.3,
        "netIncomeAfterTaxes": 557.3,
        "period": "2017-06-30",
        "pretaxIncome": 644.8,
        "provisionforIncomeTaxes": 87.5,
        "researchDevelopment": 283.3,
        "revenue": 4510.1,
        "sgaExpense": 1522.3,
        "totalOperatingExpense": 1805.6,
        "totalOtherIncomeExpenseNet": 7
      },
      {
        "costOfGoodsSold": 1871.4,
        "dilutedAverageSharesOutstanding": 705.7,
        "dilutedEPS": 0.71,
        "ebit": 617,
        "grossIncome": 2334.3,
        "interestExpense": 40.3,
        "interestIncomeExpense": -38.7,
        "netIncome": 506.1,
        "netIncomeAfterTaxes": 483.8,
        "period": "2017-03-31",
        "pretaxIncome": 585.2,
        "provisionforIncomeTaxes": 101.4,
        "researchDevelopment": 233.8,
        "revenue": 4205.7,
        "sgaExpense": 1483.5,
        "totalOperatingExpense": 1717.3,
        "totalOtherIncomeExpenseNet": 6.9
      },
      {
        "costOfGoodsSold": 2084.3,
        "dilutedAverageSharesOutstanding": 701.9,
        "dilutedEPS": 1.07,
        "ebit": 728.6,
        "grossIncome": 2500,
        "interestExpense": 32.3,
        "interestIncomeExpense": -32.2,
        "netIncome": 747,
        "netIncomeAfterTaxes": 747,
        "nonRecurringItems": 0,
        "period": "2016-12-31",
        "pretaxIncome": 696.4,
        "provisionforIncomeTaxes": -50.6,
        "researchDevelopment": 268,
        "revenue": 4584.3,
        "sgaExpense": 1503.4,
        "totalOperatingExpense": 1771.4
      },
      {
        "costOfGoodsSold": 1846.1,
        "dilutedAverageSharesOutstanding": 701.3,
        "dilutedEPS": 0.57,
        "ebit": 699.1,
        "grossIncome": 2286,
        "interestExpense": 43.7,
        "interestIncomeExpense": -43.6,
        "netIncome": 391.6,
        "netIncomeAfterTaxes": 402.6,
        "nonRecurringItems": -178.8,
        "period": "2016-09-30",
        "pretaxIncome": 476.7,
        "provisionforIncomeTaxes": 74.1,
        "researchDevelopment": 241.1,
        "revenue": 4132.1,
        "sgaExpense": 1345.8,
        "totalOperatingExpense": 1586.9,
        "totalOtherIncomeExpenseNet": 0
      },
      {
        "costOfGoodsSold": 1860.6,
        "dilutedAverageSharesOutstanding": 698.9,
        "dilutedEPS": 0.93,
        "ebit": 710.1,
        "grossIncome": 2381.3,
        "interestExpense": 55.5,
        "interestIncomeExpense": -55.5,
        "netIncome": 656.7,
        "netIncomeAfterTaxes": 418,
        "period": "2016-07-01",
        "pretaxIncome": 654.6,
        "provisionforIncomeTaxes": 236.6,
        "researchDevelopment": 239.9,
        "revenue": 4241.9,
        "sgaExpense": 1431.3,
        "totalOperatingExpense": 1671.2,
        "totalOtherIncomeExpenseNet": 0
      },
      {
        "costOfGoodsSold": 1756.8,
        "dilutedAverageSharesOutstanding": 697.1,
        "dilutedEPS": 1.08,
        "ebit": 613.1,
        "grossIncome": 2167.3,
        "interestExpense": 52.9,
        "interestIncomeExpense": 170.1,
        "netIncome": 758.4,
        "netIncomeAfterTaxes": 585.8,
        "period": "2016-04-01",
        "pretaxIncome": 783.6,
        "provisionforIncomeTaxes": 197.8,
        "researchDevelopment": 226.1,
        "revenue": 3924.1,
        "sgaExpense": 1328.1,
        "totalOperatingExpense": 1554.2,
        "totalOtherIncomeExpenseNet": 0.4
      },
      {
        "costOfGoodsSold": 2065.8,
        "dilutedAverageSharesOutstanding": 697.1,
        "dilutedEPS": 0.98,
        "ebit": 651.6,
        "grossIncome": 2257.2,
        "interestExpense": 50.7,
        "interestIncomeExpense": -50.7,
        "netIncome": 688.6,
        "netIncomeAfterTaxes": 521,
        "nonRecurringItems": 0,
        "period": "2015-12-31",
        "pretaxIncome": 600.9,
        "provisionforIncomeTaxes": 79.9,
        "researchDevelopment": 236.1,
        "revenue": 4323,
        "sgaExpense": 1369.5,
        "totalOperatingExpense": 1605.6,
        "totalOtherIncomeExpenseNet": 0
      },
      {
        "costOfGoodsSold": 1618.8,
        "dilutedAverageSharesOutstanding": 698.7,
        "dilutedEPS": 2,
        "ebit": 480,
        "grossIncome": 1893.4,
        "interestExpense": 39.1,
        "interestIncomeExpense": -38.5,
        "netIncome": 1403.3,
        "netIncomeAfterTaxes": 379.9,
        "period": "2015-10-02",
        "pretaxIncome": 453.9,
        "provisionforIncomeTaxes": 74,
        "researchDevelopment": 212.2,
        "revenue": 3512.2,
        "sgaExpense": 1201.2,
        "totalOperatingExpense": 1413.4,
        "totalOtherIncomeExpenseNet": 12.4
      }
    ],
    "symbol": "DHR"
  }
}