{
  "symbol": "A",
  "statement": "ic",
  "frequency": "annual",
  "timestamp": "2025-09-19T13:55:20.886575",
  "data": {
    "financials": [
      {
        "costOfGoodsSold": 2962,
        "dilutedAverageSharesOutstanding": 291,
        "dilutedEPS": 4.4296,
        "ebit": 1564,
        "grossIncome": 3548,
        "interestExpense": 96,
        "interestIncomeExpense": -6,
        "netIncome": 1289,
        "netIncomeAfterTaxes": 1289,
        "nonRecurringItems": -76,
        "period": "2024-10-31",
        "pretaxIncome": 1521,
        "provisionforIncomeTaxes": 232,
        "researchDevelopment": 458,
        "revenue": 6510,
        "sgaExpense": 1526,
        "totalOperatingExpense": 1984,
        "totalOtherIncomeExpenseNet": 39,
        "year": 2024
      },
      {
        "costOfGoodsSold": 3357,
        "dilutedAverageSharesOutstanding": 296,
        "dilutedEPS": 4.1892,
        "ebit": 1405,
        "grossIncome": 3476,
        "interestExpense": 95,
        "interestIncomeExpense": -68,
        "netIncome": 1240,
        "netIncomeAfterTaxes": 1240,
        "nonRecurringItems": -12,
        "period": "2023-10-31",
        "pretaxIncome": 1339,
        "provisionforIncomeTaxes": 99,
        "researchDevelopment": 475,
        "revenue": 6833,
        "sgaExpense": 1596,
        "totalOperatingExpense": 2071,
        "totalOtherIncomeExpenseNet": 14,
        "year": 2023
      },
      {
        "costOfGoodsSold": 3126,
        "dilutedAverageSharesOutstanding": 300,
        "dilutedEPS": 4.18,
        "ebit": 1618,
        "grossIncome": 3722,
        "interestExpense": 84,
        "interestIncomeExpense": -75,
        "netIncome": 1254,
        "netIncomeAfterTaxes": 1254,
        "period": "2022-10-31",
        "pretaxIncome": 1504,
        "provisionforIncomeTaxes": 250,
        "researchDevelopment": 467,
        "revenue": 6848,
        "sgaExpense": 1637,
        "totalOperatingExpense": 2104,
        "totalOtherIncomeExpenseNet": -39,
        "year": 2022
      },
      {
        "costOfGoodsSold": 2912,
        "dilutedAverageSharesOutstanding": 307,
        "dilutedEPS": 3.94,
        "ebit": 1347,
        "grossIncome": 3407,
        "interestExpense": 81,
        "interestIncomeExpense": -79,
        "netIncome": 1210,
        "netIncomeAfterTaxes": 1210,
        "period": "2021-10-31",
        "pretaxIncome": 1360,
        "provisionforIncomeTaxes": 150,
        "researchDevelopment": 441,
        "revenue": 6319,
        "sgaExpense": 1619,
        "totalOperatingExpense": 2060,
        "totalOtherIncomeExpenseNet": 92,
        "year": 2021
      },
      {
        "costOfGoodsSold": 2502,
        "dilutedAverageSharesOutstanding": 312,
        "dilutedEPS": 2.3,
        "ebit": 858,
        "grossIncome": 2837,
        "interestExpense": 78,
        "interestIncomeExpense": -70,
        "netIncome": 719,
        "netIncomeAfterTaxes": 719,
        "nonRecurringItems": -12,
        "period": "2020-10-31",
        "pretaxIncome": 842,
        "provisionforIncomeTaxes": 123,
        "researchDevelopment": 495,
        "revenue": 5339,
        "sgaExpense": 1484,
        "totalOperatingExpense": 1979,
        "totalOtherIncomeExpenseNet": 66,
        "year": 2020
      },
      {
        "costOfGoodsSold": 2350,
        "dilutedAverageSharesOutstanding": 318,
        "dilutedEPS": 3.37,
        "ebit": 953,
        "grossIncome": 2813,
        "interestExpense": 74,
        "interestIncomeExpense": -44,
        "netIncome": 1071,
        "netIncomeAfterTaxes": 1071,
        "nonRecurringItems": -13,
        "period": "2019-10-31",
        "pretaxIncome": 919,
        "provisionforIncomeTaxes": -152,
        "researchDevelopment": 404,
        "revenue": 5163,
        "sgaExpense": 1456,
        "totalOperatingExpense": 1860,
        "totalOtherIncomeExpenseNet": 23,
        "year": 2019
      },
      {
        "costOfGoodsSold": 2230,
        "dilutedAverageSharesOutstanding": 325,
        "dilutedEPS": 0.97,
        "ebit": 908,
        "grossIncome": 2684,
        "interestExpense": 75,
        "interestIncomeExpense": -43,
        "netIncome": 316,
        "netIncomeAfterTaxes": 868,
        "nonRecurringItems": 15,
        "period": "2018-10-31",
        "pretaxIncome": 946,
        "provisionforIncomeTaxes": 78,
        "researchDevelopment": 387,
        "revenue": 4914,
        "sgaExpense": 1389,
        "totalOperatingExpense": 1776,
        "totalOtherIncomeExpenseNet": 66,
        "year": 2018
      },
      {
        "costOfGoodsSold": 2074,
        "dilutedAverageSharesOutstanding": 326,
        "dilutedEPS": 2.1,
        "ebit": 806,
        "grossIncome": 2398,
        "interestExpense": 79,
        "interestIncomeExpense": -51,
        "netIncome": 684,
        "netIncomeAfterTaxes": 684,
        "period": "2017-10-31",
        "pretaxIncome": 803,
        "provisionforIncomeTaxes": 119,
        "researchDevelopment": 341,
        "revenue": 4472,
        "sgaExpense": 1251,
        "totalOperatingExpense": 1592,
        "totalOtherIncomeExpenseNet": 48,
        "year": 2017
      },
      {
        "costOfGoodsSold": 2002,
        "dilutedAverageSharesOutstanding": 329,
        "dilutedEPS": 1.4,
        "ebit": 618,
        "grossIncome": 2200,
        "interestExpense": 72,
        "interestIncomeExpense": -73,
        "netIncome": 462,
        "netIncomeAfterTaxes": 462,
        "period": "2016-10-31",
        "pretaxIncome": 544,
        "provisionforIncomeTaxes": 82,
        "researchDevelopment": 329,
        "revenue": 4202,
        "sgaExpense": 1253,
        "totalOperatingExpense": 1582,
        "totalOtherIncomeExpenseNet": -1,
        "year": 2016
      },
      {
        "costOfGoodsSold": 2015,
        "dilutedAverageSharesOutstanding": 335,
        "dilutedEPS": 1.19,
        "ebit": 512,
        "grossIncome": 2023,
        "interestExpense": 66,
        "interestIncomeExpense": -71,
        "netIncome": 401,
        "netIncomeAfterTaxes": 438,
        "nonRecurringItems": -8,
        "period": "2015-10-31",
        "pretaxIncome": 480,
        "provisionforIncomeTaxes": 42,
        "researchDevelopment": 326,
        "revenue": 4038,
        "sgaExpense": 1185,
        "totalOperatingExpense": 1511,
        "totalOtherIncomeExpenseNet": 47,
        "year": 2015
      }
    ],
    "symbol": "A"
  }
}