{
  "symbol": "NDAQ",
  "statement": "ic",
  "frequency": "annual",
  "timestamp": "2025-09-19T14:04:26.751862",
  "data": {
    "financials": [
      {
        "costOfGoodsSold": 2751,
        "depreciationAmortization": 613,
        "dilutedAverageSharesOutstanding": 579.1895,
        "dilutedEPS": 1.9286,
        "ebit": 1949,
        "grossIncome": 4649,
        "interestExpense": 414,
        "interestIncomeExpense": -370,
        "minorityInterest": 2,
        "netIncome": 1117,
        "netIncomeAfterTaxes": 1115,
        "nonRecurringItems": -151,
        "period": "2024-12-31",
        "pretaxIncome": 1449,
        "provisionforIncomeTaxes": 334,
        "revenue": 7400,
        "sgaExpense": 2087,
        "totalOperatingExpense": 2700,
        "totalOtherIncomeExpenseNet": 21,
        "year": 2024
      },
      {
        "costOfGoodsSold": 2169,
        "depreciationAmortization": 323,
        "dilutedAverageSharesOutstanding": 508.393,
        "dilutedEPS": 2.083,
        "ebit": 1806,
        "grossIncome": 3895,
        "interestExpense": 284,
        "interestIncomeExpense": -176,
        "minorityInterest": 2,
        "netIncome": 1059,
        "netIncomeAfterTaxes": 1057,
        "nonRecurringItems": -228,
        "period": "2023-12-31",
        "pretaxIncome": 1401,
        "provisionforIncomeTaxes": 344,
        "revenue": 6064,
        "sgaExpense": 1766,
        "totalOperatingExpense": 2089,
        "totalOtherIncomeExpenseNet": -1,
        "year": 2023
      },
      {
        "costOfGoodsSold": 2644,
        "depreciationAmortization": 258,
        "dilutedAverageSharesOutstanding": 497.9,
        "dilutedEPS": 2.26,
        "ebit": 1677,
        "grossIncome": 3582,
        "interestExpense": 129,
        "interestIncomeExpense": -89,
        "minorityInterest": 2,
        "netIncome": 1125,
        "netIncomeAfterTaxes": 1123,
        "nonRecurringItems": -113,
        "period": "2022-12-31",
        "pretaxIncome": 1475,
        "provisionforIncomeTaxes": 352,
        "revenue": 6226,
        "sgaExpense": 1647,
        "totalOperatingExpense": 1905,
        "year": 2022
      },
      {
        "costOfGoodsSold": 2466,
        "depreciationAmortization": 278,
        "dilutedAverageSharesOutstanding": 505.1,
        "dilutedEPS": 2.35,
        "ebit": 1592,
        "grossIncome": 3420,
        "interestExpense": 125,
        "interestIncomeExpense": 9,
        "netIncome": 1187,
        "netIncomeAfterTaxes": 1187,
        "nonRecurringItems": -67,
        "period": "2021-12-31",
        "pretaxIncome": 1534,
        "provisionforIncomeTaxes": 347,
        "revenue": 5886,
        "sgaExpense": 1550,
        "totalOperatingExpense": 1828,
        "year": 2021
      },
      {
        "costOfGoodsSold": 2724,
        "depreciationAmortization": 202,
        "dilutedAverageSharesOutstanding": 500.7,
        "dilutedEPS": 1.86,
        "ebit": 1351,
        "grossIncome": 2903,
        "interestExpense": 101,
        "interestIncomeExpense": -22,
        "netIncome": 933,
        "netIncomeAfterTaxes": 933,
        "nonRecurringItems": -117,
        "period": "2020-12-31",
        "pretaxIncome": 1212,
        "provisionforIncomeTaxes": 279,
        "revenue": 5627,
        "sgaExpense": 1350,
        "totalOperatingExpense": 1552,
        "year": 2020
      },
      {
        "costOfGoodsSold": 1727,
        "depreciationAmortization": 190,
        "dilutedAverageSharesOutstanding": 500.9,
        "dilutedEPS": 1.55,
        "ebit": 1097,
        "grossIncome": 2535,
        "interestExpense": 124,
        "interestIncomeExpense": -25,
        "netIncome": 774,
        "netIncomeAfterTaxes": 774,
        "nonRecurringItems": -53,
        "period": "2019-12-31",
        "pretaxIncome": 1019,
        "provisionforIncomeTaxes": 245,
        "revenue": 4262,
        "sgaExpense": 1248,
        "totalOperatingExpense": 1438,
        "year": 2019
      },
      {
        "costOfGoodsSold": 1751,
        "depreciationAmortization": 210,
        "dilutedAverageSharesOutstanding": 503.1,
        "dilutedEPS": 0.91,
        "ebit": 1049,
        "grossIncome": 2526,
        "interestExpense": 150,
        "interestIncomeExpense": 3,
        "netIncome": 458,
        "netIncomeAfterTaxes": 748,
        "nonRecurringItems": 12,
        "period": "2018-12-31",
        "pretaxIncome": 1064,
        "provisionforIncomeTaxes": 316,
        "revenue": 4277,
        "sgaExpense": 1267,
        "totalOperatingExpense": 1477,
        "year": 2018
      },
      {
        "costOfGoodsSold": 1537,
        "depreciationAmortization": 188,
        "dilutedAverageSharesOutstanding": 508.8,
        "dilutedEPS": 1.43,
        "ebit": 1045,
        "grossIncome": 2411,
        "interestExpense": 143,
        "interestIncomeExpense": -119,
        "netIncome": 729,
        "netIncomeAfterTaxes": 640,
        "nonRecurringItems": -54,
        "period": "2017-12-31",
        "pretaxIncome": 872,
        "provisionforIncomeTaxes": 232,
        "revenue": 3948,
        "sgaExpense": 1178,
        "totalOperatingExpense": 1366,
        "year": 2017
      },
      {
        "costOfGoodsSold": 1428,
        "depreciationAmortization": 170,
        "dilutedAverageSharesOutstanding": 506.4,
        "dilutedEPS": 0.21,
        "ebit": 956,
        "grossIncome": 2277,
        "interestExpense": 135,
        "interestIncomeExpense": -125,
        "minorityInterest": 0,
        "netIncome": 108,
        "netIncomeAfterTaxes": 108,
        "nonRecurringItems": -695,
        "period": "2016-12-31",
        "pretaxIncome": 136,
        "provisionforIncomeTaxes": 28,
        "revenue": 3705,
        "sgaExpense": 1151,
        "totalOperatingExpense": 1321,
        "year": 2016
      },
      {
        "costOfGoodsSold": 1313,
        "depreciationAmortization": 138,
        "dilutedAverageSharesOutstanding": 513.9,
        "dilutedEPS": 0.83,
        "ebit": 902,
        "grossIncome": 2090,
        "interestExpense": 111,
        "interestIncomeExpense": -90,
        "minorityInterest": 1,
        "netIncome": 428,
        "netIncomeAfterTaxes": 427,
        "nonRecurringItems": -182,
        "period": "2015-12-31",
        "pretaxIncome": 630,
        "provisionforIncomeTaxes": 203,
        "revenue": 3403,
        "sgaExpense": 1050,
        "totalOperatingExpense": 1188,
        "year": 2015
      }
    ],
    "symbol": "NDAQ"
  }
}