{
  "symbol": "FTV",
  "statement": "ic",
  "frequency": "annual",
  "timestamp": "2025-09-19T14:00:40.202620",
  "data": {
    "financials": [
      {
        "costOfGoodsSold": 2500.8,
        "dilutedAverageSharesOutstanding": 352.8,
        "dilutedEPS": 2.3608,
        "ebit": 1176.7,
        "gainLossOnDispositionOfAssets": -25.6,
        "grossIncome": 3731,
        "interestExpense": 152.8,
        "interestIncomeExpense": -192.2,
        "netIncome": 832.9,
        "netIncomeAfterTaxes": 832.9,
        "nonRecurringItems": 4.3,
        "period": "2024-12-31",
        "pretaxIncome": 969.6,
        "provisionforIncomeTaxes": 136.7,
        "researchDevelopment": 414,
        "revenue": 6231.8,
        "sgaExpense": 2140.3,
        "totalOperatingExpense": 2554.3,
        "totalOtherIncomeExpenseNet": 6.4,
        "year": 2024
      },
      {
        "costOfGoodsSold": 2471.2,
        "dilutedAverageSharesOutstanding": 355.6,
        "dilutedEPS": 2.4348,
        "ebit": 1133.7,
        "grossIncome": 3594.1,
        "interestExpense": 123.5,
        "interestIncomeExpense": -123.5,
        "netIncome": 865.8,
        "netIncomeAfterTaxes": 865.8,
        "nonRecurringItems": 0,
        "period": "2023-12-31",
        "pretaxIncome": 990.8,
        "provisionforIncomeTaxes": 125,
        "researchDevelopment": 397.8,
        "revenue": 6065.3,
        "sgaExpense": 2062.6,
        "totalOperatingExpense": 2460.4,
        "totalOtherIncomeExpenseNet": -19.4,
        "year": 2023
      },
      {
        "costOfGoodsSold": 2462.3,
        "dilutedAverageSharesOutstanding": 360.8,
        "dilutedEPS": 2.09,
        "ebit": 1005.3,
        "grossIncome": 3363.4,
        "interestExpense": 98.3,
        "interestIncomeExpense": -98.3,
        "netIncome": 755.2,
        "netIncomeAfterTaxes": 755.2,
        "nonRecurringItems": -17.9,
        "period": "2022-12-31",
        "pretaxIncome": 873.5,
        "provisionforIncomeTaxes": 118.3,
        "researchDevelopment": 401.5,
        "revenue": 5825.7,
        "sgaExpense": 1956.6,
        "totalOperatingExpense": 2358.1,
        "totalOtherIncomeExpenseNet": -15.6,
        "year": 2022
      },
      {
        "costOfGoodsSold": 2247.6,
        "dilutedAverageSharesOutstanding": 352.3,
        "dilutedEPS": 1.62,
        "ebit": 828.7,
        "grossIncome": 3007.1,
        "interestExpense": 103.2,
        "interestIncomeExpense": -103.2,
        "netIncome": 573.9,
        "netIncomeAfterTaxes": 614.2,
        "nonRecurringItems": -33.9,
        "period": "2021-12-31",
        "pretaxIncome": 677.5,
        "provisionforIncomeTaxes": 63.3,
        "researchDevelopment": 354.8,
        "revenue": 5254.7,
        "sgaExpense": 1823.6,
        "totalOperatingExpense": 2178.4,
        "totalOtherIncomeExpenseNet": -14.1,
        "year": 2021
      },
      {
        "costOfGoodsSold": 2025.9,
        "dilutedAverageSharesOutstanding": 359,
        "dilutedEPS": 4.3,
        "ebit": 558,
        "grossIncome": 2608.5,
        "interestExpense": 148.5,
        "interestIncomeExpense": 970.7,
        "netIncome": 1544.3,
        "netIncomeAfterTaxes": 1452.2,
        "nonRecurringItems": -18.6,
        "period": "2020-12-31",
        "pretaxIncome": 1507.7,
        "provisionforIncomeTaxes": 55.5,
        "researchDevelopment": 320.7,
        "revenue": 4634.4,
        "sgaExpense": 1729.8,
        "totalOperatingExpense": 2050.5,
        "totalOtherIncomeExpenseNet": -2.4,
        "year": 2020
      },
      {
        "costOfGoodsSold": 2080.7,
        "dilutedAverageSharesOutstanding": 340,
        "dilutedEPS": 1.97,
        "ebit": 480.5,
        "grossIncome": 2483.2,
        "interestExpense": 142.6,
        "interestIncomeExpense": -142.6,
        "netIncome": 669.9,
        "netIncomeAfterTaxes": 268.1,
        "nonRecurringItems": 4.2,
        "period": "2019-12-31",
        "pretaxIncome": 336.7,
        "provisionforIncomeTaxes": 68.6,
        "researchDevelopment": 320.3,
        "revenue": 4563.9,
        "sgaExpense": 1682.4,
        "totalOperatingExpense": 2002.7,
        "totalOtherIncomeExpenseNet": -5.4,
        "year": 2019
      },
      {
        "costOfGoodsSold": 1614.2,
        "dilutedAverageSharesOutstanding": 350.7,
        "dilutedEPS": 8.2,
        "ebit": 648.2,
        "grossIncome": 2186.2,
        "interestExpense": 77.2,
        "interestIncomeExpense": -77.2,
        "netIncome": 2878.9,
        "netIncomeAfterTaxes": 471.2,
        "nonRecurringItems": -2.9,
        "period": "2018-12-31",
        "pretaxIncome": 565.8,
        "provisionforIncomeTaxes": 94.6,
        "researchDevelopment": 278.1,
        "revenue": 3800.4,
        "sgaExpense": 1259.9,
        "totalOperatingExpense": 1538,
        "totalOtherIncomeExpenseNet": -2.3,
        "year": 2018
      },
      {
        "costOfGoodsSold": 2834.7,
        "dilutedAverageSharesOutstanding": 352.6,
        "dilutedEPS": 2.96,
        "ebit": 1159.6,
        "grossIncome": 2921.4,
        "interestExpense": 88.7,
        "interestIncomeExpense": -88.7,
        "netIncome": 1044.5,
        "netIncomeAfterTaxes": 814.3,
        "nonRecurringItems": -1.3,
        "period": "2017-12-31",
        "pretaxIncome": 1073.6,
        "provisionforIncomeTaxes": 259.3,
        "researchDevelopment": 369.3,
        "revenue": 5756.1,
        "sgaExpense": 1392.5,
        "totalOperatingExpense": 1761.8,
        "totalOtherIncomeExpenseNet": 4,
        "year": 2017
      },
      {
        "costOfGoodsSold": 2692.7,
        "dilutedAverageSharesOutstanding": 347.3,
        "dilutedEPS": 2.51,
        "ebit": 1075.1,
        "grossIncome": 2685.5,
        "interestExpense": 46.4,
        "interestIncomeExpense": -46.4,
        "netIncome": 872.3,
        "netIncomeAfterTaxes": 740.2,
        "nonRecurringItems": -13.4,
        "period": "2016-12-31",
        "pretaxIncome": 1010.5,
        "provisionforIncomeTaxes": 270.3,
        "researchDevelopment": 351,
        "revenue": 5378.2,
        "sgaExpense": 1259.4,
        "totalOperatingExpense": 1610.4,
        "totalOtherIncomeExpenseNet": -4.8,
        "year": 2016
      },
      {
        "costOfGoodsSold": 3172.9,
        "dilutedAverageSharesOutstanding": 345.2,
        "dilutedEPS": 2.5,
        "ebit": 1294,
        "grossIncome": 3005.9,
        "interestIncomeExpense": 0,
        "netIncome": 863.8,
        "netIncomeAfterTaxes": 863.8,
        "nonRecurringItems": -24.3,
        "period": "2015-12-31",
        "pretaxIncome": 1269.7,
        "provisionforIncomeTaxes": 405.9,
        "researchDevelopment": 377.7,
        "revenue": 6178.8,
        "sgaExpense": 1334.2,
        "totalOperatingExpense": 1711.9,
        "year": 2015
      }
    ],
    "symbol": "FTV"
  }
}