{
  "symbol": "ROP",
  "statement": "ic",
  "frequency": "annual",
  "timestamp": "2025-09-19T14:06:21.478364",
  "data": {
    "financials": [
      {
        "costOfGoodsSold": 2160.9,
        "dilutedAverageSharesOutstanding": 108,
        "dilutedEPS": 14.35,
        "ebit": 1996.8,
        "grossIncome": 4878.3,
        "interestExpense": 259.2,
        "interestIncomeExpense": -24.6,
        "netIncome": 1549.3,
        "netIncomeAfterTaxes": 1549.3,
        "period": "2024-12-31",
        "pretaxIncome": 1967.2,
        "provisionforIncomeTaxes": 417.9,
        "researchDevelopment": 748.1,
        "revenue": 7039.2,
        "sgaExpense": 2133.4,
        "totalOperatingExpense": 2881.5,
        "totalOtherIncomeExpenseNet": -5,
        "year": 2024
      },
      {
        "costOfGoodsSold": 1870.6,
        "dilutedAverageSharesOutstanding": 107.4,
        "dilutedEPS": 12.88,
        "ebit": 1745.2,
        "grossIncome": 4307.2,
        "interestExpense": 164.7,
        "interestIncomeExpense": 0.7,
        "netIncome": 1384.2,
        "netIncomeAfterTaxes": 1368.4,
        "nonRecurringItems": 0,
        "period": "2023-12-31",
        "pretaxIncome": 1743.1,
        "provisionforIncomeTaxes": 374.7,
        "researchDevelopment": 646.1,
        "revenue": 6177.8,
        "sgaExpense": 1915.9,
        "totalOperatingExpense": 2562,
        "totalOtherIncomeExpenseNet": -2.8,
        "year": 2023
      },
      {
        "costOfGoodsSold": 1619,
        "dilutedAverageSharesOutstanding": 106.8,
        "dilutedEPS": 42.55,
        "ebit": 1524.5,
        "grossIncome": 3752.8,
        "interestExpense": 192.4,
        "interestIncomeExpense": -192.4,
        "netIncome": 4544.7,
        "netIncomeAfterTaxes": 985.6,
        "nonRecurringItems": 0,
        "period": "2022-12-31",
        "pretaxIncome": 1282,
        "provisionforIncomeTaxes": 296.4,
        "researchDevelopment": 529.8,
        "revenue": 5371.8,
        "sgaExpense": 1698.5,
        "totalOperatingExpense": 2228.3,
        "totalOtherIncomeExpenseNet": -50.1,
        "year": 2022
      },
      {
        "costOfGoodsSold": 1426.2,
        "dilutedAverageSharesOutstanding": 106.5,
        "dilutedEPS": 10.82,
        "ebit": 1335.6,
        "grossIncome": 3407.6,
        "interestExpense": 233.9,
        "interestIncomeExpense": -233.9,
        "netIncome": 1152.6,
        "netIncomeAfterTaxes": 805.3,
        "nonRecurringItems": -94.4,
        "period": "2021-12-31",
        "pretaxIncome": 1031.9,
        "provisionforIncomeTaxes": 226.6,
        "researchDevelopment": 484.8,
        "revenue": 4833.8,
        "sgaExpense": 1587.2,
        "totalOperatingExpense": 2072,
        "totalOtherIncomeExpenseNet": 24.6,
        "year": 2021
      },
      {
        "costOfGoodsSold": 1194.1,
        "dilutedAverageSharesOutstanding": 105.7,
        "dilutedEPS": 8.98,
        "ebit": 1082.9,
        "grossIncome": 2828.3,
        "interestExpense": 218.5,
        "interestIncomeExpense": -218.5,
        "netIncome": 949.7,
        "netIncomeAfterTaxes": 673.8,
        "nonRecurringItems": 0,
        "period": "2020-12-31",
        "pretaxIncome": 861.3,
        "provisionforIncomeTaxes": 187.5,
        "researchDevelopment": 382.4,
        "revenue": 4022.4,
        "sgaExpense": 1363,
        "totalOperatingExpense": 1745.4,
        "totalOtherIncomeExpenseNet": -3.1,
        "year": 2020
      },
      {
        "costOfGoodsSold": 1587.6,
        "dilutedAverageSharesOutstanding": 105.1,
        "dilutedEPS": 16.82,
        "ebit": 1328.3,
        "grossIncome": 3140.1,
        "interestExpense": 186.2,
        "interestIncomeExpense": -186.2,
        "netIncome": 1767.9,
        "netIncomeAfterTaxes": 1640,
        "nonRecurringItems": 920.7,
        "period": "2019-12-31",
        "pretaxIncome": 2057.4,
        "provisionforIncomeTaxes": 417.4,
        "researchDevelopment": 379.7,
        "revenue": 4727.7,
        "sgaExpense": 1432.1,
        "totalOperatingExpense": 1811.8,
        "totalOtherIncomeExpenseNet": -5.4,
        "year": 2019
      },
      {
        "costOfGoodsSold": 1911.7,
        "dilutedAverageSharesOutstanding": 104.4,
        "dilutedEPS": 9.04,
        "ebit": 1396.4,
        "grossIncome": 3279.5,
        "interestExpense": 182.1,
        "interestIncomeExpense": -182.3,
        "netIncome": 944.4,
        "netIncomeAfterTaxes": 930.3,
        "nonRecurringItems": -15.9,
        "period": "2018-12-31",
        "pretaxIncome": 1198.4,
        "provisionforIncomeTaxes": 268.1,
        "revenue": 5191.2,
        "sgaExpense": 1883.1,
        "totalOperatingExpense": 1883.1,
        "totalOtherIncomeExpenseNet": 0.2,
        "year": 2018
      },
      {
        "costOfGoodsSold": 1742.675,
        "dilutedAverageSharesOutstanding": 103.522,
        "dilutedEPS": 9.38,
        "ebit": 1210.244,
        "grossIncome": 2864.796,
        "interestExpense": 180.566,
        "interestIncomeExpense": -181.966,
        "netIncome": 971.772,
        "netIncomeAfterTaxes": 756.372,
        "nonRecurringItems": 0,
        "period": "2017-12-31",
        "pretaxIncome": 1034.723,
        "provisionforIncomeTaxes": 278.351,
        "revenue": 4607.471,
        "sgaExpense": 1654.552,
        "totalOperatingExpense": 1654.552,
        "totalOtherIncomeExpenseNet": 6.445,
        "year": 2017
      },
      {
        "costOfGoodsSold": 1457.515,
        "dilutedAverageSharesOutstanding": 102.464,
        "dilutedEPS": 6.43,
        "ebit": 1054.563,
        "grossIncome": 2332.41,
        "interestExpense": 111.559,
        "interestIncomeExpense": -114.459,
        "netIncome": 658.645,
        "netIncomeAfterTaxes": 658.645,
        "nonRecurringItems": -0.871,
        "period": "2016-12-31",
        "pretaxIncome": 940.652,
        "provisionforIncomeTaxes": 282.007,
        "revenue": 3789.925,
        "sgaExpense": 1277.847,
        "totalOperatingExpense": 1277.847,
        "totalOtherIncomeExpenseNet": 1.419,
        "year": 2016
      },
      {
        "costOfGoodsSold": 1417.749,
        "dilutedAverageSharesOutstanding": 101.597,
        "dilutedEPS": 6.85,
        "ebit": 1027.918,
        "grossIncome": 2164.646,
        "interestExpense": 84.225,
        "interestIncomeExpense": -84.925,
        "netIncome": 696.067,
        "netIncomeAfterTaxes": 696.067,
        "period": "2015-12-31",
        "pretaxIncome": 1002.345,
        "provisionforIncomeTaxes": 306.278,
        "revenue": 3582.395,
        "sgaExpense": 1136.728,
        "totalOperatingExpense": 1136.728,
        "totalOtherIncomeExpenseNet": 59.352,
        "year": 2015
      }
    ],
    "symbol": "ROP"
  }
}