{
  "symbol": "HUBB",
  "statement": "ic",
  "frequency": "quarterly",
  "timestamp": "2025-09-19T14:01:45.668141",
  "data": {
    "financials": [
      {
        "costOfGoodsSold": 929.4,
        "dilutedAverageSharesOutstanding": 53.5,
        "dilutedEPS": 4.557,
        "ebit": 339.1,
        "grossIncome": 554.9,
        "interestExpense": 14.5,
        "interestIncomeExpense": -14.5,
        "minorityInterest": -1.3,
        "netIncome": 243.8,
        "netIncomeAfterTaxes": 245.5,
        "nonRecurringItems": -3.2,
        "period": "2025-06-30",
        "pretaxIncome": 315.2,
        "provisionforIncomeTaxes": 69.7,
        "revenue": 1484.3,
        "sgaExpense": 215.8,
        "totalOperatingExpense": 215.8,
        "totalOtherIncomeExpenseNet": -6.2
      },
      {
        "costOfGoodsSold": 912.4,
        "dilutedAverageSharesOutstanding": 53.8,
        "dilutedEPS": 3.1487,
        "ebit": 240.7,
        "grossIncome": 452.8,
        "interestExpense": 13.8,
        "interestIncomeExpense": -13.8,
        "minorityInterest": -1.3,
        "netIncome": 169.4,
        "netIncomeAfterTaxes": 171,
        "nonRecurringItems": -1.7,
        "period": "2025-03-31",
        "pretaxIncome": 219.9,
        "provisionforIncomeTaxes": 48.9,
        "revenue": 1365.2,
        "sgaExpense": 212.1,
        "totalOperatingExpense": 212.1,
        "totalOtherIncomeExpenseNet": -5.3
      },
      {
        "costOfGoodsSold": 882.3,
        "dilutedAverageSharesOutstanding": 54,
        "dilutedEPS": 3.6407,
        "ebit": 259.9,
        "grossIncome": 452,
        "interestExpense": 14.2,
        "interestIncomeExpense": -14.2,
        "minorityInterest": -1.2,
        "netIncome": 196.6,
        "netIncomeAfterTaxes": 198.2,
        "nonRecurringItems": -1.8,
        "period": "2024-12-31",
        "pretaxIncome": 244.2,
        "provisionforIncomeTaxes": 46,
        "revenue": 1334.3,
        "sgaExpense": 192.1,
        "totalOperatingExpense": 192.1,
        "totalOtherIncomeExpenseNet": 0.3
      },
      {
        "costOfGoodsSold": 944.2,
        "dilutedAverageSharesOutstanding": 54,
        "dilutedEPS": 4.0556,
        "ebit": 305.1,
        "grossIncome": 498.4,
        "interestExpense": 18.7,
        "interestIncomeExpense": -18.7,
        "minorityInterest": -1.6,
        "netIncome": 219,
        "netIncomeAfterTaxes": 221,
        "nonRecurringItems": -1.3,
        "period": "2024-09-30",
        "pretaxIncome": 279.5,
        "provisionforIncomeTaxes": 58.5,
        "revenue": 1442.6,
        "sgaExpense": 193.3,
        "totalOperatingExpense": 193.3,
        "totalOtherIncomeExpenseNet": -5.6
      },
      {
        "costOfGoodsSold": 941.6,
        "dilutedAverageSharesOutstanding": 54.1,
        "dilutedEPS": 3.9409,
        "ebit": 305.7,
        "grossIncome": 510.9,
        "interestExpense": 19.8,
        "interestIncomeExpense": -19.8,
        "minorityInterest": -1.6,
        "netIncome": 213.2,
        "netIncomeAfterTaxes": 215.2,
        "nonRecurringItems": -4.5,
        "period": "2024-06-30",
        "pretaxIncome": 280.2,
        "provisionforIncomeTaxes": 65,
        "revenue": 1452.5,
        "sgaExpense": 205.2,
        "totalOperatingExpense": 205.2,
        "totalOtherIncomeExpenseNet": -1.2
      },
      {
        "costOfGoodsSold": 947,
        "dilutedAverageSharesOutstanding": 54,
        "dilutedEPS": 2.7315,
        "ebit": 233.7,
        "grossIncome": 452.1,
        "interestExpense": 21.1,
        "interestIncomeExpense": -21.1,
        "minorityInterest": -1.3,
        "netIncome": 147.5,
        "netIncomeAfterTaxes": 149.1,
        "nonRecurringItems": -10.5,
        "period": "2024-03-31",
        "pretaxIncome": 201.4,
        "provisionforIncomeTaxes": 52.3,
        "revenue": 1399.1,
        "sgaExpense": 218.4,
        "totalOperatingExpense": 218.4,
        "totalOtherIncomeExpenseNet": -0.7
      },
      {
        "costOfGoodsSold": 888.4,
        "dilutedAverageSharesOutstanding": 54,
        "dilutedEPS": 3.1593,
        "ebit": 227.6,
        "grossIncome": 457.4,
        "interestExpense": 10,
        "interestIncomeExpense": -10,
        "minorityInterest": -1.4,
        "netIncome": 170.6,
        "netIncomeAfterTaxes": 172.4,
        "nonRecurringItems": -2,
        "period": "2023-12-31",
        "pretaxIncome": 209.5,
        "provisionforIncomeTaxes": 37.1,
        "revenue": 1345.8,
        "sgaExpense": 229.8,
        "totalOperatingExpense": 229.8,
        "totalOtherIncomeExpenseNet": -6.1
      },
      {
        "costOfGoodsSold": 887.4,
        "dilutedAverageSharesOutstanding": 54,
        "dilutedEPS": 3.7,
        "ebit": 277.4,
        "grossIncome": 488.4,
        "interestExpense": 7.8,
        "interestIncomeExpense": -7.8,
        "minorityInterest": -1.9,
        "netIncome": 199.6,
        "netIncomeAfterTaxes": 202,
        "nonRecurringItems": -1.1,
        "period": "2023-09-30",
        "pretaxIncome": 265,
        "provisionforIncomeTaxes": 63,
        "revenue": 1375.8,
        "sgaExpense": 211,
        "totalOperatingExpense": 211,
        "totalOtherIncomeExpenseNet": -3.5
      },
      {
        "costOfGoodsSold": 867.9,
        "dilutedAverageSharesOutstanding": 54,
        "dilutedEPS": 3.82,
        "ebit": 289.6,
        "grossIncome": 498,
        "interestExpense": 9.2,
        "interestIncomeExpense": -9.2,
        "minorityInterest": -1.4,
        "netIncome": 206.3,
        "netIncomeAfterTaxes": 208.2,
        "nonRecurringItems": -1.8,
        "period": "2023-06-30",
        "pretaxIncome": 273.8,
        "provisionforIncomeTaxes": 65.6,
        "revenue": 1365.9,
        "sgaExpense": 208.4,
        "totalOperatingExpense": 208.4,
        "totalOtherIncomeExpenseNet": -4.8
      },
      {
        "costOfGoodsSold": 836.7,
        "dilutedAverageSharesOutstanding": 53.9,
        "dilutedEPS": 3.37,
        "ebit": 249.3,
        "grossIncome": 448.7,
        "interestExpense": 9.7,
        "interestIncomeExpense": -9.7,
        "minorityInterest": -1.5,
        "netIncome": 181.5,
        "netIncomeAfterTaxes": 183.4,
        "nonRecurringItems": -0.5,
        "period": "2023-03-31",
        "pretaxIncome": 235,
        "provisionforIncomeTaxes": 51.6,
        "revenue": 1285.4,
        "sgaExpense": 199.4,
        "totalOperatingExpense": 199.4,
        "totalOtherIncomeExpenseNet": -4.1
      },
      {
        "costOfGoodsSold": 850.6,
        "dilutedAverageSharesOutstanding": 54.1,
        "dilutedEPS": 1.92,
        "ebit": 172.6,
        "grossIncome": 369,
        "interestExpense": 11.7,
        "interestIncomeExpense": -11.7,
        "minorityInterest": -1,
        "netIncome": 104.3,
        "netIncomeAfterTaxes": 123.9,
        "nonRecurringItems": -1.7,
        "period": "2022-12-31",
        "pretaxIncome": 156.8,
        "provisionforIncomeTaxes": 32.9,
        "revenue": 1219.6,
        "sgaExpense": 196.4,
        "totalOperatingExpense": 196.4,
        "totalOtherIncomeExpenseNet": -2.4
      },
      {
        "costOfGoodsSold": 912.3,
        "dilutedAverageSharesOutstanding": 54,
        "dilutedEPS": 2.56,
        "ebit": 210.1,
        "grossIncome": 403.9,
        "interestExpense": 12.1,
        "interestIncomeExpense": -12.1,
        "minorityInterest": -1.7,
        "netIncome": 138.7,
        "netIncomeAfterTaxes": 152,
        "nonRecurringItems": -8,
        "period": "2022-09-30",
        "pretaxIncome": 190.8,
        "provisionforIncomeTaxes": 38.8,
        "revenue": 1316.2,
        "sgaExpense": 193.8,
        "totalOperatingExpense": 193.8,
        "totalOtherIncomeExpenseNet": 0.8
      },
      {
        "costOfGoodsSold": 871.6,
        "dilutedAverageSharesOutstanding": 53.9,
        "dilutedEPS": 2.25,
        "ebit": 192.2,
        "grossIncome": 384.4,
        "interestExpense": 12.7,
        "interestIncomeExpense": -12.7,
        "minorityInterest": -1.5,
        "netIncome": 121.6,
        "netIncomeAfterTaxes": 137.1,
        "nonRecurringItems": -6,
        "period": "2022-06-30",
        "pretaxIncome": 176,
        "provisionforIncomeTaxes": 38.9,
        "revenue": 1256,
        "sgaExpense": 192.2,
        "totalOperatingExpense": 192.2,
        "totalOtherIncomeExpenseNet": 2.5
      },
      {
        "costOfGoodsSold": 831.9,
        "dilutedAverageSharesOutstanding": 54.4,
        "dilutedEPS": 3.3,
        "ebit": 144.5,
        "grossIncome": 324.2,
        "interestExpense": 13.1,
        "interestIncomeExpense": -13.1,
        "minorityInterest": -1.3,
        "netIncome": 179.7,
        "netIncomeAfterTaxes": 103.8,
        "nonRecurringItems": -1.6,
        "period": "2022-03-31",
        "pretaxIncome": 133.4,
        "provisionforIncomeTaxes": 29.6,
        "revenue": 1156.1,
        "sgaExpense": 179.7,
        "totalOperatingExpense": 179.7,
        "totalOtherIncomeExpenseNet": 3.6
      },
      {
        "costOfGoodsSold": 510.2,
        "dilutedAverageSharesOutstanding": 54.7,
        "dilutedEPS": 2.14,
        "ebit": 107.1,
        "grossIncome": 200.1,
        "interestExpense": 13.3,
        "interestIncomeExpense": -13.3,
        "minorityInterest": -1.8,
        "netIncome": 117.2,
        "netIncomeAfterTaxes": 84.8,
        "nonRecurringItems": -0.4,
        "period": "2021-12-31",
        "pretaxIncome": 101.9,
        "provisionforIncomeTaxes": 17.1,
        "revenue": 710.3,
        "sgaExpense": 93,
        "totalOperatingExpense": 93,
        "totalOtherIncomeExpenseNet": 8.5
      },
      {
        "costOfGoodsSold": 781.7,
        "dilutedAverageSharesOutstanding": 54.7,
        "dilutedEPS": 1.97,
        "ebit": 146.9,
        "grossIncome": 301.7,
        "interestExpense": 13.6,
        "interestIncomeExpense": -13.6,
        "minorityInterest": -2.1,
        "netIncome": 108.1,
        "netIncomeAfterTaxes": 105.5,
        "nonRecurringItems": -1.1,
        "period": "2021-09-30",
        "pretaxIncome": 133,
        "provisionforIncomeTaxes": 27.5,
        "revenue": 1083.4,
        "sgaExpense": 154.8,
        "totalOperatingExpense": 154.8,
        "totalOtherIncomeExpenseNet": 0.8
      },
      {
        "costOfGoodsSold": 755.2,
        "dilutedAverageSharesOutstanding": 54.7,
        "dilutedEPS": 1.74,
        "ebit": 143.4,
        "grossIncome": 299.1,
        "interestExpense": 12.6,
        "interestIncomeExpense": -12.6,
        "minorityInterest": -0.8,
        "netIncome": 95.5,
        "netIncomeAfterTaxes": 89.6,
        "nonRecurringItems": -24.8,
        "period": "2021-06-30",
        "pretaxIncome": 106.5,
        "provisionforIncomeTaxes": 16.9,
        "revenue": 1054.3,
        "sgaExpense": 155.7,
        "totalOperatingExpense": 155.7,
        "totalOtherIncomeExpenseNet": 0.5
      },
      {
        "costOfGoodsSold": 693.6,
        "dilutedAverageSharesOutstanding": 54.7,
        "dilutedEPS": 1.41,
        "ebit": 110.2,
        "grossIncome": 262.7,
        "interestExpense": 15.2,
        "interestIncomeExpense": -15.2,
        "minorityInterest": -1.4,
        "netIncome": 77.4,
        "netIncomeAfterTaxes": 74.7,
        "nonRecurringItems": -0.3,
        "period": "2021-03-31",
        "pretaxIncome": 95.9,
        "provisionforIncomeTaxes": 21.2,
        "revenue": 956.3,
        "sgaExpense": 152.5,
        "totalOperatingExpense": 152.5,
        "totalOtherIncomeExpenseNet": 1.2
      },
      {
        "costOfGoodsSold": 366.1,
        "dilutedAverageSharesOutstanding": 54.8,
        "dilutedEPS": 1.47,
        "ebit": 89.2,
        "grossIncome": 168.3,
        "interestExpense": 14.3,
        "interestIncomeExpense": -14.3,
        "minorityInterest": -1.6,
        "netIncome": 80.7,
        "netIncomeAfterTaxes": 61.3,
        "nonRecurringItems": -8.9,
        "period": "2020-12-31",
        "pretaxIncome": 72.6,
        "provisionforIncomeTaxes": 11.3,
        "revenue": 534.4,
        "sgaExpense": 79.1,
        "totalOperatingExpense": 79.1,
        "totalOtherIncomeExpenseNet": 6.6
      },
      {
        "costOfGoodsSold": 775.8,
        "dilutedAverageSharesOutstanding": 54.5,
        "dilutedEPS": 1.96,
        "ebit": 166.2,
        "grossIncome": 332.8,
        "interestExpense": 15,
        "interestIncomeExpense": -15,
        "minorityInterest": -1.5,
        "netIncome": 106.7,
        "netIncomeAfterTaxes": 108.6,
        "nonRecurringItems": -9.9,
        "period": "2020-09-30",
        "pretaxIncome": 139,
        "provisionforIncomeTaxes": 30.4,
        "revenue": 1108.6,
        "sgaExpense": 166.6,
        "totalOperatingExpense": 166.6,
        "totalOtherIncomeExpenseNet": -2.3
      },
      {
        "costOfGoodsSold": 664.7,
        "dilutedAverageSharesOutstanding": 54.3,
        "dilutedEPS": 1.62,
        "ebit": 137.2,
        "grossIncome": 284.5,
        "interestExpense": 15.7,
        "interestIncomeExpense": -15.7,
        "minorityInterest": -0.9,
        "netIncome": 87.9,
        "netIncomeAfterTaxes": 89.1,
        "nonRecurringItems": -5.7,
        "period": "2020-06-30",
        "pretaxIncome": 113,
        "provisionforIncomeTaxes": 23.9,
        "revenue": 949.2,
        "sgaExpense": 147.3,
        "totalOperatingExpense": 147.3,
        "totalOtherIncomeExpenseNet": -2.8
      },
      {
        "costOfGoodsSold": 773.8,
        "dilutedAverageSharesOutstanding": 54.6,
        "dilutedEPS": 1.37,
        "ebit": 122.3,
        "grossIncome": 316.5,
        "interestExpense": 15.1,
        "interestIncomeExpense": -15.1,
        "minorityInterest": -0.7,
        "netIncome": 74.7,
        "netIncomeAfterTaxes": 75.7,
        "nonRecurringItems": -3.5,
        "period": "2020-03-31",
        "pretaxIncome": 99.9,
        "provisionforIncomeTaxes": 24.2,
        "revenue": 1090.3,
        "sgaExpense": 194.2,
        "totalOperatingExpense": 194.2,
        "totalOtherIncomeExpenseNet": -3.8
      },
      {
        "costOfGoodsSold": 305.2,
        "dilutedAverageSharesOutstanding": 54.7,
        "dilutedEPS": 1.85,
        "ebit": 79.2,
        "grossIncome": 153.7,
        "interestExpense": 16.9,
        "interestIncomeExpense": -16.9,
        "minorityInterest": -1.2,
        "netIncome": 101.7,
        "netIncomeAfterTaxes": 63.7,
        "nonRecurringItems": 9.7,
        "period": "2019-12-31",
        "pretaxIncome": 79.6,
        "provisionforIncomeTaxes": 15.9,
        "revenue": 458.9,
        "sgaExpense": 74.5,
        "totalOperatingExpense": 74.5,
        "totalOtherIncomeExpenseNet": 7.6
      },
      {
        "costOfGoodsSold": 838,
        "dilutedAverageSharesOutstanding": 54.6,
        "dilutedEPS": 2.38,
        "ebit": 178.1,
        "grossIncome": 366,
        "interestExpense": 17,
        "interestIncomeExpense": -17,
        "minorityInterest": -1.9,
        "netIncome": 130.2,
        "netIncomeAfterTaxes": 132.6,
        "nonRecurringItems": 16.5,
        "period": "2019-09-30",
        "pretaxIncome": 168,
        "provisionforIncomeTaxes": 35.4,
        "revenue": 1204,
        "sgaExpense": 187.9,
        "totalOperatingExpense": 187.9,
        "totalOtherIncomeExpenseNet": -9.6
      },
      {
        "costOfGoodsSold": 832.5,
        "dilutedAverageSharesOutstanding": 54.6,
        "dilutedEPS": 1.75,
        "ebit": 174.3,
        "grossIncome": 363.9,
        "interestExpense": 17.2,
        "interestIncomeExpense": -17.2,
        "minorityInterest": -1.9,
        "netIncome": 95.6,
        "netIncomeAfterTaxes": 97.9,
        "nonRecurringItems": -30.3,
        "period": "2019-06-30",
        "pretaxIncome": 123.6,
        "provisionforIncomeTaxes": 25.7,
        "revenue": 1196.4,
        "sgaExpense": 189.6,
        "totalOperatingExpense": 189.6,
        "totalOtherIncomeExpenseNet": -3.2
      },
      {
        "costOfGoodsSold": 779.3,
        "dilutedAverageSharesOutstanding": 54.6,
        "dilutedEPS": 1.32,
        "ebit": 123.9,
        "grossIncome": 308,
        "interestExpense": 17.5,
        "interestIncomeExpense": -17.5,
        "minorityInterest": -1.5,
        "netIncome": 72,
        "netIncomeAfterTaxes": 73.8,
        "nonRecurringItems": -3,
        "period": "2019-03-31",
        "pretaxIncome": 98,
        "provisionforIncomeTaxes": 24.2,
        "revenue": 1087.3,
        "sgaExpense": 184.1,
        "totalOperatingExpense": 184.1,
        "totalOtherIncomeExpenseNet": -5.4
      },
      {
        "costOfGoodsSold": 811.6,
        "dilutedAverageSharesOutstanding": 54.6,
        "dilutedEPS": 1.6,
        "ebit": 153.1,
        "grossIncome": 332.5,
        "interestExpense": 17.4,
        "interestIncomeExpense": -17.3,
        "minorityInterest": -1.2,
        "netIncome": 87.7,
        "netIncomeAfterTaxes": 87.2,
        "nonRecurringItems": -17,
        "period": "2018-12-31",
        "pretaxIncome": 114.7,
        "provisionforIncomeTaxes": 27.5,
        "revenue": 1144.1,
        "sgaExpense": 179.4,
        "totalOperatingExpense": 179.4,
        "totalOtherIncomeExpenseNet": -4.1
      },
      {
        "costOfGoodsSold": 823.4,
        "dilutedAverageSharesOutstanding": 54.9,
        "dilutedEPS": 2.06,
        "ebit": 176.4,
        "grossIncome": 356.3,
        "interestExpense": 17.2,
        "interestIncomeExpense": -17.2,
        "minorityInterest": -1.1,
        "netIncome": 113.2,
        "netIncomeAfterTaxes": 110.7,
        "nonRecurringItems": -13.8,
        "period": "2018-09-30",
        "pretaxIncome": 142.5,
        "provisionforIncomeTaxes": 31.8,
        "revenue": 1179.7,
        "sgaExpense": 179.9,
        "totalOperatingExpense": 179.9,
        "totalOtherIncomeExpenseNet": -2.9
      },
      {
        "costOfGoodsSold": 811.8,
        "dilutedAverageSharesOutstanding": 54.9,
        "dilutedEPS": 1.82,
        "ebit": 167.5,
        "grossIncome": 354.9,
        "interestExpense": 18.8,
        "interestIncomeExpense": -18.8,
        "minorityInterest": -2.1,
        "netIncome": 99.9,
        "netIncomeAfterTaxes": 102.4,
        "nonRecurringItems": -10.6,
        "period": "2018-06-30",
        "pretaxIncome": 134,
        "provisionforIncomeTaxes": 31.6,
        "revenue": 1166.7,
        "sgaExpense": 187.4,
        "totalOperatingExpense": 187.4,
        "totalOtherIncomeExpenseNet": -4.1
      },
      {
        "costOfGoodsSold": 696.8,
        "dilutedAverageSharesOutstanding": 55.1,
        "dilutedEPS": 1.05,
        "ebit": 122.2,
        "grossIncome": 294.4,
        "interestExpense": 15.7,
        "interestIncomeExpense": -15.7,
        "minorityInterest": -1.5,
        "netIncome": 58.1,
        "netIncomeAfterTaxes": 59.8,
        "nonRecurringItems": -24.2,
        "period": "2018-03-31",
        "pretaxIncome": 75.8,
        "provisionforIncomeTaxes": 16,
        "revenue": 991.2,
        "sgaExpense": 172.2,
        "totalOperatingExpense": 172.2,
        "totalOtherIncomeExpenseNet": -6.5
      },
      {
        "costOfGoodsSold": 624.2,
        "dilutedAverageSharesOutstanding": 54.8,
        "dilutedEPS": 0.37,
        "ebit": 133.3,
        "grossIncome": 293.5,
        "interestExpense": 10.6,
        "interestIncomeExpense": -9.7,
        "minorityInterest": -2,
        "netIncome": 20.3,
        "netIncomeAfterTaxes": 78.9,
        "nonRecurringItems": -6.8,
        "period": "2017-12-31",
        "pretaxIncome": 111.9,
        "provisionforIncomeTaxes": 33,
        "revenue": 917.7,
        "sgaExpense": 160.2,
        "totalOperatingExpense": 160.2,
        "totalOtherIncomeExpenseNet": -4.9
      },
      {
        "costOfGoodsSold": 640.7,
        "dilutedAverageSharesOutstanding": 54.9,
        "dilutedEPS": 1.47,
        "ebit": 153.4,
        "grossIncome": 309.8,
        "interestExpense": 11.6,
        "interestIncomeExpense": -11.6,
        "minorityInterest": -2,
        "netIncome": 80.5,
        "netIncomeAfterTaxes": 82.8,
        "nonRecurringItems": -13.4,
        "period": "2017-09-30",
        "pretaxIncome": 123.6,
        "provisionforIncomeTaxes": 40.8,
        "revenue": 950.5,
        "sgaExpense": 156.4,
        "totalOperatingExpense": 156.4,
        "totalOtherIncomeExpenseNet": -4.8
      },
      {
        "costOfGoodsSold": 649.6,
        "dilutedAverageSharesOutstanding": 55.1,
        "dilutedEPS": 1.43,
        "ebit": 139.2,
        "grossIncome": 298.7,
        "interestExpense": 11.6,
        "interestIncomeExpense": -11.6,
        "minorityInterest": -1.7,
        "netIncome": 78.8,
        "netIncomeAfterTaxes": 80.8,
        "nonRecurringItems": -4.8,
        "period": "2017-06-30",
        "pretaxIncome": 116.7,
        "provisionforIncomeTaxes": 35.9,
        "revenue": 948.3,
        "sgaExpense": 159.5,
        "totalOperatingExpense": 159.5,
        "totalOtherIncomeExpenseNet": -6.1
      },
      {
        "costOfGoodsSold": 585.5,
        "dilutedAverageSharesOutstanding": 55.6,
        "dilutedEPS": 1.13,
        "ebit": 113.3,
        "grossIncome": 266.8,
        "interestExpense": 11.1,
        "interestIncomeExpense": -11.1,
        "minorityInterest": -1.1,
        "netIncome": 62.6,
        "netIncomeAfterTaxes": 63.9,
        "nonRecurringItems": -5.5,
        "period": "2017-03-31",
        "pretaxIncome": 90.9,
        "provisionforIncomeTaxes": 27,
        "revenue": 852.3,
        "sgaExpense": 153.5,
        "totalOperatingExpense": 153.5,
        "totalOtherIncomeExpenseNet": -5.8
      },
      {
        "costOfGoodsSold": 572,
        "dilutedAverageSharesOutstanding": 55.4,
        "dilutedEPS": 1.16,
        "ebit": 140.9,
        "grossIncome": 282.2,
        "interestExpense": 11.5,
        "interestIncomeExpense": -11,
        "minorityInterest": -1.3,
        "netIncome": 64.2,
        "netIncomeAfterTaxes": 65.7,
        "nonRecurringItems": -21.1,
        "period": "2016-12-31",
        "pretaxIncome": 97.9,
        "provisionforIncomeTaxes": 32.2,
        "revenue": 854.2,
        "sgaExpense": 141.3,
        "totalOperatingExpense": 141.3,
        "totalOtherIncomeExpenseNet": -10.9
      },
      {
        "costOfGoodsSold": 614.4,
        "dilutedAverageSharesOutstanding": 55.5,
        "dilutedEPS": 1.56,
        "ebit": 141.9,
        "grossIncome": 293,
        "interestExpense": 11.6,
        "interestIncomeExpense": -11.6,
        "minorityInterest": -1.4,
        "netIncome": 86.4,
        "netIncomeAfterTaxes": 88.1,
        "nonRecurringItems": -5.9,
        "period": "2016-09-30",
        "pretaxIncome": 124.1,
        "provisionforIncomeTaxes": 36,
        "revenue": 907.4,
        "sgaExpense": 151.1,
        "totalOperatingExpense": 151.1,
        "totalOtherIncomeExpenseNet": -0.3
      },
      {
        "costOfGoodsSold": 611.9,
        "dilutedAverageSharesOutstanding": 55.6,
        "dilutedEPS": 1.45,
        "ebit": 138.5,
        "grossIncome": 296.9,
        "interestExpense": 11.3,
        "interestIncomeExpense": -11.3,
        "minorityInterest": -1,
        "netIncome": 80.8,
        "netIncomeAfterTaxes": 82,
        "nonRecurringItems": -6.4,
        "period": "2016-06-30",
        "pretaxIncome": 116.8,
        "provisionforIncomeTaxes": 34.8,
        "revenue": 908.8,
        "sgaExpense": 158.4,
        "totalOperatingExpense": 158.4,
        "totalOtherIncomeExpenseNet": -4
      },
      {
        "costOfGoodsSold": 572.7,
        "dilutedAverageSharesOutstanding": 56.5,
        "dilutedEPS": 1.07,
        "ebit": 108.6,
        "grossIncome": 262.1,
        "interestExpense": 9,
        "interestIncomeExpense": -9,
        "minorityInterest": -1.1,
        "netIncome": 60.7,
        "netIncomeAfterTaxes": 62,
        "nonRecurringItems": -6.7,
        "period": "2016-03-31",
        "pretaxIncome": 91.6,
        "provisionforIncomeTaxes": 29.6,
        "revenue": 834.8,
        "sgaExpense": 153.5,
        "totalOperatingExpense": 153.5,
        "totalOtherIncomeExpenseNet": -1.3
      },
      {
        "costOfGoodsSold": 562.6,
        "dilutedAverageSharesOutstanding": 57.7,
        "dilutedEPS": 1.06,
        "ebit": 118.6,
        "grossIncome": 267.1,
        "interestExpense": 8.3,
        "interestIncomeExpense": -8.3,
        "minorityInterest": -1.2,
        "netIncome": 61.4,
        "netIncomeAfterTaxes": 62.7,
        "nonRecurringItems": 5.6,
        "period": "2015-12-31",
        "pretaxIncome": 90.7,
        "provisionforIncomeTaxes": 28,
        "revenue": 829.7,
        "sgaExpense": 148.5,
        "totalOperatingExpense": 148.5,
        "totalOtherIncomeExpenseNet": -25.2
      },
      {
        "costOfGoodsSold": 580,
        "dilutedAverageSharesOutstanding": 57.9,
        "dilutedEPS": 1.26,
        "ebit": 142.9,
        "grossIncome": 297,
        "interestExpense": 7.6,
        "interestIncomeExpense": -7.6,
        "minorityInterest": -1.4,
        "netIncome": 73.1,
        "netIncomeAfterTaxes": 74.7,
        "nonRecurringItems": -11.9,
        "period": "2015-09-30",
        "pretaxIncome": 115.1,
        "provisionforIncomeTaxes": 40.4,
        "revenue": 877,
        "sgaExpense": 154.1,
        "totalOperatingExpense": 154.1,
        "totalOtherIncomeExpenseNet": -8.3
      }
    ],
    "symbol": "HUBB"
  }
}