{
  "symbol": "JKHY",
  "statement": "ic",
  "frequency": "annual",
  "timestamp": "2025-09-19T14:02:27.536299",
  "data": {
    "financials": [
      {
        "costOfGoodsSold": 1360.747,
        "dilutedAverageSharesOutstanding": 73.045,
        "dilutedEPS": 6.2393,
        "ebit": 568.715,
        "grossIncome": 1014.541,
        "interestExpense": 10.438,
        "interestIncomeExpense": 17.321,
        "netIncome": 455.748,
        "netIncomeAfterTaxes": 455.748,
        "period": "2025-06-30",
        "pretaxIncome": 586.036,
        "provisionforIncomeTaxes": 130.288,
        "researchDevelopment": 162.771,
        "revenue": 2375.288,
        "sgaExpense": 283.055,
        "totalOperatingExpense": 445.826,
        "year": 2025
      },
      {
        "costOfGoodsSold": 1299.477,
        "dilutedAverageSharesOutstanding": 73.025,
        "dilutedEPS": 5.2286,
        "ebit": 489.391,
        "grossIncome": 916.066,
        "interestExpense": 16.384,
        "interestIncomeExpense": 8.628,
        "netIncome": 381.816,
        "netIncomeAfterTaxes": 381.816,
        "period": "2024-06-30",
        "pretaxIncome": 498.019,
        "provisionforIncomeTaxes": 116.203,
        "researchDevelopment": 148.256,
        "revenue": 2215.543,
        "sgaExpense": 278.419,
        "totalOperatingExpense": 426.675,
        "year": 2024
      },
      {
        "costOfGoodsSold": 1219.1,
        "dilutedAverageSharesOutstanding": 73.1,
        "dilutedEPS": 5.02,
        "ebit": 480.7,
        "grossIncome": 858.6,
        "interestExpense": 15.073,
        "interestIncomeExpense": -6.1,
        "netIncome": 366.6,
        "netIncomeAfterTaxes": 366.6,
        "period": "2023-06-30",
        "pretaxIncome": 474.6,
        "provisionforIncomeTaxes": 107.9,
        "researchDevelopment": 142.7,
        "revenue": 2077.7,
        "sgaExpense": 235.3,
        "totalOperatingExpense": 377.9,
        "year": 2023
      },
      {
        "costOfGoodsSold": 1128.6,
        "dilutedAverageSharesOutstanding": 73.5,
        "dilutedEPS": 4.94,
        "ebit": 474.6,
        "grossIncome": 814.3,
        "interestExpense": 2.384,
        "interestIncomeExpense": -2.4,
        "netIncome": 362.9,
        "netIncomeAfterTaxes": 362.9,
        "nonRecurringItems": 0,
        "period": "2022-06-30",
        "pretaxIncome": 472.3,
        "provisionforIncomeTaxes": 109.4,
        "researchDevelopment": 121.4,
        "revenue": 1942.9,
        "sgaExpense": 218.3,
        "totalOperatingExpense": 339.7,
        "year": 2022
      },
      {
        "costOfGoodsSold": 1063.4,
        "dilutedAverageSharesOutstanding": 75.7,
        "dilutedEPS": 4.12,
        "ebit": 396.7,
        "grossIncome": 694.8,
        "interestExpense": 1.144,
        "interestIncomeExpense": -1,
        "netIncome": 311.5,
        "netIncomeAfterTaxes": 311.5,
        "nonRecurringItems": 2,
        "period": "2021-06-30",
        "pretaxIncome": 397.7,
        "provisionforIncomeTaxes": 86.3,
        "researchDevelopment": 109,
        "revenue": 1758.2,
        "sgaExpense": 189,
        "totalOperatingExpense": 298.1,
        "year": 2021
      },
      {
        "costOfGoodsSold": 1008.5,
        "dilutedAverageSharesOutstanding": 76.9,
        "dilutedEPS": 3.86,
        "ebit": 385,
        "grossIncome": 688.6,
        "interestExpense": 0.688,
        "interestIncomeExpense": 0.4,
        "netIncome": 296.7,
        "netIncomeAfterTaxes": 296.7,
        "nonRecurringItems": -4.4,
        "period": "2020-06-30",
        "pretaxIncome": 381.1,
        "provisionforIncomeTaxes": 84.4,
        "researchDevelopment": 110,
        "revenue": 1697.1,
        "sgaExpense": 193.6,
        "totalOperatingExpense": 303.5,
        "year": 2020
      },
      {
        "costOfGoodsSold": 923,
        "dilutedAverageSharesOutstanding": 77.3,
        "dilutedEPS": 3.52,
        "ebit": 347.3,
        "grossIncome": 629.7,
        "interestExpense": 0.926,
        "interestIncomeExpense": -0.1,
        "netIncome": 271.9,
        "netIncomeAfterTaxes": 271.9,
        "nonRecurringItems": 0,
        "period": "2019-06-30",
        "pretaxIncome": 347.2,
        "provisionforIncomeTaxes": 75.4,
        "researchDevelopment": 96.4,
        "revenue": 1552.7,
        "sgaExpense": 186,
        "totalOperatingExpense": 282.4,
        "year": 2019
      },
      {
        "costOfGoodsSold": 853.1,
        "dilutedAverageSharesOutstanding": 77.6,
        "dilutedEPS": 4.7,
        "ebit": 355.9,
        "grossIncome": 617.7,
        "interestExpense": 1.92,
        "interestIncomeExpense": -1.3,
        "netIncome": 365,
        "netIncomeAfterTaxes": 258.2,
        "nonRecurringItems": 1.6,
        "period": "2018-06-30",
        "pretaxIncome": 356.2,
        "provisionforIncomeTaxes": 97.9,
        "researchDevelopment": 90.3,
        "revenue": 1470.8,
        "sgaExpense": 171.4,
        "totalOperatingExpense": 261.8,
        "year": 2018
      },
      {
        "costOfGoodsSold": 805.9,
        "dilutedAverageSharesOutstanding": 78.3,
        "dilutedEPS": 2.93,
        "ebit": 338.4,
        "grossIncome": 582.4,
        "interestExpense": 0.996,
        "interestIncomeExpense": -0.7,
        "netIncome": 229.6,
        "netIncomeAfterTaxes": 229.6,
        "nonRecurringItems": 3.3,
        "period": "2017-06-30",
        "pretaxIncome": 341,
        "provisionforIncomeTaxes": 111.4,
        "researchDevelopment": 84.8,
        "revenue": 1388.3,
        "sgaExpense": 159.2,
        "totalOperatingExpense": 244,
        "year": 2017
      },
      {
        "costOfGoodsSold": 773.7,
        "dilutedAverageSharesOutstanding": 79.7,
        "dilutedEPS": 3.12,
        "ebit": 342.2,
        "grossIncome": 581,
        "interestExpense": 1.43,
        "interestIncomeExpense": -1.1,
        "netIncome": 248.9,
        "netIncomeAfterTaxes": 248.9,
        "nonRecurringItems": 19.5,
        "period": "2016-06-30",
        "pretaxIncome": 360.5,
        "provisionforIncomeTaxes": 111.7,
        "researchDevelopment": 81.2,
        "revenue": 1354.6,
        "sgaExpense": 157.6,
        "totalOperatingExpense": 238.8,
        "year": 2016
      }
    ],
    "symbol": "JKHY"
  }
}