{
  "symbol": "CRM",
  "statement": "ic",
  "frequency": "quarterly",
  "timestamp": "2025-09-19T14:06:28.247418",
  "data": {
    "financials": [
      {
        "costOfGoodsSold": 2242,
        "depreciationAmortization": 230,
        "dilutedAverageSharesOutstanding": 962,
        "dilutedEPS": 1.96,
        "ebit": 2336,
        "grossIncome": 7994,
        "interestExpense": 67,
        "interestIncomeExpense": 25,
        "netIncome": 1887,
        "netIncomeAfterTaxes": 1887,
        "nonRecurringItems": -90,
        "period": "2025-07-31",
        "pretaxIncome": 2406,
        "provisionforIncomeTaxes": 519,
        "researchDevelopment": 1481,
        "revenue": 10236,
        "sgaExpense": 3947,
        "totalOperatingExpense": 5658,
        "totalOtherIncomeExpenseNet": 135
      },
      {
        "costOfGoodsSold": 2265,
        "depreciationAmortization": 233,
        "dilutedAverageSharesOutstanding": 970,
        "dilutedEPS": 1.59,
        "ebit": 1978,
        "grossIncome": 7564,
        "interestExpense": 68,
        "interestIncomeExpense": -84,
        "netIncome": 1541,
        "netIncomeAfterTaxes": 1541,
        "nonRecurringItems": -83,
        "period": "2025-04-30",
        "pretaxIncome": 1974,
        "provisionforIncomeTaxes": 433,
        "researchDevelopment": 1460,
        "revenue": 9829,
        "sgaExpense": 3893,
        "totalOperatingExpense": 5586,
        "totalOtherIncomeExpenseNet": 163
      },
      {
        "costOfGoodsSold": 2217,
        "depreciationAmortization": 232,
        "dilutedAverageSharesOutstanding": 971,
        "dilutedEPS": 1.76,
        "ebit": 2118,
        "grossIncome": 7776,
        "interestExpense": 68,
        "interestIncomeExpense": 178,
        "netIncome": 1708,
        "netIncomeAfterTaxes": 1708,
        "nonRecurringItems": -448,
        "period": "2025-01-31",
        "pretaxIncome": 1988,
        "provisionforIncomeTaxes": 280,
        "researchDevelopment": 1420,
        "revenue": 9993,
        "sgaExpense": 4006,
        "totalOperatingExpense": 5658,
        "totalOtherIncomeExpenseNet": 140
      },
      {
        "costOfGoodsSold": 2105,
        "depreciationAmortization": 223,
        "dilutedAverageSharesOutstanding": 965,
        "dilutedEPS": 1.58,
        "ebit": 1949,
        "grossIncome": 7339,
        "interestExpense": 67,
        "interestIncomeExpense": -42,
        "netIncome": 1527,
        "netIncomeAfterTaxes": 1527,
        "nonRecurringItems": -298,
        "period": "2024-10-31",
        "pretaxIncome": 1746,
        "provisionforIncomeTaxes": 219,
        "researchDevelopment": 1356,
        "revenue": 9444,
        "sgaExpense": 3811,
        "totalOperatingExpense": 5390,
        "totalOtherIncomeExpenseNet": 137
      },
      {
        "costOfGoodsSold": 2159,
        "depreciationAmortization": 223,
        "dilutedAverageSharesOutstanding": 973,
        "dilutedEPS": 1.47,
        "ebit": 1882,
        "grossIncome": 7166,
        "interestExpense": 68,
        "interestIncomeExpense": -45,
        "netIncome": 1429,
        "netIncomeAfterTaxes": 1429,
        "nonRecurringItems": -159,
        "period": "2024-07-31",
        "pretaxIncome": 1837,
        "provisionforIncomeTaxes": 408,
        "researchDevelopment": 1349,
        "revenue": 9325,
        "sgaExpense": 3712,
        "totalOperatingExpense": 5284,
        "totalOtherIncomeExpenseNet": 159
      },
      {
        "costOfGoodsSold": 2162,
        "depreciationAmortization": 223,
        "dilutedAverageSharesOutstanding": 985,
        "dilutedEPS": 1.56,
        "ebit": 1717,
        "grossIncome": 6971,
        "interestIncomeExpense": 167,
        "netIncome": 1533,
        "netIncomeAfterTaxes": 1533,
        "nonRecurringItems": -138,
        "period": "2024-04-30",
        "pretaxIncome": 1867,
        "provisionforIncomeTaxes": 334,
        "researchDevelopment": 1368,
        "revenue": 9133,
        "sgaExpense": 3663,
        "totalOperatingExpense": 5254,
        "totalOtherIncomeExpenseNet": 121
      },
      {
        "costOfGoodsSold": 2148,
        "depreciationAmortization": 223,
        "dilutedAverageSharesOutstanding": 981,
        "dilutedEPS": 1.47,
        "ebit": 1795,
        "grossIncome": 7139,
        "interestIncomeExpense": 76,
        "netIncome": 1446,
        "netIncomeAfterTaxes": 1446,
        "nonRecurringItems": -284,
        "period": "2024-01-31",
        "pretaxIncome": 1645,
        "provisionforIncomeTaxes": 199,
        "researchDevelopment": 1275,
        "revenue": 9287,
        "sgaExpense": 3846,
        "totalOperatingExpense": 5344,
        "totalOtherIncomeExpenseNet": 58
      },
      {
        "costOfGoodsSold": 2155,
        "depreciationAmortization": 223,
        "dilutedAverageSharesOutstanding": 981,
        "dilutedEPS": 1.25,
        "ebit": 1556,
        "grossIncome": 6565,
        "interestExpense": 70,
        "interestIncomeExpense": -44,
        "netIncome": 1224,
        "netIncomeAfterTaxes": 1224,
        "nonRecurringItems": -153,
        "period": "2023-10-31",
        "pretaxIncome": 1487,
        "provisionforIncomeTaxes": 263,
        "researchDevelopment": 1204,
        "revenue": 8720,
        "sgaExpense": 3582,
        "totalOperatingExpense": 5009,
        "totalOtherIncomeExpenseNet": 128
      },
      {
        "costOfGoodsSold": 2113,
        "depreciationAmortization": 222,
        "dilutedAverageSharesOutstanding": 986,
        "dilutedEPS": 1.28,
        "ebit": 1525,
        "grossIncome": 6490,
        "interestExpense": 70,
        "interestIncomeExpense": -19,
        "netIncome": 1267,
        "netIncomeAfterTaxes": 1267,
        "nonRecurringItems": -129,
        "period": "2023-07-31",
        "pretaxIncome": 1492,
        "provisionforIncomeTaxes": 225,
        "researchDevelopment": 1220,
        "revenue": 8603,
        "sgaExpense": 3523,
        "totalOperatingExpense": 4965,
        "totalOtherIncomeExpenseNet": 115
      },
      {
        "costOfGoodsSold": 2125,
        "depreciationAmortization": 223,
        "dilutedAverageSharesOutstanding": 988,
        "dilutedEPS": 0.2,
        "ebit": 1123,
        "grossIncome": 6122,
        "interestIncomeExpense": 36,
        "netIncome": 199,
        "netIncomeAfterTaxes": 199,
        "nonRecurringItems": -888,
        "period": "2023-04-30",
        "pretaxIncome": 326,
        "provisionforIncomeTaxes": 127,
        "researchDevelopment": 1207,
        "revenue": 8247,
        "sgaExpense": 3569,
        "totalOperatingExpense": 4999,
        "totalOtherIncomeExpenseNet": 55
      },
      {
        "costOfGoodsSold": 2100,
        "depreciationAmortization": 223,
        "dilutedAverageSharesOutstanding": 984,
        "dilutedEPS": -0.1,
        "ebit": 1185,
        "grossIncome": 6284,
        "interestExpense": 63,
        "interestIncomeExpense": -7,
        "netIncome": -98,
        "netIncomeAfterTaxes": -98,
        "nonRecurringItems": -1198,
        "period": "2023-01-31",
        "pretaxIncome": 33,
        "provisionforIncomeTaxes": 131,
        "researchDevelopment": 1128,
        "revenue": 8384,
        "sgaExpense": 3748,
        "totalOperatingExpense": 5099,
        "totalOtherIncomeExpenseNet": 53
      },
      {
        "costOfGoodsSold": 2088,
        "depreciationAmortization": 224,
        "dilutedAverageSharesOutstanding": 1000,
        "dilutedEPS": 0.21,
        "ebit": 460,
        "grossIncome": 5749,
        "interestExpense": 75,
        "interestIncomeExpense": 16,
        "netIncome": 210,
        "netIncomeAfterTaxes": 210,
        "nonRecurringItems": -68,
        "period": "2022-10-31",
        "pretaxIncome": 475,
        "provisionforIncomeTaxes": 265,
        "researchDevelopment": 1280,
        "revenue": 7837,
        "sgaExpense": 3785,
        "totalOperatingExpense": 5289,
        "totalOtherIncomeExpenseNet": 67
      },
      {
        "costOfGoodsSold": 2127,
        "depreciationAmortization": 232,
        "dilutedAverageSharesOutstanding": 1001,
        "dilutedEPS": 0.07,
        "ebit": 193,
        "grossIncome": 5593,
        "interestExpense": 76,
        "interestIncomeExpense": 11,
        "netIncome": 68,
        "netIncomeAfterTaxes": 68,
        "nonRecurringItems": -42,
        "period": "2022-07-31",
        "pretaxIncome": 181,
        "provisionforIncomeTaxes": 113,
        "researchDevelopment": 1329,
        "revenue": 7720,
        "sgaExpense": 3839,
        "totalOperatingExpense": 5400,
        "totalOtherIncomeExpenseNet": 19
      },
      {
        "costOfGoodsSold": 2045,
        "depreciationAmortization": 237,
        "dilutedAverageSharesOutstanding": 1001,
        "dilutedEPS": 0.03,
        "ebit": 20,
        "grossIncome": 5366,
        "interestExpense": 74,
        "interestIncomeExpense": -56,
        "netIncome": 28,
        "netIncomeAfterTaxes": 28,
        "nonRecurringItems": -11,
        "period": "2022-04-30",
        "pretaxIncome": -29,
        "provisionforIncomeTaxes": -57,
        "researchDevelopment": 1318,
        "revenue": 7411,
        "sgaExpense": 3791,
        "totalOperatingExpense": 5346,
        "totalOtherIncomeExpenseNet": 18
      },
      {
        "costOfGoodsSold": 2014,
        "depreciationAmortization": 236,
        "dilutedAverageSharesOutstanding": 985,
        "dilutedEPS": -0.03,
        "ebit": -176,
        "grossIncome": 5312,
        "interestExpense": 71,
        "interestIncomeExpense": -31,
        "netIncome": -28,
        "netIncomeAfterTaxes": -28,
        "nonRecurringItems": -6,
        "period": "2022-01-31",
        "pretaxIncome": -197,
        "provisionforIncomeTaxes": -169,
        "researchDevelopment": 1291,
        "revenue": 7326,
        "sgaExpense": 3961,
        "totalOperatingExpense": 5488,
        "totalOtherIncomeExpenseNet": 16
      },
      {
        "costOfGoodsSold": 1844,
        "depreciationAmortization": 236,
        "dilutedAverageSharesOutstanding": 1001,
        "dilutedEPS": 0.47,
        "ebit": 38,
        "grossIncome": 5019,
        "interestExpense": 72,
        "interestIncomeExpense": 302,
        "netIncome": 468,
        "netIncomeAfterTaxes": 468,
        "nonRecurringItems": -11,
        "period": "2021-10-31",
        "pretaxIncome": 299,
        "provisionforIncomeTaxes": -169,
        "researchDevelopment": 1203,
        "revenue": 6863,
        "sgaExpense": 3542,
        "totalOperatingExpense": 4981,
        "totalOtherIncomeExpenseNet": -30
      },
      {
        "costOfGoodsSold": 1613,
        "depreciationAmortization": 135,
        "dilutedAverageSharesOutstanding": 950,
        "dilutedEPS": 0.56,
        "ebit": 332,
        "grossIncome": 4727,
        "interestExpense": 40,
        "interestIncomeExpense": 506,
        "netIncome": 535,
        "netIncomeAfterTaxes": 535,
        "nonRecurringItems": -20,
        "period": "2021-07-31",
        "pretaxIncome": 826,
        "provisionforIncomeTaxes": 291,
        "researchDevelopment": 1020,
        "revenue": 6340,
        "sgaExpense": 3240,
        "totalOperatingExpense": 4395,
        "totalOtherIncomeExpenseNet": 8
      },
      {
        "costOfGoodsSold": 1555,
        "depreciationAmortization": 120,
        "dilutedAverageSharesOutstanding": 940,
        "dilutedEPS": 0.5,
        "ebit": 354,
        "grossIncome": 4408,
        "interestExpense": 33,
        "interestIncomeExpense": 269,
        "netIncome": 469,
        "netIncomeAfterTaxes": 469,
        "nonRecurringItems": -14,
        "period": "2021-04-30",
        "pretaxIncome": 604,
        "provisionforIncomeTaxes": 135,
        "researchDevelopment": 951,
        "revenue": 5963,
        "sgaExpense": 2983,
        "totalOperatingExpense": 4054,
        "totalOtherIncomeExpenseNet": -5
      },
      {
        "costOfGoodsSold": 1479,
        "depreciationAmortization": 115,
        "dilutedAverageSharesOutstanding": 942,
        "dilutedEPS": 0.28,
        "ebit": 193,
        "grossIncome": 4338,
        "interestExpense": 51,
        "interestIncomeExpense": 232,
        "netIncome": 267,
        "netIncomeAfterTaxes": 290,
        "nonRecurringItems": 0,
        "period": "2021-01-31",
        "pretaxIncome": 425,
        "provisionforIncomeTaxes": 135,
        "researchDevelopment": 939,
        "revenue": 5817,
        "sgaExpense": 3091,
        "totalOperatingExpense": 4145
      },
      {
        "costOfGoodsSold": 1394,
        "depreciationAmortization": 114,
        "dilutedAverageSharesOutstanding": 939,
        "dilutedEPS": 1.15,
        "ebit": 224,
        "grossIncome": 4025,
        "interestExpense": 25,
        "interestIncomeExpense": 1030,
        "netIncome": 1081,
        "netIncomeAfterTaxes": 1081,
        "nonRecurringItems": 0,
        "period": "2020-10-31",
        "pretaxIncome": 1250,
        "provisionforIncomeTaxes": 169,
        "researchDevelopment": 902,
        "revenue": 5419,
        "sgaExpense": 2785,
        "totalOperatingExpense": 3801,
        "totalOtherIncomeExpenseNet": -4
      },
      {
        "costOfGoodsSold": 1311,
        "depreciationAmortization": 118,
        "dilutedAverageSharesOutstanding": 922,
        "dilutedEPS": 2.85,
        "ebit": 178,
        "grossIncome": 3840,
        "interestExpense": 25,
        "interestIncomeExpense": 676,
        "netIncome": 2625,
        "netIncomeAfterTaxes": 2625,
        "nonRecurringItems": 0,
        "period": "2020-07-31",
        "pretaxIncome": 839,
        "provisionforIncomeTaxes": -1786,
        "researchDevelopment": 898,
        "revenue": 5151,
        "sgaExpense": 2646,
        "totalOperatingExpense": 3662,
        "totalOtherIncomeExpenseNet": -15
      },
      {
        "costOfGoodsSold": 1254,
        "depreciationAmortization": 112,
        "dilutedAverageSharesOutstanding": 913,
        "dilutedEPS": 0.11,
        "ebit": -140,
        "grossIncome": 3611,
        "interestExpense": 25,
        "interestIncomeExpense": 195,
        "netIncome": 99,
        "netIncomeAfterTaxes": 99,
        "period": "2020-04-30",
        "pretaxIncome": 47,
        "provisionforIncomeTaxes": -52,
        "researchDevelopment": 859,
        "revenue": 4865,
        "sgaExpense": 2780,
        "totalOperatingExpense": 3751,
        "totalOtherIncomeExpenseNet": -8
      },
      {
        "costOfGoodsSold": 1220,
        "depreciationAmortization": 110,
        "dilutedAverageSharesOutstanding": 889,
        "dilutedEPS": -0.27,
        "ebit": -36,
        "grossIncome": 3631,
        "interestExpense": 30,
        "interestIncomeExpense": 30,
        "netIncome": -248,
        "netIncomeAfterTaxes": -242,
        "nonRecurringItems": 0,
        "period": "2020-01-31",
        "pretaxIncome": -4,
        "provisionforIncomeTaxes": 238,
        "researchDevelopment": 831,
        "revenue": 4851,
        "sgaExpense": 2726,
        "totalOperatingExpense": 3667,
        "totalOtherIncomeExpenseNet": 2
      },
      {
        "costOfGoodsSold": 1134,
        "depreciationAmortization": 109,
        "dilutedAverageSharesOutstanding": 879,
        "dilutedEPS": -0.12,
        "ebit": 65,
        "grossIncome": 3379,
        "interestExpense": 31,
        "interestIncomeExpense": 7,
        "netIncome": -109,
        "netIncomeAfterTaxes": -109,
        "nonRecurringItems": 0,
        "period": "2019-10-31",
        "pretaxIncome": 64,
        "provisionforIncomeTaxes": 173,
        "researchDevelopment": 774,
        "revenue": 4513,
        "sgaExpense": 2431,
        "totalOperatingExpense": 3314,
        "totalOtherIncomeExpenseNet": -8
      },
      {
        "costOfGoodsSold": 967,
        "depreciationAmortization": 65,
        "dilutedAverageSharesOutstanding": 795,
        "dilutedEPS": 0.11,
        "ebit": 224,
        "grossIncome": 3030,
        "interestExpense": 34,
        "interestIncomeExpense": 106,
        "netIncome": 91,
        "netIncomeAfterTaxes": 91,
        "nonRecurringItems": -166,
        "period": "2019-07-31",
        "pretaxIncome": 164,
        "provisionforIncomeTaxes": 73,
        "researchDevelopment": 607,
        "revenue": 3997,
        "sgaExpense": 2134,
        "totalOperatingExpense": 2806
      },
      {
        "costOfGoodsSold": 914,
        "depreciationAmortization": 68,
        "dilutedAverageSharesOutstanding": 793,
        "dilutedEPS": 0.49,
        "ebit": 210,
        "grossIncome": 2823,
        "interestExpense": 35,
        "interestIncomeExpense": 272,
        "netIncome": 392,
        "netIncomeAfterTaxes": 392,
        "period": "2019-04-30",
        "pretaxIncome": 482,
        "provisionforIncomeTaxes": 90,
        "researchDevelopment": 554,
        "revenue": 3737,
        "sgaExpense": 1991,
        "totalOperatingExpense": 2613
      },
      {
        "costOfGoodsSold": 946,
        "depreciationAmortization": 68,
        "dilutedAverageSharesOutstanding": 784,
        "dilutedEPS": 0.46,
        "ebit": 140,
        "grossIncome": 2657,
        "interestExpense": 41,
        "interestIncomeExpense": 109,
        "netIncome": 362,
        "netIncomeAfterTaxes": 405,
        "nonRecurringItems": -3,
        "period": "2019-01-31",
        "pretaxIncome": 239,
        "provisionforIncomeTaxes": -166,
        "researchDevelopment": 518,
        "revenue": 3603,
        "sgaExpense": 1931,
        "totalOperatingExpense": 2517,
        "totalOtherIncomeExpenseNet": -7
      },
      {
        "costOfGoodsSold": 889,
        "depreciationAmortization": 67,
        "dilutedAverageSharesOutstanding": 785,
        "dilutedEPS": 0.13,
        "ebit": 92,
        "grossIncome": 2503,
        "interestExpense": 40,
        "interestIncomeExpense": 50,
        "netIncome": 105,
        "netIncomeAfterTaxes": 105,
        "nonRecurringItems": 0,
        "period": "2018-10-31",
        "pretaxIncome": 128,
        "provisionforIncomeTaxes": 23,
        "researchDevelopment": 481,
        "revenue": 3392,
        "sgaExpense": 1863,
        "totalOperatingExpense": 2411,
        "totalOtherIncomeExpenseNet": -14
      },
      {
        "costOfGoodsSold": 849,
        "depreciationAmortization": 67,
        "dilutedAverageSharesOutstanding": 774,
        "dilutedEPS": 0.39,
        "ebit": 134,
        "grossIncome": 2432,
        "interestExpense": 39,
        "interestIncomeExpense": 106,
        "netIncome": 299,
        "netIncomeAfterTaxes": 299,
        "nonRecurringItems": -19,
        "period": "2018-07-31",
        "pretaxIncome": 231,
        "provisionforIncomeTaxes": -68,
        "researchDevelopment": 463,
        "revenue": 3281,
        "sgaExpense": 1768,
        "totalOperatingExpense": 2298,
        "totalOtherIncomeExpenseNet": 10
      },
      {
        "costOfGoodsSold": 767,
        "depreciationAmortization": 30,
        "dilutedAverageSharesOutstanding": 754,
        "dilutedEPS": 0.46,
        "ebit": 196,
        "grossIncome": 2239,
        "interestExpense": 34,
        "interestIncomeExpense": 213,
        "netIncome": 344,
        "netIncomeAfterTaxes": 344,
        "nonRecurringItems": -5,
        "period": "2018-04-30",
        "pretaxIncome": 385,
        "provisionforIncomeTaxes": 41,
        "researchDevelopment": 424,
        "revenue": 3006,
        "sgaExpense": 1589,
        "totalOperatingExpense": 2043,
        "totalOtherIncomeExpenseNet": -19
      },
      {
        "costOfGoodsSold": 738,
        "depreciationAmortization": 30,
        "dilutedAverageSharesOutstanding": 750,
        "dilutedEPS": 0.27,
        "ebit": 211,
        "grossIncome": 2127,
        "interestExpense": 22,
        "interestIncomeExpense": 16,
        "netIncome": 206,
        "netIncomeAfterTaxes": 332,
        "period": "2018-01-31",
        "pretaxIncome": 221,
        "provisionforIncomeTaxes": -111,
        "researchDevelopment": 396,
        "revenue": 2865,
        "sgaExpense": 1490,
        "totalOperatingExpense": 1916,
        "totalOtherIncomeExpenseNet": -6
      },
      {
        "costOfGoodsSold": 714,
        "depreciationAmortization": 30,
        "dilutedAverageSharesOutstanding": 738,
        "dilutedEPS": 0.14,
        "ebit": 155,
        "grossIncome": 1987,
        "interestExpense": 21,
        "interestIncomeExpense": -12,
        "netIncome": 107,
        "netIncomeAfterTaxes": 107,
        "period": "2017-10-31",
        "pretaxIncome": 146,
        "provisionforIncomeTaxes": 39,
        "researchDevelopment": 394,
        "revenue": 2701,
        "sgaExpense": 1408,
        "totalOperatingExpense": 1832,
        "totalOtherIncomeExpenseNet": 3
      },
      {
        "costOfGoodsSold": 670,
        "depreciationAmortization": 31,
        "dilutedAverageSharesOutstanding": 729,
        "dilutedEPS": 0.06,
        "ebit": 84,
        "grossIncome": 1907,
        "interestExpense": 22,
        "interestIncomeExpense": -18,
        "netIncome": 46,
        "netIncomeAfterTaxes": 46,
        "period": "2017-07-31",
        "pretaxIncome": 63,
        "provisionforIncomeTaxes": 17,
        "researchDevelopment": 387,
        "revenue": 2577,
        "sgaExpense": 1405,
        "totalOperatingExpense": 1823,
        "totalOtherIncomeExpenseNet": -3
      },
      {
        "costOfGoodsSold": 651,
        "depreciationAmortization": 31,
        "dilutedAverageSharesOutstanding": 722,
        "dilutedEPS": 0,
        "ebit": 4,
        "grossIncome": 1746,
        "interestExpense": 22,
        "interestIncomeExpense": 1,
        "netIncome": 1,
        "netIncomeAfterTaxes": 1,
        "period": "2017-04-30",
        "pretaxIncome": -10,
        "provisionforIncomeTaxes": -11,
        "researchDevelopment": 376,
        "revenue": 2397,
        "sgaExpense": 1335,
        "totalOperatingExpense": 1742,
        "totalOtherIncomeExpenseNet": -15
      },
      {
        "costOfGoodsSold": 625.918,
        "depreciationAmortization": 31.399,
        "dilutedAverageSharesOutstanding": 711.229,
        "dilutedEPS": 0.13,
        "ebit": 130.427,
        "grossIncome": 1713.086,
        "interestExpense": 24.335,
        "interestIncomeExpense": -3.251,
        "netIncome": 91.928,
        "netIncomeAfterTaxes": 91.928,
        "period": "2017-01-31",
        "pretaxIncome": 130.148,
        "provisionforIncomeTaxes": 38.22,
        "researchDevelopment": 344.065,
        "revenue": 2339.004,
        "sgaExpense": 1207.195,
        "totalOperatingExpense": 1582.659,
        "totalOtherIncomeExpenseNet": 2.972
      },
      {
        "costOfGoodsSold": 585.522,
        "depreciationAmortization": 28.643,
        "dilutedAverageSharesOutstanding": 690.468,
        "dilutedEPS": -0.05,
        "ebit": 2.457,
        "gainLossOnDispositionOfAssets": 0,
        "grossIncome": 1559.253,
        "interestExpense": 21.946,
        "interestIncomeExpense": -57.028,
        "netIncome": -37.309,
        "netIncomeAfterTaxes": -37.309,
        "otherOperatingExpensesTotal": 0,
        "period": "2016-10-31",
        "pretaxIncome": -12.586,
        "provisionforIncomeTaxes": 24.723,
        "researchDevelopment": 311.459,
        "revenue": 2144.775,
        "sgaExpense": 1216.694,
        "totalOperatingExpense": 1556.796,
        "totalOtherIncomeExpenseNet": 41.985
      },
      {
        "costOfGoodsSold": 525.579,
        "depreciationAmortization": 23.793,
        "dilutedAverageSharesOutstanding": 695.968,
        "dilutedEPS": 0.33,
        "ebit": 31.909,
        "grossIncome": 1511.039,
        "interestExpense": 20.708,
        "interestIncomeExpense": -42.628,
        "netIncome": 229.622,
        "netIncomeAfterTaxes": 229.622,
        "otherOperatingExpensesTotal": 0,
        "period": "2016-07-31",
        "pretaxIncome": 24.283,
        "provisionforIncomeTaxes": -205.339,
        "researchDevelopment": 291.506,
        "revenue": 2036.618,
        "sgaExpense": 1163.831,
        "totalOperatingExpense": 1479.13,
        "totalOtherIncomeExpenseNet": 35.002
      },
      {
        "costOfGoodsSold": 496.981,
        "depreciationAmortization": 16.092,
        "dilutedAverageSharesOutstanding": 686.799,
        "dilutedEPS": 0.06,
        "ebit": 51.28,
        "grossIncome": 1419.622,
        "interestExpense": 22.011,
        "interestIncomeExpense": -2.467,
        "netIncome": 38.759,
        "netIncomeAfterTaxes": 38.759,
        "otherOperatingExpensesTotal": 0,
        "period": "2016-04-30",
        "pretaxIncome": 37.155,
        "provisionforIncomeTaxes": -1.604,
        "researchDevelopment": 260.97,
        "revenue": 1916.603,
        "sgaExpense": 1091.28,
        "totalOperatingExpense": 1368.342,
        "totalOtherIncomeExpenseNet": -11.658
      },
      {
        "costOfGoodsSold": 443.679,
        "depreciationAmortization": 19.916,
        "dilutedAverageSharesOutstanding": 669.108,
        "dilutedEPS": -0.04,
        "ebit": 19.801,
        "gainLossOnDispositionOfAssets": 0,
        "grossIncome": 1365.719,
        "interestExpense": 19.465,
        "interestIncomeExpense": -51.034,
        "netIncome": -25.509,
        "netIncomeAfterTaxes": -25.509,
        "otherOperatingExpensesTotal": 0,
        "period": "2016-01-31",
        "pretaxIncome": -4.143,
        "provisionforIncomeTaxes": 21.366,
        "researchDevelopment": 250.86,
        "revenue": 1809.398,
        "sgaExpense": 1075.142,
        "totalOperatingExpense": 1345.918,
        "totalOtherIncomeExpenseNet": 27.09
      },
      {
        "costOfGoodsSold": 423.683,
        "depreciationAmortization": 19.727,
        "dilutedAverageSharesOutstanding": 664.131,
        "dilutedEPS": -0.04,
        "ebit": 42.673,
        "gainLossOnDispositionOfAssets": 21.792,
        "grossIncome": 1288.284,
        "interestExpense": 18.249,
        "interestIncomeExpense": -17.63,
        "netIncome": -25.157,
        "netIncomeAfterTaxes": -25.157,
        "otherOperatingExpensesTotal": 0,
        "period": "2015-10-31",
        "pretaxIncome": 43.391,
        "provisionforIncomeTaxes": 68.548,
        "researchDevelopment": 239.212,
        "revenue": 1711.967,
        "sgaExpense": 986.672,
        "totalOperatingExpense": 1245.611,
        "totalOtherIncomeExpenseNet": -3.444
      }
    ],
    "symbol": "CRM"
  }
}