{
  "symbol": "PGR",
  "statement": "ic",
  "frequency": "annual",
  "timestamp": "2025-09-19T14:05:45.566228",
  "data": {
    "financials": [
      {
        "benefitsClaimsLossAdjustment": 58522,
        "deferredPolicyAcquisitionExpense": 5383,
        "dilutedAverageSharesOutstanding": 587.7,
        "dilutedEPS": 14.4,
        "ebit": 10992,
        "grossPremiumsEarned": 72276,
        "interestExpense": 279,
        "interestIncomeExpense": -279,
        "netIncome": 8463,
        "netIncomeAfterTaxes": 8480,
        "nonRecurringItems": 0,
        "otherOperatingExpensesTotal": 446,
        "period": "2024-12-31",
        "pretaxIncome": 10713,
        "provisionforIncomeTaxes": 2233,
        "revenue": 75343,
        "totalOperatingExpense": 64351,
        "year": 2024
      },
      {
        "benefitsClaimsLossAdjustment": 51896.1,
        "deferredPolicyAcquisitionExpense": 4665.1,
        "dilutedAverageSharesOutstanding": 587.5,
        "dilutedEPS": 6.58,
        "ebit": 5172.1,
        "grossPremiumsEarned": 59863.6,
        "interestExpense": 268.4,
        "interestIncomeExpense": -268.4,
        "netIncome": 3864.8,
        "netIncomeAfterTaxes": 3902.4,
        "nonRecurringItems": 0,
        "otherOperatingExpensesTotal": 349,
        "period": "2023-12-31",
        "pretaxIncome": 4903.7,
        "provisionforIncomeTaxes": 1001.3,
        "revenue": 62082.3,
        "totalOperatingExpense": 56910.2,
        "year": 2023
      },
      {
        "benefitsClaimsLossAdjustment": 43982.3,
        "deferredPolicyAcquisitionExpense": 3917,
        "dilutedAverageSharesOutstanding": 587.1,
        "dilutedEPS": 1.18,
        "ebit": 1390.4,
        "grossPremiumsEarned": 50262.6,
        "interestExpense": 243.5,
        "interestIncomeExpense": -243.5,
        "netIncome": 694.6,
        "netIncomeAfterTaxes": 721.5,
        "nonRecurringItems": -224.8,
        "otherOperatingExpensesTotal": 296.7,
        "period": "2022-12-31",
        "pretaxIncome": 922.1,
        "provisionforIncomeTaxes": 200.6,
        "revenue": 49586.4,
        "totalOperatingExpense": 48196,
        "year": 2022
      },
      {
        "benefitsClaimsLossAdjustment": 39282.3,
        "deferredPolicyAcquisitionExpense": 3712.8,
        "dilutedAverageSharesOutstanding": 587.1,
        "dilutedEPS": 5.66,
        "ebit": 4428.6,
        "grossPremiumsEarned": 45331.9,
        "interestExpense": 218.6,
        "interestIncomeExpense": -218.6,
        "minorityInterest": 0,
        "netIncome": 3324,
        "netIncomeAfterTaxes": 3350.9,
        "otherOperatingExpensesTotal": 252.8,
        "period": "2021-12-31",
        "pretaxIncome": 4210,
        "provisionforIncomeTaxes": 859.1,
        "revenue": 47676.5,
        "totalOperatingExpense": 43247.9,
        "year": 2021
      },
      {
        "benefitsClaimsLossAdjustment": 30691.8,
        "deferredPolicyAcquisitionExpense": 3273.2,
        "dilutedAverageSharesOutstanding": 587.6,
        "dilutedEPS": 9.66,
        "ebit": 7390.2,
        "grossPremiumsEarned": 40091.5,
        "interestExpense": 217,
        "interestIncomeExpense": -217,
        "minorityInterest": 0,
        "netIncome": 5677.7,
        "netIncomeAfterTaxes": 5704.6,
        "otherOperatingExpensesTotal": 1282.9,
        "period": "2020-12-31",
        "pretaxIncome": 7173.2,
        "provisionforIncomeTaxes": 1468.6,
        "revenue": 42638.1,
        "totalOperatingExpense": 35247.9,
        "year": 2020
      },
      {
        "benefitsClaimsLossAdjustment": 30445.6,
        "deferredPolicyAcquisitionExpense": 3023.2,
        "dilutedAverageSharesOutstanding": 587.2,
        "dilutedEPS": 6.72,
        "ebit": 5350,
        "grossPremiumsEarned": 36951.1,
        "interestExpense": 189.7,
        "interestIncomeExpense": -189.7,
        "minorityInterest": -9.7,
        "netIncome": 3943.4,
        "netIncomeAfterTaxes": 3980,
        "nonRecurringItems": 0,
        "otherOperatingExpensesTotal": 178.9,
        "period": "2019-12-31",
        "pretaxIncome": 5160.3,
        "provisionforIncomeTaxes": 1180.3,
        "revenue": 38997.7,
        "totalOperatingExpense": 33647.7,
        "year": 2019
      },
      {
        "benefitsClaimsLossAdjustment": 25916.8,
        "deferredPolicyAcquisitionExpense": 2573.7,
        "dilutedAverageSharesOutstanding": 586.7,
        "dilutedEPS": 4.42,
        "ebit": 3330.1,
        "grossPremiumsEarned": 31564,
        "interestExpense": 166.5,
        "interestIncomeExpense": -166.5,
        "minorityInterest": -5.7,
        "netIncome": 2593.9,
        "netIncomeAfterTaxes": 2621,
        "nonRecurringItems": 0,
        "otherOperatingExpensesTotal": 134.1,
        "period": "2018-12-31",
        "pretaxIncome": 3163.6,
        "provisionforIncomeTaxes": 542.6,
        "revenue": 31954.7,
        "totalOperatingExpense": 28624.6,
        "year": 2018
      },
      {
        "benefitsClaimsLossAdjustment": 22288.7,
        "deferredPolicyAcquisitionExpense": 2124.9,
        "dilutedAverageSharesOutstanding": 585.7,
        "dilutedEPS": 2.71,
        "ebit": 2293,
        "grossPremiumsEarned": 26227.3,
        "interestExpense": 153.1,
        "interestIncomeExpense": -153.1,
        "minorityInterest": -5.9,
        "netIncome": 1592.2,
        "netIncomeAfterTaxes": 1498.6,
        "nonRecurringItems": -1,
        "otherOperatingExpensesTotal": 109.5,
        "period": "2017-12-31",
        "pretaxIncome": 2138.9,
        "provisionforIncomeTaxes": 640.3,
        "revenue": 26816.1,
        "totalOperatingExpense": 24523.1,
        "year": 2017
      },
      {
        "benefitsClaimsLossAdjustment": 19851.6,
        "deferredPolicyAcquisitionExpense": 1863.8,
        "dilutedAverageSharesOutstanding": 585,
        "dilutedEPS": 1.76,
        "ebit": 1610,
        "grossPremiumsEarned": 22909.8,
        "interestExpense": 140.9,
        "interestIncomeExpense": -140.9,
        "minorityInterest": -26.2,
        "netIncome": 1031,
        "netIncomeAfterTaxes": 1057.2,
        "nonRecurringItems": 1.6,
        "otherOperatingExpensesTotal": 92,
        "period": "2016-12-31",
        "pretaxIncome": 1470.7,
        "provisionforIncomeTaxes": 413.5,
        "revenue": 23417.4,
        "totalOperatingExpense": 21807.4,
        "year": 2016
      },
      {
        "benefitsClaimsLossAdjustment": 17054.1,
        "deferredPolicyAcquisitionExpense": 1651.8,
        "dilutedAverageSharesOutstanding": 589.2,
        "dilutedEPS": 2.15,
        "ebit": 2048.5,
        "grossPremiumsEarned": 20287.4,
        "interestExpense": 136,
        "interestIncomeExpense": -136,
        "minorityInterest": -32.9,
        "netIncome": 1267.6,
        "netIncomeAfterTaxes": 1300.5,
        "nonRecurringItems": -0.9,
        "otherOperatingExpensesTotal": 77.5,
        "period": "2015-12-31",
        "pretaxIncome": 1911.6,
        "provisionforIncomeTaxes": 611.1,
        "revenue": 20831.9,
        "totalOperatingExpense": 18783.4,
        "year": 2015
      }
    ],
    "symbol": "PGR"
  }
}