{
  "symbol": "MS",
  "statement": "ic",
  "frequency": "annual",
  "timestamp": "2025-09-19T14:04:20.426515",
  "data": {
    "financials": [
      {
        "costOfGoodsSold": 49664,
        "dilutedAverageSharesOutstanding": 1611,
        "dilutedEPS": 7.95,
        "ebit": 17596,
        "grossIncome": 57621,
        "minorityInterest": -139,
        "netIncome": 12800,
        "netIncomeAfterTaxes": 13529,
        "otherOperatingExpensesTotal": 3988,
        "period": "2024-12-31",
        "pretaxIncome": 17596,
        "provisionforIncomeTaxes": 4067,
        "revenue": 107285,
        "sgaExpense": 36037,
        "totalOperatingExpense": 40025,
        "year": 2024
      },
      {
        "costOfGoodsSold": 45527,
        "dilutedAverageSharesOutstanding": 1646,
        "dilutedEPS": 5.18,
        "ebit": 12701,
        "grossIncome": 50667,
        "minorityInterest": -143,
        "netIncome": 8530,
        "netIncomeAfterTaxes": 9230,
        "nonRecurringItems": -888,
        "otherOperatingExpensesTotal": 4135,
        "period": "2023-12-31",
        "pretaxIncome": 11813,
        "provisionforIncomeTaxes": 2583,
        "revenue": 96194,
        "sgaExpense": 33831,
        "totalOperatingExpense": 37966,
        "year": 2023
      },
      {
        "costOfGoodsSold": 15726,
        "dilutedAverageSharesOutstanding": 1713,
        "dilutedEPS": 6.15,
        "ebit": 14089,
        "grossIncome": 50210,
        "minorityInterest": -150,
        "netIncome": 10540,
        "netIncomeAfterTaxes": 11179,
        "otherOperatingExpensesTotal": 3871,
        "period": "2022-12-31",
        "pretaxIncome": 14089,
        "provisionforIncomeTaxes": 2910,
        "revenue": 65936,
        "sgaExpense": 32250,
        "totalOperatingExpense": 36121,
        "year": 2022
      },
      {
        "costOfGoodsSold": 4707,
        "dilutedAverageSharesOutstanding": 1814,
        "dilutedEPS": 8.03,
        "ebit": 19668,
        "grossIncome": 56414,
        "minorityInterest": -86,
        "netIncome": 14566,
        "netIncomeAfterTaxes": 15120,
        "otherOperatingExpensesTotal": 3698,
        "period": "2021-12-31",
        "pretaxIncome": 19668,
        "provisionforIncomeTaxes": 4548,
        "revenue": 61121,
        "sgaExpense": 33048,
        "totalOperatingExpense": 36746,
        "year": 2021
      },
      {
        "costOfGoodsSold": 6778,
        "dilutedAverageSharesOutstanding": 1624,
        "dilutedEPS": 6.47,
        "ebit": 14418,
        "grossIncome": 45828,
        "minorityInterest": -183,
        "netIncome": 10500,
        "netIncomeAfterTaxes": 11179,
        "otherOperatingExpensesTotal": 3893,
        "period": "2020-12-31",
        "pretaxIncome": 14418,
        "provisionforIncomeTaxes": 3239,
        "revenue": 52606,
        "sgaExpense": 27517,
        "totalOperatingExpense": 31410,
        "year": 2020
      },
      {
        "costOfGoodsSold": 14897,
        "dilutedAverageSharesOutstanding": 1640,
        "dilutedEPS": 5.19,
        "ebit": 11301,
        "grossIncome": 38926,
        "minorityInterest": -195,
        "netIncome": 8512,
        "netIncomeAfterTaxes": 9237,
        "otherOperatingExpensesTotal": 2369,
        "period": "2019-12-31",
        "pretaxIncome": 11301,
        "provisionforIncomeTaxes": 2064,
        "revenue": 53823,
        "sgaExpense": 25256,
        "totalOperatingExpense": 27625,
        "year": 2019
      },
      {
        "costOfGoodsSold": 12479,
        "dilutedAverageSharesOutstanding": 1738,
        "dilutedEPS": 4.73,
        "ebit": 11237,
        "grossIncome": 37714,
        "minorityInterest": -135,
        "netIncome": 8222,
        "netIncomeAfterTaxes": 8887,
        "otherOperatingExpensesTotal": 2482,
        "period": "2018-12-31",
        "pretaxIncome": 11237,
        "provisionforIncomeTaxes": 2350,
        "revenue": 50193,
        "sgaExpense": 23995,
        "totalOperatingExpense": 26477,
        "year": 2018
      },
      {
        "costOfGoodsSold": 7790,
        "dilutedAverageSharesOutstanding": 1821,
        "dilutedEPS": 3.06,
        "ebit": 10403,
        "grossIncome": 35852,
        "minorityInterest": -105,
        "netIncome": 5588,
        "netIncomeAfterTaxes": 7435,
        "otherOperatingExpensesTotal": 2385,
        "period": "2017-12-31",
        "pretaxIncome": 10403,
        "provisionforIncomeTaxes": 2968,
        "revenue": 43642,
        "sgaExpense": 23064,
        "totalOperatingExpense": 25449,
        "year": 2017
      },
      {
        "costOfGoodsSold": 5238,
        "dilutedAverageSharesOutstanding": 1887,
        "dilutedEPS": 2.92,
        "ebit": 8848,
        "grossIncome": 32711,
        "minorityInterest": -144,
        "netIncome": 5508,
        "netIncomeAfterTaxes": 6122,
        "otherOperatingExpensesTotal": 2175,
        "period": "2016-12-31",
        "pretaxIncome": 8848,
        "provisionforIncomeTaxes": 2726,
        "revenue": 37949,
        "sgaExpense": 21688,
        "totalOperatingExpense": 23863,
        "year": 2016
      },
      {
        "costOfGoodsSold": 4634,
        "dilutedAverageSharesOutstanding": 1952.815,
        "dilutedEPS": 2.91,
        "ebit": 8495,
        "grossIncome": 33263,
        "minorityInterest": -152,
        "netIncome": 5671,
        "netIncomeAfterTaxes": 6295,
        "otherOperatingExpensesTotal": 2624,
        "period": "2015-12-31",
        "pretaxIncome": 8495,
        "provisionforIncomeTaxes": 2200,
        "revenue": 37897,
        "sgaExpense": 22144,
        "totalOperatingExpense": 24768,
        "year": 2015
      }
    ],
    "symbol": "MS"
  }
}