{
  "symbol": "ALL",
  "statement": "ic",
  "frequency": "quarterly",
  "timestamp": "2025-09-19T13:55:36.326754",
  "data": {
    "financials": [
      {
        "benefitsClaimsLossAdjustment": 10437,
        "deferredPolicyAcquisitionExpense": 2076,
        "depreciationAmortization": 57,
        "dilutedAverageSharesOutstanding": 267.9,
        "dilutedEPS": 7.7604,
        "ebit": 1928,
        "grossPremiumsEarned": 16023,
        "interestIncomeExpense": -100,
        "minorityInterest": 10,
        "netIncome": 2079,
        "netIncomeAfterTaxes": 2099,
        "nonRecurringItems": 875,
        "otherOperatingExpensesTotal": 2135,
        "period": "2025-06-30",
        "pretaxIncome": 2703,
        "provisionforIncomeTaxes": 604,
        "revenue": 16633,
        "totalOperatingExpense": 14705
      },
      {
        "benefitsClaimsLossAdjustment": 11148,
        "deferredPolicyAcquisitionExpense": 2087,
        "depreciationAmortization": 59,
        "dilutedAverageSharesOutstanding": 268.8,
        "dilutedEPS": 2.1056,
        "ebit": 835,
        "grossPremiumsEarned": 15947,
        "interestExpense": 100,
        "interestIncomeExpense": -100,
        "minorityInterest": -1,
        "netIncome": 566,
        "netIncomeAfterTaxes": 596,
        "nonRecurringItems": -16,
        "otherOperatingExpensesTotal": 2323,
        "period": "2025-03-31",
        "pretaxIncome": 719,
        "provisionforIncomeTaxes": 123,
        "revenue": 16452,
        "totalOperatingExpense": 15617
      },
      {
        "benefitsClaimsLossAdjustment": 9361,
        "deferredPolicyAcquisitionExpense": 2062,
        "depreciationAmortization": 70,
        "dilutedAverageSharesOutstanding": 269,
        "dilutedEPS": 7.0595,
        "ebit": 2560,
        "grossPremiumsEarned": 15874,
        "interestExpense": 101,
        "interestIncomeExpense": -101,
        "minorityInterest": 38,
        "netIncome": 1899,
        "netIncomeAfterTaxes": 1890,
        "nonRecurringItems": -10,
        "otherOperatingExpensesTotal": 2453,
        "period": "2024-12-31",
        "pretaxIncome": 2449,
        "provisionforIncomeTaxes": 559,
        "revenue": 16506,
        "totalOperatingExpense": 13946
      },
      {
        "benefitsClaimsLossAdjustment": 10726,
        "deferredPolicyAcquisitionExpense": 2037,
        "depreciationAmortization": 71,
        "dilutedAverageSharesOutstanding": 268,
        "dilutedEPS": 4.3321,
        "ebit": 1550,
        "grossPremiumsEarned": 15601,
        "interestExpense": 104,
        "interestIncomeExpense": -104,
        "minorityInterest": 26,
        "netIncome": 1161,
        "netIncomeAfterTaxes": 1164,
        "nonRecurringItems": -28,
        "otherOperatingExpensesTotal": 2243,
        "period": "2024-09-30",
        "pretaxIncome": 1418,
        "provisionforIncomeTaxes": 254,
        "revenue": 16627,
        "totalOperatingExpense": 15077
      },
      {
        "benefitsClaimsLossAdjustment": 11092,
        "deferredPolicyAcquisitionExpense": 2001,
        "depreciationAmortization": 70,
        "dilutedAverageSharesOutstanding": 267.1,
        "dilutedEPS": 1.1269,
        "ebit": 541,
        "grossPremiumsEarned": 15105,
        "interestExpense": 98,
        "interestIncomeExpense": -98,
        "minorityInterest": -16,
        "netIncome": 301,
        "netIncomeAfterTaxes": 347,
        "nonRecurringItems": -13,
        "otherOperatingExpensesTotal": 2010,
        "period": "2024-06-30",
        "pretaxIncome": 430,
        "provisionforIncomeTaxes": 83,
        "revenue": 15714,
        "totalOperatingExpense": 15173
      },
      {
        "benefitsClaimsLossAdjustment": 9797,
        "deferredPolicyAcquisitionExpense": 1939,
        "depreciationAmortization": 69,
        "dilutedAverageSharesOutstanding": 266.5,
        "dilutedEPS": 4.4615,
        "ebit": 1571,
        "grossPremiumsEarned": 14659,
        "interestExpense": 97,
        "interestIncomeExpense": -97,
        "minorityInterest": 20,
        "netIncome": 1189,
        "netIncomeAfterTaxes": 1198,
        "nonRecurringItems": -10,
        "otherOperatingExpensesTotal": 1883,
        "period": "2024-03-31",
        "pretaxIncome": 1464,
        "provisionforIncomeTaxes": 266,
        "revenue": 15259,
        "totalOperatingExpense": 13688
      },
      {
        "benefitsClaimsLossAdjustment": 9066,
        "deferredPolicyAcquisitionExpense": 1904,
        "depreciationAmortization": 83,
        "dilutedAverageSharesOutstanding": 262.2,
        "dilutedEPS": 5.5683,
        "ebit": 1962,
        "grossPremiumsEarned": 14305,
        "interestExpense": 107,
        "interestIncomeExpense": -107,
        "minorityInterest": 2,
        "netIncome": 1460,
        "netIncomeAfterTaxes": 1487,
        "nonRecurringItems": -28,
        "otherOperatingExpensesTotal": 1817,
        "period": "2023-12-31",
        "pretaxIncome": 1827,
        "provisionforIncomeTaxes": 340,
        "revenue": 14832,
        "totalOperatingExpense": 12870
      },
      {
        "benefitsClaimsLossAdjustment": 10499,
        "deferredPolicyAcquisitionExpense": 1841,
        "depreciationAmortization": 83,
        "dilutedAverageSharesOutstanding": 262,
        "dilutedEPS": -0.16,
        "ebit": 154,
        "grossPremiumsEarned": 13894,
        "interestExpense": 88,
        "interestIncomeExpense": -88,
        "minorityInterest": -1,
        "netIncome": -41,
        "netIncomeAfterTaxes": -4,
        "nonRecurringItems": -87,
        "otherOperatingExpensesTotal": 1920,
        "period": "2023-09-30",
        "pretaxIncome": -21,
        "provisionforIncomeTaxes": -17,
        "revenue": 14497,
        "totalOperatingExpense": 14343
      },
      {
        "benefitsClaimsLossAdjustment": 11985,
        "deferredPolicyAcquisitionExpense": 1789,
        "depreciationAmortization": 82,
        "dilutedAverageSharesOutstanding": 263,
        "dilutedEPS": -5.29,
        "ebit": -1623,
        "grossPremiumsEarned": 13520,
        "interestExpense": 98,
        "interestIncomeExpense": -98,
        "minorityInterest": 23,
        "netIncome": -1389,
        "netIncomeAfterTaxes": -1375,
        "nonRecurringItems": -27,
        "otherOperatingExpensesTotal": 1746,
        "period": "2023-06-30",
        "pretaxIncome": -1748,
        "provisionforIncomeTaxes": -373,
        "revenue": 13979,
        "totalOperatingExpense": 15602
      },
      {
        "benefitsClaimsLossAdjustment": 10591,
        "deferredPolicyAcquisitionExpense": 1744,
        "depreciationAmortization": 81,
        "dilutedAverageSharesOutstanding": 264,
        "dilutedEPS": -1.31,
        "ebit": -293,
        "grossPremiumsEarned": 13197,
        "interestExpense": 86,
        "interestIncomeExpense": -86,
        "minorityInterest": 1,
        "netIncome": -346,
        "netIncomeAfterTaxes": -321,
        "nonRecurringItems": -27,
        "otherOperatingExpensesTotal": 1663,
        "period": "2023-03-31",
        "pretaxIncome": -406,
        "provisionforIncomeTaxes": -85,
        "revenue": 13786,
        "totalOperatingExpense": 14079
      },
      {
        "benefitsClaimsLossAdjustment": 10262,
        "deferredPolicyAcquisitionExpense": 1731,
        "depreciationAmortization": 89,
        "dilutedAverageSharesOutstanding": 264,
        "dilutedEPS": -1.17,
        "ebit": -312,
        "grossPremiumsEarned": 12995,
        "interestExpense": 84,
        "interestIncomeExpense": -84,
        "minorityInterest": 19,
        "netIncome": -310,
        "netIncomeAfterTaxes": -303,
        "nonRecurringItems": -24,
        "otherOperatingExpensesTotal": 1877,
        "period": "2022-12-31",
        "pretaxIncome": -420,
        "provisionforIncomeTaxes": -117,
        "revenue": 13647,
        "totalOperatingExpense": 13959
      },
      {
        "benefitsClaimsLossAdjustment": 10325,
        "deferredPolicyAcquisitionExpense": 1683,
        "depreciationAmortization": 90,
        "dilutedAverageSharesOutstanding": 269,
        "dilutedEPS": -2.55,
        "ebit": -811,
        "grossPremiumsEarned": 12685,
        "interestExpense": 85,
        "interestIncomeExpense": -85,
        "minorityInterest": 15,
        "netIncome": -685,
        "netIncomeAfterTaxes": -674,
        "nonRecurringItems": -14,
        "otherOperatingExpensesTotal": 1921,
        "period": "2022-09-30",
        "pretaxIncome": -910,
        "provisionforIncomeTaxes": -236,
        "revenue": 13208,
        "totalOperatingExpense": 14019
      },
      {
        "benefitsClaimsLossAdjustment": 9632,
        "deferredPolicyAcquisitionExpense": 1618,
        "depreciationAmortization": 87,
        "dilutedAverageSharesOutstanding": 274,
        "dilutedEPS": -3.8,
        "ebit": -1227,
        "grossPremiumsEarned": 12390,
        "interestExpense": 83,
        "interestIncomeExpense": -83,
        "minorityInterest": 9,
        "netIncome": -1040,
        "netIncomeAfterTaxes": -1022,
        "nonRecurringItems": -1,
        "otherOperatingExpensesTotal": 2109,
        "period": "2022-06-30",
        "pretaxIncome": -1311,
        "provisionforIncomeTaxes": -289,
        "revenue": 12219,
        "totalOperatingExpense": 13446
      },
      {
        "benefitsClaimsLossAdjustment": 8090,
        "deferredPolicyAcquisitionExpense": 1608,
        "depreciationAmortization": 87,
        "dilutedAverageSharesOutstanding": 275,
        "dilutedEPS": 2.31,
        "ebit": 896,
        "grossPremiumsEarned": 12009,
        "interestExpense": 83,
        "interestIncomeExpense": -83,
        "minorityInterest": 10,
        "netIncome": 634,
        "netIncomeAfterTaxes": 650,
        "nonRecurringItems": -12,
        "otherOperatingExpensesTotal": 1655,
        "period": "2022-03-31",
        "pretaxIncome": 801,
        "provisionforIncomeTaxes": 151,
        "revenue": 12336,
        "totalOperatingExpense": 11440
      },
      {
        "benefitsClaimsLossAdjustment": 8082,
        "deferredPolicyAcquisitionExpense": 1602,
        "depreciationAmortization": 109,
        "dilutedAverageSharesOutstanding": 297,
        "dilutedEPS": 2.65,
        "ebit": 1502,
        "grossPremiumsEarned": 11898,
        "interestExpense": 84,
        "interestIncomeExpense": -84,
        "minorityInterest": 26,
        "netIncome": 790,
        "netIncomeAfterTaxes": 1112,
        "nonRecurringItems": -25,
        "otherOperatingExpensesTotal": 1716,
        "period": "2021-12-31",
        "pretaxIncome": 1393,
        "provisionforIncomeTaxes": 281,
        "revenue": 13011,
        "totalOperatingExpense": 11509
      },
      {
        "benefitsClaimsLossAdjustment": 8541,
        "deferredPolicyAcquisitionExpense": 1582,
        "depreciationAmortization": 109,
        "dilutedAverageSharesOutstanding": 298,
        "dilutedEPS": 1.7,
        "ebit": 318,
        "grossPremiumsEarned": 11611,
        "interestExpense": 69,
        "interestIncomeExpense": -69,
        "minorityInterest": 7,
        "netIncome": 508,
        "netIncomeAfterTaxes": 206,
        "nonRecurringItems": -23,
        "otherOperatingExpensesTotal": 1930,
        "period": "2021-09-30",
        "pretaxIncome": 226,
        "provisionforIncomeTaxes": 20,
        "revenue": 12480,
        "totalOperatingExpense": 12162
      },
      {
        "benefitsClaimsLossAdjustment": 7459,
        "deferredPolicyAcquisitionExpense": 1545,
        "depreciationAmortization": 105,
        "dilutedAverageSharesOutstanding": 303,
        "dilutedEPS": 5.26,
        "ebit": 1988,
        "grossPremiumsEarned": 11385,
        "interestExpense": 91,
        "interestIncomeExpense": -91,
        "minorityInterest": -6,
        "netIncome": 1595,
        "netIncomeAfterTaxes": 1435,
        "nonRecurringItems": -100,
        "otherOperatingExpensesTotal": 1549,
        "period": "2021-06-30",
        "pretaxIncome": 1797,
        "provisionforIncomeTaxes": 362,
        "revenue": 12646,
        "totalOperatingExpense": 10658
      },
      {
        "benefitsClaimsLossAdjustment": 6285,
        "deferredPolicyAcquisitionExpense": 1523,
        "depreciationAmortization": 53,
        "dilutedAverageSharesOutstanding": 303,
        "dilutedEPS": -4.64,
        "ebit": 3191,
        "grossPremiumsEarned": 11317,
        "interestExpense": 86,
        "interestIncomeExpense": -86,
        "minorityInterest": 6,
        "netIncome": -1408,
        "netIncomeAfterTaxes": 2406,
        "nonRecurringItems": -73,
        "otherOperatingExpensesTotal": 1399,
        "period": "2021-03-31",
        "pretaxIncome": 3032,
        "provisionforIncomeTaxes": 626,
        "revenue": 12451,
        "totalOperatingExpense": 9260
      },
      {
        "benefitsClaimsLossAdjustment": 5497,
        "deferredPolicyAcquisitionExpense": 1382,
        "depreciationAmortization": 30,
        "dilutedAverageSharesOutstanding": 313,
        "dilutedEPS": 8.3,
        "ebit": 2984,
        "grossPremiumsEarned": 9812,
        "interestExpense": 80,
        "interestIncomeExpense": -80,
        "netIncome": 2598,
        "netIncomeAfterTaxes": 2270,
        "nonRecurringItems": -40,
        "otherOperatingExpensesTotal": 1069,
        "period": "2020-12-31",
        "pretaxIncome": 2864,
        "provisionforIncomeTaxes": 594,
        "revenue": 10962,
        "totalOperatingExpense": 7978
      },
      {
        "benefitsClaimsLossAdjustment": 6208,
        "deferredPolicyAcquisitionExpense": 1386,
        "depreciationAmortization": 31,
        "dilutedAverageSharesOutstanding": 314,
        "dilutedEPS": 3.58,
        "ebit": 1802,
        "grossPremiumsEarned": 9895,
        "interestExpense": 78,
        "interestIncomeExpense": -78,
        "minorityInterest": 0,
        "netIncome": 1126,
        "netIncomeAfterTaxes": 1216,
        "nonRecurringItems": -196,
        "otherOperatingExpensesTotal": 1251,
        "period": "2020-09-30",
        "pretaxIncome": 1528,
        "provisionforIncomeTaxes": 312,
        "revenue": 10678,
        "totalOperatingExpense": 8876
      },
      {
        "benefitsClaimsLossAdjustment": 5354,
        "deferredPolicyAcquisitionExpense": 1344,
        "depreciationAmortization": 29,
        "dilutedAverageSharesOutstanding": 317,
        "dilutedEPS": 3.86,
        "ebit": 2209,
        "grossPremiumsEarned": 9743,
        "interestExpense": 79,
        "interestIncomeExpense": -79,
        "minorityInterest": 0,
        "netIncome": 1224,
        "netIncomeAfterTaxes": 1106,
        "nonRecurringItems": -751,
        "otherOperatingExpensesTotal": 1467,
        "period": "2020-06-30",
        "pretaxIncome": 1379,
        "provisionforIncomeTaxes": 273,
        "revenue": 10403,
        "totalOperatingExpense": 8194
      },
      {
        "benefitsClaimsLossAdjustment": 5491,
        "deferredPolicyAcquisitionExpense": 1365,
        "depreciationAmortization": 28,
        "dilutedAverageSharesOutstanding": 322,
        "dilutedEPS": 1.59,
        "ebit": 1326,
        "grossPremiumsEarned": 9782,
        "interestExpense": 81,
        "interestIncomeExpense": -81,
        "minorityInterest": 0,
        "netIncome": 513,
        "netIncomeAfterTaxes": 837,
        "nonRecurringItems": -214,
        "otherOperatingExpensesTotal": 1656,
        "period": "2020-03-31",
        "pretaxIncome": 1031,
        "provisionforIncomeTaxes": 194,
        "revenue": 9866,
        "totalOperatingExpense": 8540
      },
      {
        "benefitsClaimsLossAdjustment": 4376,
        "deferredPolicyAcquisitionExpense": 1202,
        "depreciationAmortization": 30,
        "dilutedAverageSharesOutstanding": 327,
        "dilutedEPS": 5.22,
        "ebit": 1689,
        "grossPremiumsEarned": 8725,
        "interestExpense": 82,
        "interestIncomeExpense": -82,
        "netIncome": 1707,
        "netIncomeAfterTaxes": 1253,
        "nonRecurringItems": -22,
        "otherOperatingExpensesTotal": 997,
        "period": "2019-12-31",
        "pretaxIncome": 1585,
        "provisionforIncomeTaxes": 332,
        "revenue": 8294,
        "totalOperatingExpense": 6605
      },
      {
        "benefitsClaimsLossAdjustment": 6733,
        "deferredPolicyAcquisitionExpense": 1425,
        "depreciationAmortization": 32,
        "dilutedAverageSharesOutstanding": 333,
        "dilutedEPS": 2.67,
        "ebit": 1256,
        "grossPremiumsEarned": 9992,
        "interestExpense": 80,
        "interestIncomeExpense": -80,
        "netIncome": 889,
        "netIncomeAfterTaxes": 931,
        "nonRecurringItems": -16,
        "otherOperatingExpensesTotal": 1639,
        "period": "2019-09-30",
        "pretaxIncome": 1160,
        "provisionforIncomeTaxes": 229,
        "revenue": 11085,
        "totalOperatingExpense": 9829
      },
      {
        "benefitsClaimsLossAdjustment": 7023,
        "deferredPolicyAcquisitionExpense": 1362,
        "depreciationAmortization": 32,
        "dilutedAverageSharesOutstanding": 337,
        "dilutedEPS": 2.44,
        "ebit": 1234,
        "grossPremiumsEarned": 9878,
        "interestExpense": 82,
        "interestIncomeExpense": -82,
        "netIncome": 821,
        "netIncomeAfterTaxes": 851,
        "nonRecurringItems": -74,
        "otherOperatingExpensesTotal": 1505,
        "period": "2019-06-30",
        "pretaxIncome": 1078,
        "provisionforIncomeTaxes": 227,
        "revenue": 11156,
        "totalOperatingExpense": 9922
      },
      {
        "benefitsClaimsLossAdjustment": 6479,
        "deferredPolicyAcquisitionExpense": 1364,
        "depreciationAmortization": 32,
        "dilutedAverageSharesOutstanding": 338,
        "dilutedEPS": 3.74,
        "ebit": 1736,
        "grossPremiumsEarned": 9680,
        "interestExpense": 83,
        "interestIncomeExpense": -83,
        "netIncome": 1261,
        "netIncomeAfterTaxes": 1292,
        "nonRecurringItems": -33,
        "otherOperatingExpensesTotal": 1395,
        "period": "2019-03-31",
        "pretaxIncome": 1620,
        "provisionforIncomeTaxes": 328,
        "revenue": 11006,
        "totalOperatingExpense": 9270
      },
      {
        "benefitsClaimsLossAdjustment": 6720,
        "deferredPolicyAcquisitionExpense": 1336,
        "depreciationAmortization": 36,
        "dilutedAverageSharesOutstanding": 342,
        "dilutedEPS": -1.7,
        "ebit": -614,
        "grossPremiumsEarned": 9589,
        "interestExpense": 81,
        "interestIncomeExpense": -81,
        "netIncome": -585,
        "netIncomeAfterTaxes": -540,
        "nonRecurringItems": -15,
        "otherOperatingExpensesTotal": 2008,
        "period": "2018-12-31",
        "pretaxIncome": -710,
        "provisionforIncomeTaxes": -170,
        "revenue": 9486,
        "totalOperatingExpense": 10100
      },
      {
        "benefitsClaimsLossAdjustment": 6466,
        "deferredPolicyAcquisitionExpense": 1317,
        "depreciationAmortization": 24,
        "dilutedAverageSharesOutstanding": 352,
        "dilutedEPS": 2.67,
        "ebit": 1276,
        "grossPremiumsEarned": 9445,
        "interestExpense": 82,
        "interestIncomeExpense": -82,
        "netIncome": 942,
        "netIncomeAfterTaxes": 948,
        "nonRecurringItems": -16,
        "otherOperatingExpensesTotal": 1386,
        "period": "2018-09-30",
        "pretaxIncome": 1178,
        "provisionforIncomeTaxes": 230,
        "revenue": 10469,
        "totalOperatingExpense": 9193
      },
      {
        "benefitsClaimsLossAdjustment": 6425,
        "deferredPolicyAcquisitionExpense": 1296,
        "depreciationAmortization": 23,
        "dilutedAverageSharesOutstanding": 337,
        "dilutedEPS": 2.01,
        "ebit": 1008,
        "grossPremiumsEarned": 9300,
        "interestExpense": 86,
        "interestIncomeExpense": -86,
        "netIncome": 678,
        "netIncomeAfterTaxes": 717,
        "nonRecurringItems": -25,
        "otherOperatingExpensesTotal": 1351,
        "period": "2018-06-30",
        "pretaxIncome": 897,
        "provisionforIncomeTaxes": 180,
        "revenue": 10103,
        "totalOperatingExpense": 9095
      },
      {
        "benefitsClaimsLossAdjustment": 5794,
        "deferredPolicyAcquisitionExpense": 1273,
        "depreciationAmortization": 22,
        "dilutedAverageSharesOutstanding": 360,
        "dilutedEPS": 2.71,
        "ebit": 1364,
        "grossPremiumsEarned": 9118,
        "interestExpense": 83,
        "interestIncomeExpense": -83,
        "netIncome": 977,
        "netIncomeAfterTaxes": 1006,
        "nonRecurringItems": -18,
        "otherOperatingExpensesTotal": 1317,
        "period": "2018-03-31",
        "pretaxIncome": 1263,
        "provisionforIncomeTaxes": 257,
        "revenue": 9770,
        "totalOperatingExpense": 8406
      },
      {
        "benefitsClaimsLossAdjustment": 5872,
        "deferredPolicyAcquisitionExpense": 1239,
        "depreciationAmortization": 99,
        "dilutedAverageSharesOutstanding": 364,
        "dilutedEPS": 4.35,
        "ebit": 1949,
        "grossPremiumsEarned": 9686,
        "interestExpense": 84,
        "interestIncomeExpense": -84,
        "netIncome": 1585,
        "netIncomeAfterTaxes": 1105,
        "nonRecurringItems": -150,
        "otherOperatingExpensesTotal": 1578,
        "period": "2017-12-31",
        "pretaxIncome": 1715,
        "provisionforIncomeTaxes": 610,
        "revenue": 10737,
        "totalOperatingExpense": 8788
      },
      {
        "benefitsClaimsLossAdjustment": 6175,
        "deferredPolicyAcquisitionExpense": 1200,
        "dilutedAverageSharesOutstanding": 367,
        "dilutedEPS": 1.74,
        "ebit": 1093,
        "grossPremiumsEarned": 8714,
        "interestExpense": 83,
        "interestIncomeExpense": -83,
        "netIncome": 637,
        "netIncomeAfterTaxes": 666,
        "nonRecurringItems": -39,
        "otherOperatingExpensesTotal": 1218,
        "period": "2017-09-30",
        "pretaxIncome": 971,
        "provisionforIncomeTaxes": 305,
        "revenue": 9686,
        "totalOperatingExpense": 8593
      },
      {
        "benefitsClaimsLossAdjustment": 6350,
        "deferredPolicyAcquisitionExpense": 1176,
        "dilutedAverageSharesOutstanding": 369,
        "dilutedEPS": 1.49,
        "ebit": 1022,
        "grossPremiumsEarned": 8609,
        "interestExpense": 83,
        "interestIncomeExpense": -83,
        "netIncome": 550,
        "netIncomeAfterTaxes": 579,
        "nonRecurringItems": -88,
        "otherOperatingExpensesTotal": 1086,
        "period": "2017-06-30",
        "pretaxIncome": 851,
        "provisionforIncomeTaxes": 272,
        "revenue": 9634,
        "totalOperatingExpense": 8612
      },
      {
        "benefitsClaimsLossAdjustment": 6063,
        "deferredPolicyAcquisitionExpense": 1169,
        "dilutedAverageSharesOutstanding": 371,
        "dilutedEPS": 1.79,
        "ebit": 1167,
        "grossPremiumsEarned": 8552,
        "interestExpense": 85,
        "interestIncomeExpense": -85,
        "netIncome": 666,
        "netIncomeAfterTaxes": 695,
        "nonRecurringItems": -70,
        "otherOperatingExpensesTotal": 1097,
        "period": "2017-03-31",
        "pretaxIncome": 1012,
        "provisionforIncomeTaxes": 317,
        "revenue": 9496,
        "totalOperatingExpense": 8329
      },
      {
        "benefitsClaimsLossAdjustment": 5715,
        "deferredPolicyAcquisitionExpense": 1157,
        "dilutedAverageSharesOutstanding": 373,
        "dilutedEPS": 2.18,
        "ebit": 1415,
        "grossPremiumsEarned": 8475,
        "interestExpense": 77,
        "interestIncomeExpense": -77,
        "netIncome": 811,
        "netIncomeAfterTaxes": 840,
        "nonRecurringItems": -80,
        "otherOperatingExpensesTotal": 1063,
        "period": "2016-12-31",
        "pretaxIncome": 1258,
        "provisionforIncomeTaxes": 418,
        "revenue": 9350,
        "totalOperatingExpense": 7935
      },
      {
        "benefitsClaimsLossAdjustment": 6220,
        "deferredPolicyAcquisitionExpense": 1138,
        "dilutedAverageSharesOutstanding": 376,
        "dilutedEPS": 1.31,
        "ebit": 915,
        "grossPremiumsEarned": 8440,
        "interestExpense": 73,
        "interestIncomeExpense": -73,
        "netIncome": 491,
        "netIncomeAfterTaxes": 520,
        "nonRecurringItems": -77,
        "otherOperatingExpensesTotal": 1021,
        "period": "2016-09-30",
        "pretaxIncome": 765,
        "provisionforIncomeTaxes": 245,
        "revenue": 9294,
        "totalOperatingExpense": 8379
      },
      {
        "benefitsClaimsLossAdjustment": 6540,
        "deferredPolicyAcquisitionExpense": 1126,
        "dilutedAverageSharesOutstanding": 378,
        "dilutedEPS": 0.64,
        "ebit": 535,
        "grossPremiumsEarned": 8378,
        "interestExpense": 72,
        "interestIncomeExpense": -72,
        "netIncome": 242,
        "netIncomeAfterTaxes": 271,
        "nonRecurringItems": -87,
        "otherOperatingExpensesTotal": 1040,
        "period": "2016-06-30",
        "pretaxIncome": 376,
        "provisionforIncomeTaxes": 105,
        "revenue": 9241,
        "totalOperatingExpense": 8706
      },
      {
        "benefitsClaimsLossAdjustment": 6329,
        "deferredPolicyAcquisitionExpense": 1129,
        "dilutedAverageSharesOutstanding": 383,
        "dilutedEPS": 0.57,
        "ebit": 522,
        "grossPremiumsEarned": 8289,
        "interestExpense": 73,
        "interestIncomeExpense": -73,
        "netIncome": 217,
        "netIncomeAfterTaxes": 246,
        "nonRecurringItems": -94,
        "otherOperatingExpensesTotal": 982,
        "period": "2016-03-31",
        "pretaxIncome": 355,
        "provisionforIncomeTaxes": 109,
        "revenue": 8962,
        "totalOperatingExpense": 8440
      },
      {
        "benefitsClaimsLossAdjustment": 5838,
        "deferredPolicyAcquisitionExpense": 1116,
        "dilutedAverageSharesOutstanding": 390,
        "dilutedEPS": 1.18,
        "ebit": 965,
        "grossPremiumsEarned": 8231,
        "interestExpense": 73,
        "interestIncomeExpense": -73,
        "netIncome": 460,
        "netIncomeAfterTaxes": 489,
        "nonRecurringItems": -172,
        "otherOperatingExpensesTotal": 938,
        "period": "2015-12-31",
        "pretaxIncome": 720,
        "provisionforIncomeTaxes": 231,
        "revenue": 8857,
        "totalOperatingExpense": 7892
      },
      {
        "benefitsClaimsLossAdjustment": 5909,
        "deferredPolicyAcquisitionExpense": 1092,
        "dilutedAverageSharesOutstanding": 402,
        "dilutedEPS": 1.54,
        "ebit": 1221,
        "grossPremiumsEarned": 8188,
        "interestExpense": 73,
        "interestIncomeExpense": -73,
        "netIncome": 621,
        "netIncomeAfterTaxes": 650,
        "nonRecurringItems": -193,
        "otherOperatingExpensesTotal": 992,
        "period": "2015-09-30",
        "pretaxIncome": 955,
        "provisionforIncomeTaxes": 305,
        "revenue": 9214,
        "totalOperatingExpense": 7993
      }
    ],
    "symbol": "ALL"
  }
}