{
  "symbol": "ODFL",
  "statement": "ic",
  "frequency": "quarterly",
  "timestamp": "2025-09-19T14:05:01.588333",
  "data": {
    "financials": [
      {
        "costOfGoodsSold": 142.457,
        "depreciationAmortization": 90.663,
        "dilutedAverageSharesOutstanding": 212.164,
        "dilutedEPS": 1.2661,
        "ebit": 357.895,
        "grossIncome": 1265.267,
        "interestExpense": 0.006,
        "interestIncomeExpense": 0.678,
        "netIncome": 268.626,
        "netIncomeAfterTaxes": 268.626,
        "otherOperatingExpensesTotal": 74.85,
        "period": "2025-06-30",
        "pretaxIncome": 357.216,
        "provisionforIncomeTaxes": 88.59,
        "revenue": 1407.724,
        "sgaExpense": 741.859,
        "totalOperatingExpense": 907.372,
        "totalOtherIncomeExpenseNet": -1.357
      },
      {
        "costOfGoodsSold": 149.892,
        "depreciationAmortization": 89.132,
        "dilutedAverageSharesOutstanding": 213.484,
        "dilutedEPS": 1.1929,
        "ebit": 338.055,
        "grossIncome": 1224.966,
        "interestExpense": 0.002,
        "interestIncomeExpense": 1.66,
        "netIncome": 254.66,
        "netIncomeAfterTaxes": 254.66,
        "otherOperatingExpensesTotal": 71.531,
        "period": "2025-03-31",
        "pretaxIncome": 338.644,
        "provisionforIncomeTaxes": 83.984,
        "revenue": 1374.858,
        "sgaExpense": 726.248,
        "totalOperatingExpense": 886.911,
        "totalOtherIncomeExpenseNet": -1.071
      },
      {
        "costOfGoodsSold": 145.651,
        "depreciationAmortization": 88.808,
        "dilutedAverageSharesOutstanding": 214.385,
        "dilutedEPS": 1.2274,
        "ebit": 334.02,
        "grossIncome": 1240.178,
        "interestExpense": 0.025,
        "interestIncomeExpense": 1.878,
        "netIncome": 263.144,
        "netIncomeAfterTaxes": 263.144,
        "otherOperatingExpensesTotal": 71.456,
        "period": "2024-12-31",
        "pretaxIncome": 335.175,
        "provisionforIncomeTaxes": 72.031,
        "revenue": 1385.829,
        "sgaExpense": 745.894,
        "totalOperatingExpense": 906.158,
        "totalOtherIncomeExpenseNet": -0.723
      },
      {
        "costOfGoodsSold": 156.177,
        "depreciationAmortization": 86.666,
        "dilutedAverageSharesOutstanding": 215.227,
        "dilutedEPS": 1.43,
        "ebit": 401.861,
        "grossIncome": 1314.034,
        "interestExpense": 0.019,
        "interestIncomeExpense": 1.756,
        "netIncome": 308.58,
        "netIncomeAfterTaxes": 308.58,
        "otherOperatingExpensesTotal": 70.964,
        "period": "2024-09-30",
        "pretaxIncome": 403.094,
        "provisionforIncomeTaxes": 94.514,
        "revenue": 1470.211,
        "sgaExpense": 754.543,
        "totalOperatingExpense": 912.173,
        "totalOtherIncomeExpenseNet": -0.523
      },
      {
        "costOfGoodsSold": 161.02,
        "depreciationAmortization": 84.563,
        "dilutedAverageSharesOutstanding": 217.541,
        "dilutedEPS": 1.48,
        "ebit": 421.691,
        "grossIncome": 1337.677,
        "interestExpense": 0.131,
        "interestIncomeExpense": 5.83,
        "netIncome": 322.045,
        "netIncomeAfterTaxes": 322.045,
        "otherOperatingExpensesTotal": 75.969,
        "period": "2024-06-30",
        "pretaxIncome": 426.446,
        "provisionforIncomeTaxes": 104.401,
        "revenue": 1498.697,
        "sgaExpense": 755.454,
        "totalOperatingExpense": 915.986,
        "totalOtherIncomeExpenseNet": -1.075
      },
      {
        "costOfGoodsSold": 172.472,
        "depreciationAmortization": 84.531,
        "dilutedAverageSharesOutstanding": 218.808,
        "dilutedEPS": 1.34,
        "ebit": 386.426,
        "grossIncome": 1287.601,
        "interestExpense": 0.037,
        "interestIncomeExpense": 7.335,
        "netIncome": 292.304,
        "netIncomeAfterTaxes": 292.304,
        "otherOperatingExpensesTotal": 73.489,
        "period": "2024-03-31",
        "pretaxIncome": 392.882,
        "provisionforIncomeTaxes": 100.578,
        "revenue": 1460.073,
        "sgaExpense": 743.155,
        "totalOperatingExpense": 901.175,
        "totalOtherIncomeExpenseNet": -0.879
      },
      {
        "costOfGoodsSold": 179.916,
        "depreciationAmortization": 84.649,
        "dilutedAverageSharesOutstanding": 219.318,
        "dilutedEPS": 1.47,
        "ebit": 421.011,
        "grossIncome": 1315.634,
        "interestExpense": 0.085,
        "interestIncomeExpense": 5.227,
        "netIncome": 322.815,
        "netIncomeAfterTaxes": 322.815,
        "otherOperatingExpensesTotal": 58.536,
        "period": "2023-12-31",
        "pretaxIncome": 425.325,
        "provisionforIncomeTaxes": 102.51,
        "revenue": 1495.55,
        "sgaExpense": 751.438,
        "totalOperatingExpense": 894.623,
        "totalOtherIncomeExpenseNet": -0.913
      },
      {
        "costOfGoodsSold": 180.653,
        "depreciationAmortization": 84.055,
        "dilutedAverageSharesOutstanding": 219.67,
        "dilutedEPS": 1.54,
        "ebit": 445.019,
        "grossIncome": 1334.624,
        "interestExpense": 0.09,
        "interestIncomeExpense": 2.218,
        "netIncome": 339.287,
        "netIncomeAfterTaxes": 339.287,
        "otherOperatingExpensesTotal": 73.267,
        "period": "2023-09-30",
        "pretaxIncome": 446.376,
        "provisionforIncomeTaxes": 107.089,
        "revenue": 1515.277,
        "sgaExpense": 732.283,
        "totalOperatingExpense": 889.605,
        "totalOtherIncomeExpenseNet": -0.861
      },
      {
        "costOfGoodsSold": 165.373,
        "depreciationAmortization": 79.784,
        "dilutedAverageSharesOutstanding": 220.398,
        "dilutedEPS": 1.33,
        "ebit": 391.594,
        "grossIncome": 1247.816,
        "interestExpense": 0.089,
        "interestIncomeExpense": 2.279,
        "netIncome": 292.362,
        "netIncomeAfterTaxes": 292.362,
        "otherOperatingExpensesTotal": 68.095,
        "period": "2023-06-30",
        "pretaxIncome": 391.926,
        "provisionforIncomeTaxes": 99.564,
        "revenue": 1413.189,
        "sgaExpense": 708.343,
        "totalOperatingExpense": 856.222,
        "totalOtherIncomeExpenseNet": -1.947
      },
      {
        "costOfGoodsSold": 192.384,
        "depreciationAmortization": 75.947,
        "dilutedAverageSharesOutstanding": 221.358,
        "dilutedEPS": 1.29,
        "ebit": 383.049,
        "grossIncome": 1249.752,
        "interestExpense": 0.2,
        "interestIncomeExpense": 2.611,
        "netIncome": 285.038,
        "netIncomeAfterTaxes": 285.038,
        "otherOperatingExpensesTotal": 72.091,
        "period": "2023-03-31",
        "pretaxIncome": 384.149,
        "provisionforIncomeTaxes": 99.111,
        "revenue": 1442.136,
        "sgaExpense": 718.665,
        "totalOperatingExpense": 866.703,
        "totalOtherIncomeExpenseNet": -1.511
      },
      {
        "costOfGoodsSold": 207.626,
        "depreciationAmortization": 72.053,
        "dilutedAverageSharesOutstanding": 222.141,
        "dilutedEPS": 1.46,
        "ebit": 430.229,
        "grossIncome": 1284.033,
        "interestExpense": 0.28,
        "interestIncomeExpense": 2.671,
        "netIncome": 323.929,
        "netIncomeAfterTaxes": 323.929,
        "otherOperatingExpensesTotal": 68.22,
        "period": "2022-12-31",
        "pretaxIncome": 432.002,
        "provisionforIncomeTaxes": 108.073,
        "revenue": 1491.659,
        "sgaExpense": 713.531,
        "totalOperatingExpense": 853.804,
        "totalOtherIncomeExpenseNet": -0.898
      },
      {
        "costOfGoodsSold": 217.26,
        "depreciationAmortization": 68.347,
        "dilutedAverageSharesOutstanding": 224.59,
        "dilutedEPS": 1.68,
        "ebit": 496.08,
        "grossIncome": 1386.43,
        "interestExpense": 0.997,
        "interestIncomeExpense": 0.336,
        "netIncome": 377.401,
        "netIncomeAfterTaxes": 377.401,
        "otherOperatingExpensesTotal": 73.189,
        "period": "2022-09-30",
        "pretaxIncome": 496.065,
        "provisionforIncomeTaxes": 118.664,
        "revenue": 1603.69,
        "sgaExpense": 748.814,
        "totalOperatingExpense": 890.35,
        "totalOtherIncomeExpenseNet": -0.351
      },
      {
        "costOfGoodsSold": 236.712,
        "depreciationAmortization": 68.31,
        "dilutedAverageSharesOutstanding": 227.61,
        "dilutedEPS": 1.65,
        "ebit": 508.705,
        "grossIncome": 1430.736,
        "interestExpense": 0.213,
        "interestIncomeExpense": 0.258,
        "netIncome": 376.078,
        "netIncomeAfterTaxes": 376.078,
        "otherOperatingExpensesTotal": 82.033,
        "period": "2022-06-30",
        "pretaxIncome": 508.213,
        "provisionforIncomeTaxes": 132.135,
        "revenue": 1667.448,
        "sgaExpense": 771.688,
        "totalOperatingExpense": 922.031,
        "totalOtherIncomeExpenseNet": -0.75
      },
      {
        "costOfGoodsSold": 191.357,
        "depreciationAmortization": 67.34,
        "dilutedAverageSharesOutstanding": 230.346,
        "dilutedEPS": 1.3,
        "ebit": 405.618,
        "grossIncome": 1305.923,
        "interestExpense": 0.073,
        "interestIncomeExpense": 0.056,
        "netIncome": 299.751,
        "netIncomeAfterTaxes": 299.751,
        "otherOperatingExpensesTotal": 91.28,
        "period": "2022-03-31",
        "pretaxIncome": 405.069,
        "provisionforIncomeTaxes": 105.318,
        "revenue": 1497.28,
        "sgaExpense": 741.685,
        "totalOperatingExpense": 900.305,
        "totalOtherIncomeExpenseNet": -0.605
      },
      {
        "costOfGoodsSold": 159.373,
        "depreciationAmortization": 66.789,
        "dilutedAverageSharesOutstanding": 231.347,
        "dilutedEPS": 1.21,
        "ebit": 372.491,
        "grossIncome": 1250.985,
        "interestExpense": 0.384,
        "interestIncomeExpense": -0.258,
        "netIncome": 278.806,
        "netIncomeAfterTaxes": 278.806,
        "otherOperatingExpensesTotal": 98.635,
        "period": "2021-12-31",
        "pretaxIncome": 371.776,
        "provisionforIncomeTaxes": 92.97,
        "revenue": 1410.358,
        "sgaExpense": 713.07,
        "totalOperatingExpense": 878.494,
        "totalOtherIncomeExpenseNet": -0.457
      },
      {
        "costOfGoodsSold": 146.509,
        "depreciationAmortization": 65.16,
        "dilutedAverageSharesOutstanding": 232.323,
        "dilutedEPS": 1.23,
        "ebit": 383.41,
        "grossIncome": 1253.537,
        "interestExpense": 0.371,
        "interestIncomeExpense": -0.193,
        "netIncome": 286.634,
        "netIncomeAfterTaxes": 286.634,
        "otherOperatingExpensesTotal": 93.558,
        "period": "2021-09-30",
        "pretaxIncome": 382.951,
        "provisionforIncomeTaxes": 96.317,
        "revenue": 1400.046,
        "sgaExpense": 711.409,
        "totalOperatingExpense": 870.127,
        "totalOtherIncomeExpenseNet": -0.266
      },
      {
        "costOfGoodsSold": 137.577,
        "depreciationAmortization": 63.947,
        "dilutedAverageSharesOutstanding": 233.122,
        "dilutedEPS": 1.16,
        "ebit": 366.044,
        "grossIncome": 1181.832,
        "interestExpense": 0.465,
        "interestIncomeExpense": -0.269,
        "netIncome": 269.576,
        "netIncomeAfterTaxes": 269.576,
        "otherOperatingExpensesTotal": 82.523,
        "period": "2021-06-30",
        "pretaxIncome": 364.388,
        "provisionforIncomeTaxes": 94.812,
        "revenue": 1319.409,
        "sgaExpense": 669.318,
        "totalOperatingExpense": 815.788,
        "totalOtherIncomeExpenseNet": -1.387
      },
      {
        "costOfGoodsSold": 124.156,
        "depreciationAmortization": 63.987,
        "dilutedAverageSharesOutstanding": 234.511,
        "dilutedEPS": 0.85,
        "ebit": 269.657,
        "grossIncome": 1002.359,
        "interestExpense": 0.507,
        "interestIncomeExpense": -0.221,
        "netIncome": 199.359,
        "netIncomeAfterTaxes": 199.359,
        "otherOperatingExpensesTotal": 70.77,
        "period": "2021-03-31",
        "pretaxIncome": 269.308,
        "provisionforIncomeTaxes": 69.949,
        "revenue": 1126.515,
        "sgaExpense": 597.945,
        "totalOperatingExpense": 732.702,
        "totalOtherIncomeExpenseNet": -0.128
      },
      {
        "costOfGoodsSold": 100.057,
        "depreciationAmortization": 65.106,
        "dilutedAverageSharesOutstanding": 235.765,
        "dilutedEPS": 0.81,
        "ebit": 254.302,
        "grossIncome": 973.332,
        "interestExpense": 0.846,
        "interestIncomeExpense": -0.618,
        "netIncome": 189.832,
        "netIncomeAfterTaxes": 189.832,
        "otherOperatingExpensesTotal": 68.42,
        "period": "2020-12-31",
        "pretaxIncome": 253.323,
        "provisionforIncomeTaxes": 63.491,
        "revenue": 1073.389,
        "sgaExpense": 585.504,
        "totalOperatingExpense": 719.03,
        "totalOtherIncomeExpenseNet": -0.361
      },
      {
        "costOfGoodsSold": 90.269,
        "depreciationAmortization": 64.983,
        "dilutedAverageSharesOutstanding": 235.867,
        "dilutedEPS": 0.86,
        "ebit": 270.244,
        "grossIncome": 967.897,
        "interestExpense": 1.071,
        "interestIncomeExpense": -0.948,
        "netIncome": 201.868,
        "netIncomeAfterTaxes": 201.868,
        "otherOperatingExpensesTotal": 61.186,
        "period": "2020-09-30",
        "pretaxIncome": 268.335,
        "provisionforIncomeTaxes": 66.467,
        "revenue": 1058.166,
        "sgaExpense": 571.484,
        "totalOperatingExpense": 697.653,
        "totalOtherIncomeExpenseNet": -0.961
      },
      {
        "costOfGoodsSold": 75.412,
        "depreciationAmortization": 65.735,
        "dilutedAverageSharesOutstanding": 236.72,
        "dilutedEPS": 0.62,
        "ebit": 199.166,
        "grossIncome": 820.798,
        "interestExpense": 0.765,
        "interestIncomeExpense": -0.534,
        "netIncome": 147.805,
        "netIncomeAfterTaxes": 147.805,
        "otherOperatingExpensesTotal": 50.938,
        "period": "2020-06-30",
        "pretaxIncome": 199.005,
        "provisionforIncomeTaxes": 51.2,
        "revenue": 896.21,
        "sgaExpense": 504.959,
        "totalOperatingExpense": 621.632,
        "totalOtherIncomeExpenseNet": 0.373
      },
      {
        "costOfGoodsSold": 107.693,
        "depreciationAmortization": 65.435,
        "dilutedAverageSharesOutstanding": 239.611,
        "dilutedEPS": 0.56,
        "ebit": 183.17,
        "grossIncome": 879.671,
        "interestExpense": 0.1,
        "interestIncomeExpense": 1.148,
        "netIncome": 133.177,
        "netIncomeAfterTaxes": 133.177,
        "otherOperatingExpensesTotal": 54.934,
        "period": "2020-03-31",
        "pretaxIncome": 180.701,
        "provisionforIncomeTaxes": 47.524,
        "revenue": 987.364,
        "sgaExpense": 576.132,
        "totalOperatingExpense": 696.501,
        "totalOtherIncomeExpenseNet": -3.617
      },
      {
        "costOfGoodsSold": 112.004,
        "depreciationAmortization": 64.544,
        "dilutedAverageSharesOutstanding": 239.579,
        "dilutedEPS": 0.6,
        "ebit": 188.264,
        "grossIncome": 897.202,
        "interestExpense": 0.092,
        "interestIncomeExpense": 1.705,
        "netIncome": 144.024,
        "netIncomeAfterTaxes": 144.024,
        "otherOperatingExpensesTotal": 57.877,
        "period": "2019-12-31",
        "pretaxIncome": 189.594,
        "provisionforIncomeTaxes": 45.57,
        "revenue": 1009.206,
        "sgaExpense": 586.517,
        "totalOperatingExpense": 708.938,
        "totalOtherIncomeExpenseNet": -0.375
      },
      {
        "costOfGoodsSold": 117.343,
        "depreciationAmortization": 63.493,
        "dilutedAverageSharesOutstanding": 239.967,
        "dilutedEPS": 0.68,
        "ebit": 217.527,
        "grossIncome": 931.114,
        "interestExpense": 0.003,
        "interestIncomeExpense": 1.711,
        "netIncome": 164.099,
        "netIncomeAfterTaxes": 164.099,
        "otherOperatingExpensesTotal": 63.632,
        "period": "2019-09-30",
        "pretaxIncome": 218.394,
        "provisionforIncomeTaxes": 54.295,
        "revenue": 1048.457,
        "sgaExpense": 586.462,
        "totalOperatingExpense": 713.587,
        "totalOtherIncomeExpenseNet": -0.844
      },
      {
        "costOfGoodsSold": 122.41,
        "depreciationAmortization": 62.571,
        "dilutedAverageSharesOutstanding": 241.935,
        "dilutedEPS": 0.72,
        "ebit": 234.489,
        "grossIncome": 938.256,
        "interestExpense": 0.16,
        "interestIncomeExpense": 1.609,
        "netIncome": 174.072,
        "netIncomeAfterTaxes": 174.072,
        "otherOperatingExpensesTotal": 58.501,
        "period": "2019-06-30",
        "pretaxIncome": 235.574,
        "provisionforIncomeTaxes": 61.502,
        "revenue": 1060.666,
        "sgaExpense": 582.695,
        "totalOperatingExpense": 703.767,
        "totalOtherIncomeExpenseNet": -0.524
      },
      {
        "costOfGoodsSold": 121.357,
        "depreciationAmortization": 63.073,
        "dilutedAverageSharesOutstanding": 243.429,
        "dilutedEPS": 0.55,
        "ebit": 178.426,
        "grossIncome": 869.425,
        "interestExpense": 0.122,
        "interestIncomeExpense": 1.361,
        "netIncome": 133.323,
        "netIncomeAfterTaxes": 133.323,
        "otherOperatingExpensesTotal": 55.011,
        "period": "2019-03-31",
        "pretaxIncome": 180.387,
        "provisionforIncomeTaxes": 47.064,
        "revenue": 990.782,
        "sgaExpense": 572.915,
        "totalOperatingExpense": 690.999,
        "totalOtherIncomeExpenseNet": 0.6
      },
      {
        "costOfGoodsSold": 126.026,
        "depreciationAmortization": 62.555,
        "dilutedAverageSharesOutstanding": 244.745,
        "dilutedEPS": 0.65,
        "ebit": 218.845,
        "grossIncome": 900.918,
        "interestExpense": 0.138,
        "interestIncomeExpense": 1.073,
        "netIncome": 159.459,
        "netIncomeAfterTaxes": 159.459,
        "otherOperatingExpensesTotal": 56.516,
        "period": "2018-12-31",
        "pretaxIncome": 217.351,
        "provisionforIncomeTaxes": 57.892,
        "revenue": 1026.944,
        "sgaExpense": 563.002,
        "totalOperatingExpense": 682.073,
        "totalOtherIncomeExpenseNet": -2.567
      },
      {
        "costOfGoodsSold": 126.024,
        "depreciationAmortization": 58.086,
        "dilutedAverageSharesOutstanding": 245.926,
        "dilutedEPS": 0.71,
        "ebit": 228.385,
        "grossIncome": 932.209,
        "interestExpense": 0.029,
        "interestIncomeExpense": 0.749,
        "netIncome": 173.442,
        "netIncomeAfterTaxes": 173.442,
        "otherOperatingExpensesTotal": 56.199,
        "period": "2018-09-30",
        "pretaxIncome": 229.204,
        "provisionforIncomeTaxes": 55.762,
        "revenue": 1058.233,
        "sgaExpense": 589.539,
        "totalOperatingExpense": 703.824,
        "totalOtherIncomeExpenseNet": 0.07
      },
      {
        "costOfGoodsSold": 124.919,
        "depreciationAmortization": 56.235,
        "dilutedAverageSharesOutstanding": 246.507,
        "dilutedEPS": 0.66,
        "ebit": 220.481,
        "grossIncome": 908.579,
        "interestExpense": 0.011,
        "interestIncomeExpense": 0.657,
        "netIncome": 163.434,
        "netIncomeAfterTaxes": 163.434,
        "otherOperatingExpensesTotal": 59.295,
        "period": "2018-06-30",
        "pretaxIncome": 221.472,
        "provisionforIncomeTaxes": 58.038,
        "revenue": 1033.498,
        "sgaExpense": 572.568,
        "totalOperatingExpense": 688.098,
        "totalOtherIncomeExpenseNet": 0.334
      },
      {
        "costOfGoodsSold": 114.061,
        "depreciationAmortization": 53.481,
        "dilutedAverageSharesOutstanding": 247.067,
        "dilutedEPS": 0.44,
        "ebit": 149.34,
        "grossIncome": 810.959,
        "interestExpense": 0.011,
        "interestIncomeExpense": 0.445,
        "netIncome": 109.333,
        "netIncomeAfterTaxes": 109.333,
        "otherOperatingExpensesTotal": 56.831,
        "period": "2018-03-31",
        "pretaxIncome": 147.486,
        "provisionforIncomeTaxes": 38.153,
        "revenue": 925.02,
        "sgaExpense": 551.307,
        "totalOperatingExpense": 661.619,
        "totalOtherIncomeExpenseNet": -2.299
      },
      {
        "costOfGoodsSold": 106.688,
        "depreciationAmortization": 53.093,
        "dilutedAverageSharesOutstanding": 247.126,
        "dilutedEPS": 0.79,
        "ebit": 143.457,
        "grossIncome": 784.429,
        "interestExpense": 0.362,
        "interestIncomeExpense": 0.046,
        "netIncome": 197.25,
        "netIncomeAfterTaxes": 92.35,
        "otherOperatingExpensesTotal": 56.26,
        "period": "2017-12-31",
        "pretaxIncome": 143.864,
        "provisionforIncomeTaxes": 51.514,
        "revenue": 891.117,
        "sgaExpense": 531.619,
        "totalOperatingExpense": 640.972,
        "totalOtherIncomeExpenseNet": 0.361
      },
      {
        "costOfGoodsSold": 95.543,
        "depreciationAmortization": 51.934,
        "dilutedAverageSharesOutstanding": 247.142,
        "dilutedEPS": 0.41,
        "ebit": 163.875,
        "grossIncome": 777.444,
        "interestExpense": 0.555,
        "interestIncomeExpense": -0.327,
        "netIncome": 102.314,
        "netIncomeAfterTaxes": 102.314,
        "otherOperatingExpensesTotal": 51.843,
        "period": "2017-09-30",
        "pretaxIncome": 164.525,
        "provisionforIncomeTaxes": 62.211,
        "revenue": 872.987,
        "sgaExpense": 509.792,
        "totalOperatingExpense": 613.569,
        "totalOtherIncomeExpenseNet": 0.977
      },
      {
        "costOfGoodsSold": 88.58,
        "depreciationAmortization": 50.449,
        "dilutedAverageSharesOutstanding": 247.283,
        "dilutedEPS": 0.4,
        "ebit": 160.432,
        "grossIncome": 751.332,
        "interestExpense": 0.642,
        "interestIncomeExpense": -0.573,
        "netIncome": 98.418,
        "netIncomeAfterTaxes": 98.418,
        "otherOperatingExpensesTotal": 51.946,
        "period": "2017-06-30",
        "pretaxIncome": 160.29,
        "provisionforIncomeTaxes": 61.872,
        "revenue": 839.912,
        "sgaExpense": 488.505,
        "totalOperatingExpense": 590.9,
        "totalOtherIncomeExpenseNet": 0.431
      },
      {
        "costOfGoodsSold": 90.987,
        "depreciationAmortization": 50.287,
        "dilutedAverageSharesOutstanding": 247.332,
        "dilutedEPS": 0.27,
        "ebit": 108.122,
        "grossIncome": 663.109,
        "interestExpense": 0.595,
        "interestIncomeExpense": -0.56,
        "netIncome": 65.792,
        "netIncomeAfterTaxes": 65.792,
        "otherOperatingExpensesTotal": 46.987,
        "period": "2017-03-31",
        "pretaxIncome": 107.153,
        "provisionforIncomeTaxes": 41.361,
        "revenue": 754.096,
        "sgaExpense": 457.713,
        "totalOperatingExpense": 554.987,
        "totalOtherIncomeExpenseNet": -0.409
      },
      {
        "costOfGoodsSold": 84.093,
        "depreciationAmortization": 49.574,
        "dilutedAverageSharesOutstanding": 247.334,
        "dilutedEPS": 0.28,
        "ebit": 113.447,
        "grossIncome": 661.645,
        "interestExpense": 0.954,
        "interestIncomeExpense": -0.934,
        "netIncome": 68.511,
        "netIncomeAfterTaxes": 68.511,
        "otherOperatingExpensesTotal": 44.193,
        "period": "2016-12-31",
        "pretaxIncome": 111.321,
        "provisionforIncomeTaxes": 42.81,
        "revenue": 745.738,
        "sgaExpense": 454.431,
        "totalOperatingExpense": 548.198,
        "totalOtherIncomeExpenseNet": -1.192
      },
      {
        "costOfGoodsSold": 83.197,
        "depreciationAmortization": 49.041,
        "dilutedAverageSharesOutstanding": 248.432,
        "dilutedEPS": 0.34,
        "ebit": 137.404,
        "grossIncome": 699.414,
        "interestExpense": 1.131,
        "interestIncomeExpense": -1.121,
        "netIncome": 85.581,
        "netIncomeAfterTaxes": 85.581,
        "otherOperatingExpensesTotal": 46.623,
        "period": "2016-09-30",
        "pretaxIncome": 136.277,
        "provisionforIncomeTaxes": 50.696,
        "revenue": 782.611,
        "sgaExpense": 466.346,
        "totalOperatingExpense": 562.01,
        "totalOtherIncomeExpenseNet": -0.006
      },
      {
        "costOfGoodsSold": 80.335,
        "depreciationAmortization": 46.48,
        "dilutedAverageSharesOutstanding": 250.143,
        "dilutedEPS": 0.33,
        "ebit": 133.436,
        "grossIncome": 675.1,
        "interestExpense": 1.064,
        "interestIncomeExpense": -1.052,
        "netIncome": 81.388,
        "netIncomeAfterTaxes": 81.388,
        "otherOperatingExpensesTotal": 45.128,
        "period": "2016-06-30",
        "pretaxIncome": 132.124,
        "provisionforIncomeTaxes": 50.736,
        "revenue": 755.435,
        "sgaExpense": 450.056,
        "totalOperatingExpense": 541.664,
        "totalOtherIncomeExpenseNet": -0.26
      },
      {
        "costOfGoodsSold": 75.372,
        "depreciationAmortization": 44.772,
        "dilutedAverageSharesOutstanding": 251.947,
        "dilutedEPS": 0.24,
        "ebit": 99.548,
        "grossIncome": 632.361,
        "interestExpense": 1.183,
        "interestIncomeExpense": -1.167,
        "netIncome": 60.285,
        "netIncomeAfterTaxes": 60.285,
        "otherOperatingExpensesTotal": 46.508,
        "period": "2016-03-31",
        "pretaxIncome": 97.865,
        "provisionforIncomeTaxes": 37.58,
        "revenue": 707.733,
        "sgaExpense": 441.533,
        "totalOperatingExpense": 532.813,
        "totalOtherIncomeExpenseNet": -0.516
      },
      {
        "costOfGoodsSold": 83.781,
        "depreciationAmortization": 44.223,
        "dilutedAverageSharesOutstanding": 253.728,
        "dilutedEPS": 0.28,
        "ebit": 113.922,
        "grossIncome": 650.791,
        "interestExpense": 1.309,
        "interestIncomeExpense": -1.287,
        "netIncome": 72.224,
        "netIncomeAfterTaxes": 72.224,
        "otherOperatingExpensesTotal": 49.739,
        "period": "2015-12-31",
        "pretaxIncome": 111.957,
        "provisionforIncomeTaxes": 39.733,
        "revenue": 734.572,
        "sgaExpense": 442.907,
        "totalOperatingExpense": 536.869,
        "totalOtherIncomeExpenseNet": -0.678
      },
      {
        "costOfGoodsSold": 88.669,
        "depreciationAmortization": 42.561,
        "dilutedAverageSharesOutstanding": 255.741,
        "dilutedEPS": 0.33,
        "ebit": 139.854,
        "grossIncome": 690.805,
        "interestExpense": 1.163,
        "interestIncomeExpense": -1.13,
        "netIncome": 84.368,
        "netIncomeAfterTaxes": 84.368,
        "otherOperatingExpensesTotal": 57.378,
        "period": "2015-09-30",
        "pretaxIncome": 136.858,
        "provisionforIncomeTaxes": 52.49,
        "revenue": 779.474,
        "sgaExpense": 451.012,
        "totalOperatingExpense": 550.951,
        "totalOtherIncomeExpenseNet": -1.866
      }
    ],
    "symbol": "ODFL"
  }
}