{
  "symbol": "AME",
  "statement": "ic",
  "frequency": "annual",
  "timestamp": "2025-09-19T13:55:56.993301",
  "data": {
    "financials": [
      {
        "costOfGoodsSold": 4464.713,
        "dilutedAverageSharesOutstanding": 232.168,
        "dilutedEPS": 5.9273,
        "ebit": 1779.562,
        "grossIncome": 2476.467,
        "interestExpense": 112.962,
        "interestIncomeExpense": -112.962,
        "netIncome": 1376.124,
        "netIncomeAfterTaxes": 1376.124,
        "period": "2024-12-31",
        "pretaxIncome": 1661.539,
        "provisionforIncomeTaxes": 285.415,
        "revenue": 6941.18,
        "sgaExpense": 696.905,
        "totalOperatingExpense": 696.905,
        "totalOtherIncomeExpenseNet": -5.061,
        "year": 2024
      },
      {
        "costOfGoodsSold": 4212.485,
        "dilutedAverageSharesOutstanding": 231.509,
        "dilutedEPS": 5.6723,
        "ebit": 1707.459,
        "grossIncome": 2384.465,
        "interestExpense": 81.795,
        "interestIncomeExpense": -81.795,
        "netIncome": 1313.188,
        "netIncomeAfterTaxes": 1313.188,
        "period": "2023-12-31",
        "pretaxIncome": 1606.412,
        "provisionforIncomeTaxes": 293.224,
        "revenue": 6596.95,
        "sgaExpense": 677.006,
        "totalOperatingExpense": 677.006,
        "totalOtherIncomeExpenseNet": -19.252,
        "year": 2023
      },
      {
        "costOfGoodsSold": 4005.3,
        "dilutedAverageSharesOutstanding": 231.5,
        "dilutedEPS": 5.01,
        "ebit": 1500.7,
        "grossIncome": 2145.3,
        "interestExpense": 83.186,
        "interestIncomeExpense": -83.2,
        "netIncome": 1159.5,
        "netIncomeAfterTaxes": 1159.5,
        "period": "2022-12-31",
        "pretaxIncome": 1428.7,
        "provisionforIncomeTaxes": 269.2,
        "revenue": 6150.5,
        "sgaExpense": 644.6,
        "totalOperatingExpense": 644.5,
        "totalOtherIncomeExpenseNet": 11.2,
        "year": 2022
      },
      {
        "costOfGoodsSold": 3633.9,
        "dilutedAverageSharesOutstanding": 232.8,
        "dilutedEPS": 4.25,
        "ebit": 1308.7,
        "grossIncome": 1912.6,
        "interestExpense": 80.381,
        "interestIncomeExpense": -80.4,
        "netIncome": 990.1,
        "netIncomeAfterTaxes": 990.1,
        "period": "2021-12-31",
        "pretaxIncome": 1223.2,
        "provisionforIncomeTaxes": 233.1,
        "revenue": 5546.5,
        "sgaExpense": 603.9,
        "totalOperatingExpense": 603.9,
        "totalOtherIncomeExpenseNet": -5.1,
        "year": 2021
      },
      {
        "costOfGoodsSold": 2952.8,
        "dilutedAverageSharesOutstanding": 231.2,
        "dilutedEPS": 3.77,
        "ebit": 1071.8,
        "grossIncome": 1587.2,
        "interestExpense": 86.062,
        "interestIncomeExpense": -86.1,
        "netIncome": 872.4,
        "netIncomeAfterTaxes": 872.4,
        "nonRecurringItems": 97.1,
        "period": "2020-12-31",
        "pretaxIncome": 1082.3,
        "provisionforIncomeTaxes": 209.9,
        "revenue": 4540,
        "sgaExpense": 515.4,
        "totalOperatingExpense": 515.4,
        "totalOtherIncomeExpenseNet": -0.5,
        "year": 2020
      },
      {
        "costOfGoodsSold": 3209,
        "dilutedAverageSharesOutstanding": 229.4,
        "dilutedEPS": 3.75,
        "ebit": 1177.4,
        "grossIncome": 1949.6,
        "interestExpense": 88.481,
        "interestIncomeExpense": -88.5,
        "netIncome": 861.3,
        "netIncomeAfterTaxes": 861.3,
        "period": "2019-12-31",
        "pretaxIncome": 1069.7,
        "provisionforIncomeTaxes": 208.5,
        "researchDevelopment": 161.9,
        "revenue": 5158.6,
        "sgaExpense": 610.3,
        "totalOperatingExpense": 772.2,
        "totalOtherIncomeExpenseNet": -19.2,
        "year": 2019
      },
      {
        "costOfGoodsSold": 3045.3,
        "dilutedAverageSharesOutstanding": 232.7,
        "dilutedEPS": 3.34,
        "ebit": 1075.5,
        "grossIncome": 1800.6,
        "interestExpense": 82.18,
        "interestIncomeExpense": -82.2,
        "netIncome": 777.9,
        "netIncomeAfterTaxes": 766.1,
        "period": "2018-12-31",
        "pretaxIncome": 987.7,
        "provisionforIncomeTaxes": 221.6,
        "researchDevelopment": 141,
        "revenue": 4845.9,
        "sgaExpense": 584,
        "totalOperatingExpense": 725,
        "totalOtherIncomeExpenseNet": -5.6,
        "year": 2018
      },
      {
        "costOfGoodsSold": 2721,
        "dilutedAverageSharesOutstanding": 231.8,
        "dilutedEPS": 2.94,
        "ebit": 915.1,
        "grossIncome": 1579.1,
        "interestExpense": 98.029,
        "interestIncomeExpense": -98,
        "netIncome": 681.5,
        "netIncomeAfterTaxes": 589.9,
        "period": "2017-12-31",
        "pretaxIncome": 796.7,
        "provisionforIncomeTaxes": 206.9,
        "researchDevelopment": 130.4,
        "revenue": 4300.2,
        "sgaExpense": 533.6,
        "totalOperatingExpense": 664.1,
        "totalOtherIncomeExpenseNet": -20.3,
        "year": 2017
      },
      {
        "costOfGoodsSold": 2463.2,
        "dilutedAverageSharesOutstanding": 233.7,
        "dilutedEPS": 2.19,
        "ebit": 801.9,
        "grossIncome": 1376.9,
        "interestExpense": 94.304,
        "interestIncomeExpense": -94.3,
        "netIncome": 512.2,
        "netIncomeAfterTaxes": 512.2,
        "period": "2016-12-31",
        "pretaxIncome": 693.1,
        "provisionforIncomeTaxes": 180.9,
        "researchDevelopment": 112,
        "revenue": 3840.1,
        "sgaExpense": 463,
        "totalOperatingExpense": 575,
        "totalOtherIncomeExpenseNet": -14.5,
        "year": 2016
      },
      {
        "costOfGoodsSold": 2549.3,
        "depreciationAmortization": 68.7,
        "dilutedAverageSharesOutstanding": 241.6,
        "dilutedEPS": 2.45,
        "ebit": 907.7,
        "grossIncome": 1425,
        "interestExpense": 91.795,
        "interestIncomeExpense": -91.8,
        "netIncome": 590.9,
        "netIncomeAfterTaxes": 590.9,
        "period": "2015-12-31",
        "pretaxIncome": 806.4,
        "provisionforIncomeTaxes": 215.5,
        "revenue": 3974.3,
        "sgaExpense": 448.6,
        "totalOperatingExpense": 517.3,
        "totalOtherIncomeExpenseNet": -9.5,
        "year": 2015
      }
    ],
    "symbol": "AME"
  }
}