{
  "symbol": "WYNN",
  "statement": "ic",
  "frequency": "quarterly",
  "timestamp": "2025-09-19T14:09:00.393167",
  "data": {
    "financials": [
      {
        "costOfGoodsSold": 1011.591,
        "depreciationAmortization": 152.907,
        "dilutedAverageSharesOutstanding": 103.78,
        "dilutedEPS": 0.6381,
        "ebit": 264.6,
        "grossIncome": 726.206,
        "interestExpense": 154.551,
        "interestIncomeExpense": -139.804,
        "minorityInterest": -10.743,
        "netIncome": 66.218,
        "netIncomeAfterTaxes": 76.961,
        "nonRecurringItems": -1.083,
        "period": "2025-06-30",
        "pretaxIncome": 87.549,
        "provisionforIncomeTaxes": 10.588,
        "revenue": 1737.797,
        "sgaExpense": 308.699,
        "totalOperatingExpense": 461.606,
        "totalOtherIncomeExpenseNet": -36.164
      },
      {
        "costOfGoodsSold": 981.783,
        "depreciationAmortization": 155.421,
        "dilutedAverageSharesOutstanding": 105.73,
        "dilutedEPS": 0.6881,
        "ebit": 268.589,
        "grossIncome": 718.614,
        "interestExpense": 157.608,
        "interestIncomeExpense": -167.788,
        "minorityInterest": -8.658,
        "netIncome": 72.747,
        "netIncomeAfterTaxes": 81.405,
        "nonRecurringItems": 0,
        "period": "2025-03-31",
        "pretaxIncome": 92.427,
        "provisionforIncomeTaxes": 11.022,
        "revenue": 1700.397,
        "sgaExpense": 294.604,
        "totalOperatingExpense": 450.025,
        "totalOtherIncomeExpenseNet": -8.374
      },
      {
        "costOfGoodsSold": 1035.519,
        "depreciationAmortization": 151.284,
        "dilutedAverageSharesOutstanding": 108.638,
        "dilutedEPS": 2.5495,
        "ebit": 490.595,
        "grossIncome": 803.278,
        "interestExpense": 163.488,
        "interestIncomeExpense": -88.533,
        "minorityInterest": -45.388,
        "netIncome": 276.972,
        "netIncomeAfterTaxes": 322.36,
        "nonRecurringItems": -124.943,
        "period": "2024-12-31",
        "pretaxIncome": 280.966,
        "provisionforIncomeTaxes": -41.394,
        "revenue": 1838.797,
        "sgaExpense": 161.399,
        "totalOperatingExpense": 312.683,
        "totalOtherIncomeExpenseNet": 3.847
      },
      {
        "costOfGoodsSold": 977.216,
        "depreciationAmortization": 156.273,
        "dilutedAverageSharesOutstanding": 109.727,
        "dilutedEPS": -0.2921,
        "ebit": 133.237,
        "grossIncome": 716.107,
        "interestExpense": 167.922,
        "interestIncomeExpense": -142.716,
        "minorityInterest": -26.638,
        "netIncome": -32.053,
        "netIncomeAfterTaxes": -5.415,
        "nonRecurringItems": -0.109,
        "period": "2024-09-30",
        "pretaxIncome": 11.712,
        "provisionforIncomeTaxes": 17.127,
        "revenue": 1693.323,
        "sgaExpense": 426.597,
        "totalOperatingExpense": 582.87,
        "totalOtherIncomeExpenseNet": 21.3
      },
      {
        "costOfGoodsSold": 979.34,
        "depreciationAmortization": 176.405,
        "dilutedAverageSharesOutstanding": 111.175,
        "dilutedEPS": 1,
        "ebit": 269.658,
        "grossIncome": 753.592,
        "interestExpense": 174.596,
        "interestIncomeExpense": -124.195,
        "minorityInterest": -34.33,
        "netIncome": 111.943,
        "netIncomeAfterTaxes": 146.273,
        "nonRecurringItems": 0,
        "period": "2024-06-30",
        "pretaxIncome": 154.208,
        "provisionforIncomeTaxes": 7.935,
        "revenue": 1732.932,
        "sgaExpense": 307.529,
        "totalOperatingExpense": 483.934,
        "totalOtherIncomeExpenseNet": 8.745
      },
      {
        "costOfGoodsSold": 1034.349,
        "depreciationAmortization": 174.933,
        "dilutedAverageSharesOutstanding": 111.333,
        "dilutedEPS": 1.2954,
        "ebit": 362.941,
        "grossIncome": 828.56,
        "interestExpense": 182.404,
        "interestIncomeExpense": -160.146,
        "minorityInterest": -32.282,
        "netIncome": 144.216,
        "netIncomeAfterTaxes": 176.498,
        "nonRecurringItems": -1.561,
        "period": "2024-03-31",
        "pretaxIncome": 196.512,
        "provisionforIncomeTaxes": 20.014,
        "revenue": 1862.909,
        "sgaExpense": 290.686,
        "totalOperatingExpense": 465.619,
        "totalOtherIncomeExpenseNet": -4.722
      },
      {
        "costOfGoodsSold": 1023.116,
        "depreciationAmortization": 176.527,
        "dilutedAverageSharesOutstanding": 112.024,
        "dilutedEPS": 6.5,
        "ebit": 354.225,
        "grossIncome": 817.344,
        "interestExpense": 184.955,
        "interestIncomeExpense": -91.671,
        "minorityInterest": -44.621,
        "netIncome": 729.156,
        "netIncomeAfterTaxes": 773.777,
        "nonRecurringItems": 3.5,
        "period": "2023-12-31",
        "pretaxIncome": 274.369,
        "provisionforIncomeTaxes": -499.408,
        "revenue": 1840.46,
        "sgaExpense": 286.592,
        "totalOperatingExpense": 463.119,
        "totalOtherIncomeExpenseNet": 8.315
      },
      {
        "costOfGoodsSold": 958.9,
        "depreciationAmortization": 172,
        "dilutedAverageSharesOutstanding": 112.8,
        "dilutedEPS": -1.03,
        "ebit": 268.1,
        "grossIncome": 713,
        "interestExpense": 188.571,
        "interestIncomeExpense": -192.7,
        "minorityInterest": 3.9,
        "netIncome": -116.7,
        "netIncomeAfterTaxes": -120.5,
        "nonRecurringItems": -202.6,
        "period": "2023-09-30",
        "pretaxIncome": -123.3,
        "provisionforIncomeTaxes": -2.7,
        "revenue": 1671.9,
        "sgaExpense": 273,
        "totalOperatingExpense": 444.9,
        "totalOtherIncomeExpenseNet": 3.9
      },
      {
        "costOfGoodsSold": 907.3,
        "depreciationAmortization": 170,
        "dilutedAverageSharesOutstanding": 113.2,
        "dilutedEPS": 0.93,
        "ebit": 264.6,
        "grossIncome": 688.5,
        "interestExpense": 190.243,
        "interestIncomeExpense": -121.8,
        "minorityInterest": -22.7,
        "netIncome": 105.2,
        "netIncomeAfterTaxes": 127.8,
        "nonRecurringItems": -17.6,
        "period": "2023-06-30",
        "pretaxIncome": 132.1,
        "provisionforIncomeTaxes": 4.3,
        "revenue": 1595.8,
        "sgaExpense": 254,
        "totalOperatingExpense": 424,
        "totalOtherIncomeExpenseNet": 7
      },
      {
        "costOfGoodsSold": 819.2,
        "depreciationAmortization": 168.8,
        "dilutedAverageSharesOutstanding": 113.2,
        "dilutedEPS": 0.11,
        "ebit": 171.9,
        "grossIncome": 604.5,
        "interestExpense": 187.74,
        "interestIncomeExpense": -124.5,
        "minorityInterest": 11.2,
        "netIncome": 12.3,
        "netIncomeAfterTaxes": 1.1,
        "nonRecurringItems": -14.6,
        "period": "2023-03-31",
        "pretaxIncome": 2.2,
        "provisionforIncomeTaxes": 1,
        "revenue": 1423.7,
        "sgaExpense": 263.8,
        "totalOperatingExpense": 432.6,
        "totalOtherIncomeExpenseNet": -30.6
      },
      {
        "costOfGoodsSold": 636.3,
        "depreciationAmortization": 172.3,
        "dilutedAverageSharesOutstanding": 112.3,
        "dilutedEPS": 0.29,
        "ebit": -82.8,
        "grossIncome": 368.6,
        "interestExpense": 178.62,
        "interestIncomeExpense": -158.6,
        "minorityInterest": 66,
        "netIncome": 32.4,
        "netIncomeAfterTaxes": -33.5,
        "nonRecurringItems": 182,
        "period": "2022-12-31",
        "pretaxIncome": -27.5,
        "provisionforIncomeTaxes": 6.1,
        "revenue": 1004.9,
        "sgaExpense": 279.1,
        "totalOperatingExpense": 451.4,
        "totalOtherIncomeExpenseNet": 31.9
      },
      {
        "costOfGoodsSold": 565.9,
        "depreciationAmortization": 172.5,
        "dilutedAverageSharesOutstanding": 112.7,
        "dilutedEPS": -1.27,
        "ebit": -53,
        "grossIncome": 323.8,
        "interestExpense": 165.277,
        "interestIncomeExpense": -152.5,
        "minorityInterest": 64.9,
        "netIncome": -142.9,
        "netIncomeAfterTaxes": -207.8,
        "nonRecurringItems": 0,
        "period": "2022-09-30",
        "pretaxIncome": -206.4,
        "provisionforIncomeTaxes": 1.4,
        "revenue": 889.7,
        "sgaExpense": 204.3,
        "totalOperatingExpense": 376.8,
        "totalOtherIncomeExpenseNet": -0.9
      },
      {
        "costOfGoodsSold": 569.6,
        "depreciationAmortization": 163,
        "dilutedAverageSharesOutstanding": 114.5,
        "dilutedEPS": -1.14,
        "ebit": -44.5,
        "grossIncome": 339.2,
        "interestExpense": 154.83,
        "interestIncomeExpense": -150.6,
        "minorityInterest": 83.4,
        "netIncome": -130.1,
        "netIncomeAfterTaxes": -213.4,
        "nonRecurringItems": -7.5,
        "period": "2022-06-30",
        "pretaxIncome": -212.7,
        "provisionforIncomeTaxes": 0.7,
        "revenue": 908.8,
        "sgaExpense": 220.8,
        "totalOperatingExpense": 383.8,
        "totalOtherIncomeExpenseNet": -10.1
      },
      {
        "costOfGoodsSold": 618.4,
        "depreciationAmortization": 184.6,
        "dilutedAverageSharesOutstanding": 115,
        "dilutedEPS": -1.59,
        "ebit": -64.6,
        "grossIncome": 335,
        "interestExpense": 152.158,
        "interestIncomeExpense": -143.5,
        "minorityInterest": 71.3,
        "netIncome": -183.3,
        "netIncomeAfterTaxes": -254.6,
        "nonRecurringItems": -30.3,
        "period": "2022-03-31",
        "pretaxIncome": -253.5,
        "provisionforIncomeTaxes": 1.1,
        "revenue": 953.3,
        "sgaExpense": 215,
        "totalOperatingExpense": 399.5,
        "totalOtherIncomeExpenseNet": -15.1
      },
      {
        "costOfGoodsSold": 707.9,
        "depreciationAmortization": 170.4,
        "dilutedAverageSharesOutstanding": 114.8,
        "dilutedEPS": -1.54,
        "ebit": -105.6,
        "grossIncome": 334.3,
        "interestExpense": 151.961,
        "interestIncomeExpense": -146.1,
        "minorityInterest": 79.2,
        "netIncome": -177.2,
        "netIncomeAfterTaxes": -256.4,
        "nonRecurringItems": 0,
        "period": "2021-12-31",
        "pretaxIncome": -258.3,
        "provisionforIncomeTaxes": -1.9,
        "revenue": 1042.2,
        "sgaExpense": 269.5,
        "totalOperatingExpense": 439.9,
        "totalOtherIncomeExpenseNet": -6.6
      },
      {
        "costOfGoodsSold": 687.6,
        "depreciationAmortization": 177.1,
        "dilutedAverageSharesOutstanding": 114.7,
        "dilutedEPS": -1.45,
        "ebit": -83.7,
        "grossIncome": 307.1,
        "interestExpense": 150.325,
        "interestIncomeExpense": -148.6,
        "minorityInterest": 79.7,
        "netIncome": -166.2,
        "netIncomeAfterTaxes": -246,
        "nonRecurringItems": -0.7,
        "period": "2021-09-30",
        "pretaxIncome": -244.8,
        "provisionforIncomeTaxes": 1.2,
        "revenue": 994.6,
        "sgaExpense": 213.6,
        "totalOperatingExpense": 390.7,
        "totalOtherIncomeExpenseNet": -11.8
      },
      {
        "costOfGoodsSold": 630.2,
        "depreciationAmortization": 183.3,
        "dilutedAverageSharesOutstanding": 114.5,
        "dilutedEPS": -1.15,
        "ebit": -29.5,
        "grossIncome": 359.9,
        "interestExpense": 150.424,
        "interestIncomeExpense": -148.7,
        "minorityInterest": 42,
        "netIncome": -131.4,
        "netIncomeAfterTaxes": -173.4,
        "nonRecurringItems": 0,
        "period": "2021-06-30",
        "pretaxIncome": -172.7,
        "provisionforIncomeTaxes": 0.7,
        "revenue": 990.1,
        "sgaExpense": 206.1,
        "totalOperatingExpense": 389.4,
        "totalOtherIncomeExpenseNet": 5.6
      },
      {
        "costOfGoodsSold": 532.9,
        "depreciationAmortization": 185.1,
        "dilutedAverageSharesOutstanding": 113.7,
        "dilutedEPS": -2.47,
        "ebit": -175.8,
        "grossIncome": 203.8,
        "interestExpense": 152.852,
        "interestIncomeExpense": -147.5,
        "minorityInterest": 55.2,
        "netIncome": -281,
        "netIncomeAfterTaxes": -336.2,
        "nonRecurringItems": -1.3,
        "period": "2021-03-31",
        "pretaxIncome": -335.7,
        "provisionforIncomeTaxes": 0.5,
        "revenue": 736.7,
        "sgaExpense": 194.4,
        "totalOperatingExpense": 379.5,
        "totalOtherIncomeExpenseNet": -11.1
      },
      {
        "costOfGoodsSold": 478.6,
        "depreciationAmortization": 184,
        "dilutedAverageSharesOutstanding": 106.8,
        "dilutedEPS": -2.52,
        "ebit": -178.6,
        "grossIncome": 207.4,
        "interestExpense": 149.287,
        "interestIncomeExpense": -146.7,
        "minorityInterest": 40.8,
        "netIncome": -269.5,
        "netIncomeAfterTaxes": -310.3,
        "nonRecurringItems": 0,
        "period": "2020-12-31",
        "pretaxIncome": -309.7,
        "provisionforIncomeTaxes": 0.6,
        "revenue": 686,
        "sgaExpense": 202,
        "totalOperatingExpense": 386,
        "totalOtherIncomeExpenseNet": 15.5
      },
      {
        "costOfGoodsSold": 286.7,
        "depreciationAmortization": 183.5,
        "dilutedAverageSharesOutstanding": 106.8,
        "dilutedEPS": -7.1,
        "ebit": -283,
        "grossIncome": 83.7,
        "interestExpense": 145.142,
        "interestIncomeExpense": -138.4,
        "minorityInterest": 73.4,
        "netIncome": -758.1,
        "netIncomeAfterTaxes": -831.5,
        "nonRecurringItems": -3.1,
        "period": "2020-09-30",
        "pretaxIncome": -424.2,
        "provisionforIncomeTaxes": 407.4,
        "revenue": 370.5,
        "sgaExpense": 183.3,
        "totalOperatingExpense": 366.8,
        "totalOtherIncomeExpenseNet": 0.4
      },
      {
        "costOfGoodsSold": 240.3,
        "depreciationAmortization": 179.3,
        "dilutedAverageSharesOutstanding": 106.7,
        "dilutedEPS": -5.97,
        "ebit": -523,
        "grossIncome": -154.6,
        "interestExpense": 133.218,
        "interestIncomeExpense": -132.5,
        "minorityInterest": 97.3,
        "netIncome": -637.6,
        "netIncomeAfterTaxes": -734.9,
        "nonRecurringItems": -0.6,
        "period": "2020-06-30",
        "pretaxIncome": -653.9,
        "provisionforIncomeTaxes": 80.9,
        "revenue": 85.7,
        "sgaExpense": 189.2,
        "totalOperatingExpense": 368.4,
        "totalOtherIncomeExpenseNet": 2.2
      },
      {
        "costOfGoodsSold": 737.7,
        "depreciationAmortization": 178.7,
        "dilutedAverageSharesOutstanding": 106.7,
        "dilutedEPS": -3.77,
        "ebit": -247.5,
        "grossIncome": 216.1,
        "interestExpense": 128.827,
        "interestIncomeExpense": -136.5,
        "minorityInterest": 48.2,
        "netIncome": -402,
        "netIncomeAfterTaxes": -450.3,
        "nonRecurringItems": -0.8,
        "period": "2020-03-31",
        "pretaxIncome": -374.5,
        "provisionforIncomeTaxes": 75.8,
        "revenue": 953.7,
        "sgaExpense": 284.7,
        "totalOperatingExpense": 463.5,
        "totalOtherIncomeExpenseNet": 10.3
      },
      {
        "costOfGoodsSold": 1007.1,
        "depreciationAmortization": 175.1,
        "dilutedAverageSharesOutstanding": 106.6,
        "dilutedEPS": -0.68,
        "ebit": 226.5,
        "grossIncome": 646.3,
        "interestExpense": 113.049,
        "interestIncomeExpense": -104.9,
        "minorityInterest": -55.5,
        "netIncome": -72.9,
        "netIncomeAfterTaxes": -17.5,
        "nonRecurringItems": -0.2,
        "period": "2019-12-31",
        "pretaxIncome": 139.9,
        "provisionforIncomeTaxes": 157.4,
        "revenue": 1653.5,
        "sgaExpense": 244.7,
        "totalOperatingExpense": 419.8,
        "totalOtherIncomeExpenseNet": 18.5
      },
      {
        "costOfGoodsSold": 1036.6,
        "depreciationAmortization": 173,
        "dilutedAverageSharesOutstanding": 106.7,
        "dilutedEPS": -0.03,
        "ebit": 177.8,
        "grossIncome": 611.1,
        "interestExpense": 114.652,
        "interestIncomeExpense": -110.3,
        "minorityInterest": -30.4,
        "netIncome": -3.5,
        "netIncomeAfterTaxes": 26.9,
        "nonRecurringItems": -12.2,
        "period": "2019-09-30",
        "pretaxIncome": 46.6,
        "provisionforIncomeTaxes": 19.7,
        "revenue": 1647.8,
        "sgaExpense": 260.3,
        "totalOperatingExpense": 433.3,
        "totalOtherIncomeExpenseNet": -8.7
      },
      {
        "costOfGoodsSold": 1017.1,
        "depreciationAmortization": 140.3,
        "dilutedAverageSharesOutstanding": 107.1,
        "dilutedEPS": 0.88,
        "ebit": 218.7,
        "grossIncome": 641.3,
        "interestExpense": 93.149,
        "interestIncomeExpense": -90.2,
        "minorityInterest": -47.7,
        "netIncome": 94.6,
        "netIncomeAfterTaxes": 142.2,
        "nonRecurringItems": 0,
        "period": "2019-06-30",
        "pretaxIncome": 140.2,
        "provisionforIncomeTaxes": -2,
        "revenue": 1658.3,
        "sgaExpense": 282.3,
        "totalOperatingExpense": 422.5,
        "totalOtherIncomeExpenseNet": 11.7
      },
      {
        "costOfGoodsSold": 1006.9,
        "depreciationAmortization": 136.6,
        "dilutedAverageSharesOutstanding": 107.1,
        "dilutedEPS": 0.98,
        "ebit": 255.2,
        "grossIncome": 644.6,
        "interestExpense": 93.18,
        "interestIncomeExpense": -87.4,
        "minorityInterest": -54.9,
        "netIncome": 104.9,
        "netIncomeAfterTaxes": 159.7,
        "nonRecurringItems": 0,
        "period": "2019-03-31",
        "pretaxIncome": 161.4,
        "provisionforIncomeTaxes": 1.7,
        "revenue": 1651.5,
        "sgaExpense": 252.9,
        "totalOperatingExpense": 389.5,
        "totalOtherIncomeExpenseNet": -6.4
      },
      {
        "costOfGoodsSold": 1035,
        "depreciationAmortization": 138.9,
        "dilutedAverageSharesOutstanding": 108,
        "dilutedEPS": 4.3,
        "ebit": 246.3,
        "grossIncome": 652.6,
        "interestExpense": 100.717,
        "interestIncomeExpense": -96.3,
        "minorityInterest": -50.6,
        "netIncome": 464.9,
        "netIncomeAfterTaxes": 124.6,
        "nonRecurringItems": -2,
        "period": "2018-12-31",
        "pretaxIncome": 142.8,
        "provisionforIncomeTaxes": 18.2,
        "revenue": 1687.6,
        "sgaExpense": 267.4,
        "totalOperatingExpense": 406.3,
        "totalOtherIncomeExpenseNet": -5.1
      },
      {
        "costOfGoodsSold": 1052.7,
        "depreciationAmortization": 137.5,
        "dilutedAverageSharesOutstanding": 108.5,
        "dilutedEPS": 1.44,
        "ebit": 291,
        "grossIncome": 656.4,
        "interestExpense": 93.007,
        "interestIncomeExpense": -86.1,
        "minorityInterest": -63.7,
        "netIncome": 156.1,
        "netIncomeAfterTaxes": 219.8,
        "nonRecurringItems": -0.2,
        "period": "2018-09-30",
        "pretaxIncome": 215.9,
        "provisionforIncomeTaxes": -3.9,
        "revenue": 1709.1,
        "sgaExpense": 227.9,
        "totalOperatingExpense": 365.4,
        "totalOtherIncomeExpenseNet": 11.2
      },
      {
        "costOfGoodsSold": 986,
        "depreciationAmortization": 137.9,
        "dilutedAverageSharesOutstanding": 108.4,
        "dilutedEPS": 1.44,
        "ebit": 279.6,
        "grossIncome": 619.4,
        "interestExpense": 89.898,
        "interestIncomeExpense": -83,
        "minorityInterest": -49.5,
        "netIncome": 155.8,
        "netIncomeAfterTaxes": 205.3,
        "nonRecurringItems": 0,
        "period": "2018-06-30",
        "pretaxIncome": 195.6,
        "provisionforIncomeTaxes": -9.7,
        "revenue": 1605.4,
        "sgaExpense": 201.9,
        "totalOperatingExpense": 339.9,
        "totalOtherIncomeExpenseNet": -1
      },
      {
        "costOfGoodsSold": 1013.3,
        "depreciationAmortization": 136.4,
        "dilutedAverageSharesOutstanding": 102.6,
        "dilutedEPS": -1.99,
        "ebit": 382.2,
        "grossIncome": 702.3,
        "interestExpense": 98.227,
        "interestIncomeExpense": -91,
        "minorityInterest": -66.8,
        "netIncome": -204.3,
        "netIncomeAfterTaxes": -137.5,
        "nonRecurringItems": -461.2,
        "period": "2018-03-31",
        "pretaxIncome": -248.5,
        "provisionforIncomeTaxes": -111,
        "revenue": 1715.6,
        "sgaExpense": 183.7,
        "totalOperatingExpense": 320,
        "totalOtherIncomeExpenseNet": -78.6
      },
      {
        "costOfGoodsSold": 1004.8,
        "depreciationAmortization": 136.9,
        "dilutedAverageSharesOutstanding": 103,
        "dilutedEPS": 4.77,
        "ebit": 301.4,
        "grossIncome": 617.4,
        "interestExpense": 96.789,
        "interestIncomeExpense": -87.6,
        "minorityInterest": -52.3,
        "netIncome": 491.7,
        "netIncomeAfterTaxes": 204.1,
        "nonRecurringItems": -12.3,
        "period": "2017-12-31",
        "pretaxIncome": 209.9,
        "provisionforIncomeTaxes": 5.9,
        "revenue": 1622.2,
        "sgaExpense": 179.1,
        "totalOperatingExpense": 315.9,
        "totalOtherIncomeExpenseNet": 8.4
      },
      {
        "costOfGoodsSold": 940.7,
        "depreciationAmortization": 138,
        "dilutedAverageSharesOutstanding": 102.8,
        "dilutedEPS": 0.78,
        "ebit": 257.4,
        "grossIncome": 610.7,
        "interestExpense": 95.874,
        "interestIncomeExpense": -87.4,
        "minorityInterest": -26.2,
        "netIncome": 79.8,
        "netIncomeAfterTaxes": 106,
        "nonRecurringItems": -20.8,
        "period": "2017-09-30",
        "pretaxIncome": 105.5,
        "provisionforIncomeTaxes": -0.5,
        "revenue": 1551.3,
        "sgaExpense": 215.4,
        "totalOperatingExpense": 353.3,
        "totalOtherIncomeExpenseNet": -43.6
      },
      {
        "costOfGoodsSold": 912.3,
        "depreciationAmortization": 137.7,
        "dilutedAverageSharesOutstanding": 102.5,
        "dilutedEPS": 0.73,
        "ebit": 246.9,
        "grossIncome": 560.6,
        "interestExpense": 97.739,
        "interestIncomeExpense": -90.9,
        "minorityInterest": -31.9,
        "netIncome": 74.9,
        "netIncomeAfterTaxes": 106.8,
        "nonRecurringItems": -22.3,
        "period": "2017-06-30",
        "pretaxIncome": 109.4,
        "provisionforIncomeTaxes": 2.6,
        "revenue": 1472.9,
        "sgaExpense": 176,
        "totalOperatingExpense": 313.7,
        "totalOtherIncomeExpenseNet": -24.3
      },
      {
        "costOfGoodsSold": 869.4,
        "depreciationAmortization": 139.8,
        "dilutedAverageSharesOutstanding": 102.1,
        "dilutedEPS": 0.99,
        "ebit": 249.9,
        "grossIncome": 554.4,
        "interestExpense": 98.262,
        "interestIncomeExpense": -92.6,
        "minorityInterest": -31.7,
        "netIncome": 100.8,
        "netIncomeAfterTaxes": 132.5,
        "nonRecurringItems": 0,
        "period": "2017-03-31",
        "pretaxIncome": 135.4,
        "provisionforIncomeTaxes": 2.9,
        "revenue": 1423.8,
        "sgaExpense": 164.6,
        "totalOperatingExpense": 304.4,
        "totalOtherIncomeExpenseNet": -22
      },
      {
        "costOfGoodsSold": 818.9,
        "depreciationAmortization": 140.5,
        "dilutedAverageSharesOutstanding": 101.9,
        "dilutedEPS": 1.12,
        "ebit": 138.9,
        "grossIncome": 481.5,
        "interestExpense": 95.667,
        "interestIncomeExpense": -89.9,
        "minorityInterest": -12.8,
        "netIncome": 113.8,
        "netIncomeAfterTaxes": 126.6,
        "nonRecurringItems": 0,
        "otherOperatingExpensesTotal": 23.5,
        "period": "2016-12-31",
        "pretaxIncome": 133.5,
        "provisionforIncomeTaxes": 7,
        "revenue": 1300.4,
        "sgaExpense": 178.6,
        "totalOperatingExpense": 342.6,
        "totalOtherIncomeExpenseNet": 84.6
      },
      {
        "costOfGoodsSold": 695.5,
        "depreciationAmortization": 106.5,
        "dilutedAverageSharesOutstanding": 101.4,
        "dilutedEPS": -0.17,
        "ebit": 76.9,
        "grossIncome": 414.3,
        "interestExpense": 79.669,
        "interestIncomeExpense": -74.8,
        "minorityInterest": 1.9,
        "netIncome": -17.4,
        "netIncomeAfterTaxes": -19.3,
        "nonRecurringItems": 0,
        "otherOperatingExpensesTotal": 18.5,
        "period": "2016-09-30",
        "pretaxIncome": -19.2,
        "provisionforIncomeTaxes": 0.1,
        "revenue": 1109.8,
        "sgaExpense": 212.4,
        "totalOperatingExpense": 337.4,
        "totalOtherIncomeExpenseNet": -21.3
      },
      {
        "costOfGoodsSold": 652,
        "depreciationAmortization": 79.7,
        "dilutedAverageSharesOutstanding": 101.9,
        "dilutedEPS": 0.69,
        "ebit": 147.5,
        "grossIncome": 406.4,
        "interestExpense": 69.257,
        "interestIncomeExpense": -67.5,
        "minorityInterest": -19.1,
        "netIncome": 70.4,
        "netIncomeAfterTaxes": 89.4,
        "nonRecurringItems": 0,
        "otherOperatingExpensesTotal": 11.3,
        "period": "2016-06-30",
        "pretaxIncome": 86.5,
        "provisionforIncomeTaxes": -2.9,
        "revenue": 1058.4,
        "sgaExpense": 167.8,
        "totalOperatingExpense": 258.8,
        "totalOtherIncomeExpenseNet": 6.5
      },
      {
        "costOfGoodsSold": 608.1,
        "depreciationAmortization": 78,
        "dilutedAverageSharesOutstanding": 101.7,
        "dilutedEPS": 0.74,
        "ebit": 158.3,
        "grossIncome": 389.6,
        "interestExpense": 44.772,
        "interestIncomeExpense": -43.1,
        "minorityInterest": -30.6,
        "netIncome": 75.2,
        "netIncomeAfterTaxes": 105.8,
        "nonRecurringItems": 0,
        "otherOperatingExpensesTotal": 1.5,
        "period": "2016-03-31",
        "pretaxIncome": 109.7,
        "provisionforIncomeTaxes": 3.9,
        "revenue": 997.7,
        "sgaExpense": 151.8,
        "totalOperatingExpense": 231.3,
        "totalOtherIncomeExpenseNet": -5.5
      },
      {
        "costOfGoodsSold": 576,
        "depreciationAmortization": 77.2,
        "dilutedAverageSharesOutstanding": 101.6,
        "dilutedEPS": 1.08,
        "ebit": 151.9,
        "grossIncome": 370.9,
        "interestExpense": 73.608,
        "interestIncomeExpense": -67.6,
        "minorityInterest": -17.6,
        "netIncome": 109.7,
        "netIncomeAfterTaxes": 127.2,
        "nonRecurringItems": 0,
        "otherOperatingExpensesTotal": 6.6,
        "period": "2015-12-31",
        "pretaxIncome": 122.4,
        "provisionforIncomeTaxes": -4.9,
        "revenue": 946.9,
        "sgaExpense": 135.3,
        "totalOperatingExpense": 219,
        "totalOtherIncomeExpenseNet": 38.1
      },
      {
        "costOfGoodsSold": 622.9,
        "depreciationAmortization": 80.6,
        "dilutedAverageSharesOutstanding": 101.6,
        "dilutedEPS": 0.95,
        "ebit": 152.8,
        "grossIncome": 373.4,
        "interestExpense": 74.079,
        "interestIncomeExpense": -73.9,
        "minorityInterest": -17.2,
        "netIncome": 96.2,
        "netIncomeAfterTaxes": 113.4,
        "nonRecurringItems": -6,
        "otherOperatingExpensesTotal": 1,
        "period": "2015-09-30",
        "pretaxIncome": 120.8,
        "provisionforIncomeTaxes": 7.4,
        "revenue": 996.3,
        "sgaExpense": 138.9,
        "totalOperatingExpense": 220.6,
        "totalOtherIncomeExpenseNet": 47.9
      }
    ],
    "symbol": "WYNN"
  }
}