{
  "symbol": "IQV",
  "statement": "ic",
  "frequency": "quarterly",
  "timestamp": "2025-09-19T14:02:21.296413",
  "data": {
    "financials": [
      {
        "costOfGoodsSold": 2694,
        "depreciationAmortization": 276,
        "dilutedAverageSharesOutstanding": 173.2,
        "dilutedEPS": 1.5358,
        "ebit": 538,
        "equityEarningsAffiliates": -1,
        "grossIncome": 1323,
        "interestExpense": 182,
        "interestIncomeExpense": -172,
        "netIncome": 266,
        "netIncomeAfterTaxes": 267,
        "nonRecurringItems": -32,
        "period": "2025-06-30",
        "pretaxIncome": 323,
        "provisionforIncomeTaxes": 56,
        "revenue": 4017,
        "sgaExpense": 509,
        "totalOperatingExpense": 785,
        "totalOtherIncomeExpenseNet": -11
      },
      {
        "costOfGoodsSold": 2531,
        "depreciationAmortization": 265,
        "dilutedAverageSharesOutstanding": 177.4,
        "dilutedEPS": 1.4036,
        "ebit": 525,
        "equityEarningsAffiliates": -13,
        "grossIncome": 1298,
        "interestExpense": 165,
        "interestIncomeExpense": -154,
        "netIncome": 249,
        "netIncomeAfterTaxes": 262,
        "nonRecurringItems": -33,
        "period": "2025-03-31",
        "pretaxIncome": 323,
        "provisionforIncomeTaxes": 61,
        "revenue": 3829,
        "sgaExpense": 508,
        "totalOperatingExpense": 773,
        "totalOtherIncomeExpenseNet": -15
      },
      {
        "costOfGoodsSold": 2580,
        "depreciationAmortization": 303,
        "dilutedAverageSharesOutstanding": 180.7,
        "dilutedEPS": 2.4184,
        "ebit": 622,
        "equityEarningsAffiliates": 5,
        "grossIncome": 1378,
        "interestExpense": 171,
        "interestIncomeExpense": -160,
        "netIncome": 437,
        "netIncomeAfterTaxes": 432,
        "nonRecurringItems": 4,
        "period": "2024-12-31",
        "pretaxIncome": 544,
        "provisionforIncomeTaxes": 112,
        "revenue": 3958,
        "sgaExpense": 453,
        "totalOperatingExpense": 756,
        "totalOtherIncomeExpenseNet": 78
      },
      {
        "costOfGoodsSold": 2518,
        "depreciationAmortization": 278,
        "dilutedAverageSharesOutstanding": 184.2,
        "dilutedEPS": 1.5472,
        "ebit": 578,
        "equityEarningsAffiliates": 1,
        "grossIncome": 1378,
        "interestExpense": 170,
        "interestIncomeExpense": -157,
        "netIncome": 285,
        "netIncomeAfterTaxes": 284,
        "nonRecurringItems": -28,
        "period": "2024-09-30",
        "pretaxIncome": 349,
        "provisionforIncomeTaxes": 65,
        "revenue": 3896,
        "sgaExpense": 522,
        "totalOperatingExpense": 800,
        "totalOtherIncomeExpenseNet": -44
      },
      {
        "costOfGoodsSold": 2488,
        "depreciationAmortization": 269,
        "dilutedAverageSharesOutstanding": 184.3,
        "dilutedEPS": 1.9696,
        "ebit": 548,
        "equityEarningsAffiliates": 2,
        "grossIncome": 1326,
        "interestExpense": 163,
        "interestIncomeExpense": -151,
        "netIncome": 363,
        "netIncomeAfterTaxes": 361,
        "nonRecurringItems": -28,
        "period": "2024-06-30",
        "pretaxIncome": 436,
        "provisionforIncomeTaxes": 75,
        "revenue": 3814,
        "sgaExpense": 509,
        "totalOperatingExpense": 778,
        "totalOtherIncomeExpenseNet": 67
      },
      {
        "costOfGoodsSold": 2444,
        "depreciationAmortization": 264,
        "dilutedAverageSharesOutstanding": 184.3,
        "dilutedEPS": 1.5627,
        "ebit": 521,
        "equityEarningsAffiliates": -3,
        "grossIncome": 1293,
        "interestExpense": 166,
        "interestIncomeExpense": -155,
        "netIncome": 288,
        "netIncomeAfterTaxes": 291,
        "nonRecurringItems": -15,
        "period": "2024-03-31",
        "pretaxIncome": 340,
        "provisionforIncomeTaxes": 49,
        "revenue": 3737,
        "sgaExpense": 508,
        "totalOperatingExpense": 772,
        "totalOtherIncomeExpenseNet": -11
      },
      {
        "costOfGoodsSold": 2478,
        "depreciationAmortization": 316,
        "dilutedAverageSharesOutstanding": 184.5,
        "dilutedEPS": 2.542,
        "ebit": 518,
        "equityEarningsAffiliates": -6,
        "grossIncome": 1390,
        "interestExpense": 181,
        "interestIncomeExpense": -169,
        "minorityInterest": 0,
        "netIncome": 469,
        "netIncomeAfterTaxes": 475,
        "nonRecurringItems": -23,
        "period": "2023-12-31",
        "pretaxIncome": 373,
        "provisionforIncomeTaxes": -102,
        "revenue": 3868,
        "sgaExpense": 556,
        "totalOperatingExpense": 872,
        "totalOtherIncomeExpenseNet": 47
      },
      {
        "costOfGoodsSold": 2426,
        "depreciationAmortization": 297,
        "dilutedAverageSharesOutstanding": 185.5,
        "dilutedEPS": 1.6334,
        "ebit": 511,
        "equityEarningsAffiliates": 5,
        "grossIncome": 1310,
        "interestExpense": 181,
        "interestIncomeExpense": -167,
        "netIncome": 303,
        "netIncomeAfterTaxes": 298,
        "nonRecurringItems": -30,
        "period": "2023-09-30",
        "pretaxIncome": 349,
        "provisionforIncomeTaxes": 51,
        "revenue": 3736,
        "sgaExpense": 502,
        "totalOperatingExpense": 799,
        "totalOtherIncomeExpenseNet": 35
      },
      {
        "costOfGoodsSold": 2443,
        "depreciationAmortization": 259,
        "dilutedAverageSharesOutstanding": 186.7,
        "dilutedEPS": 1.59,
        "ebit": 544,
        "equityEarningsAffiliates": 3,
        "grossIncome": 1285,
        "interestExpense": 169,
        "interestIncomeExpense": -165,
        "netIncome": 297,
        "netIncomeAfterTaxes": 294,
        "nonRecurringItems": -20,
        "period": "2023-06-30",
        "pretaxIncome": 375,
        "provisionforIncomeTaxes": 81,
        "revenue": 3728,
        "sgaExpense": 482,
        "totalOperatingExpense": 741,
        "totalOtherIncomeExpenseNet": 16
      },
      {
        "costOfGoodsSold": 2398,
        "depreciationAmortization": 253,
        "dilutedAverageSharesOutstanding": 188.6,
        "dilutedEPS": 1.53,
        "ebit": 488,
        "equityEarningsAffiliates": -2,
        "grossIncome": 1254,
        "interestExpense": 141,
        "interestIncomeExpense": -135,
        "netIncome": 289,
        "netIncomeAfterTaxes": 291,
        "nonRecurringItems": -17,
        "period": "2023-03-31",
        "pretaxIncome": 362,
        "provisionforIncomeTaxes": 71,
        "revenue": 3652,
        "sgaExpense": 513,
        "totalOperatingExpense": 766,
        "totalOtherIncomeExpenseNet": 26
      },
      {
        "costOfGoodsSold": 2407,
        "depreciationAmortization": 357,
        "dilutedAverageSharesOutstanding": 188.5,
        "dilutedEPS": 1.2,
        "ebit": 392,
        "equityEarningsAffiliates": 0,
        "grossIncome": 1332,
        "interestExpense": 128,
        "interestIncomeExpense": -122,
        "minorityInterest": 0,
        "netIncome": 227,
        "netIncomeAfterTaxes": 227,
        "nonRecurringItems": -13,
        "period": "2022-12-31",
        "pretaxIncome": 275,
        "provisionforIncomeTaxes": 48,
        "revenue": 3739,
        "sgaExpense": 583,
        "totalOperatingExpense": 940,
        "totalOtherIncomeExpenseNet": 18
      },
      {
        "costOfGoodsSold": 2321,
        "depreciationAmortization": 248,
        "dilutedAverageSharesOutstanding": 189.4,
        "dilutedEPS": 1.49,
        "ebit": 476,
        "equityEarningsAffiliates": -7,
        "grossIncome": 1241,
        "interestExpense": 108,
        "interestIncomeExpense": -104,
        "minorityInterest": 0,
        "netIncome": 283,
        "netIncomeAfterTaxes": 290,
        "nonRecurringItems": -4,
        "period": "2022-09-30",
        "pretaxIncome": 360,
        "provisionforIncomeTaxes": 70,
        "revenue": 3562,
        "sgaExpense": 517,
        "totalOperatingExpense": 765,
        "totalOtherIncomeExpenseNet": -8
      },
      {
        "costOfGoodsSold": 2331,
        "depreciationAmortization": 270,
        "dilutedAverageSharesOutstanding": 191.1,
        "dilutedEPS": 1.34,
        "ebit": 457,
        "equityEarningsAffiliates": -1,
        "grossIncome": 1210,
        "interestExpense": 94,
        "interestIncomeExpense": -92,
        "minorityInterest": 0,
        "netIncome": 256,
        "netIncomeAfterTaxes": 257,
        "nonRecurringItems": -4,
        "period": "2022-06-30",
        "pretaxIncome": 328,
        "provisionforIncomeTaxes": 71,
        "revenue": 3541,
        "sgaExpense": 483,
        "totalOperatingExpense": 753,
        "totalOtherIncomeExpenseNet": -33
      },
      {
        "costOfGoodsSold": 2323,
        "depreciationAmortization": 255,
        "dilutedAverageSharesOutstanding": 193.4,
        "dilutedEPS": 1.68,
        "ebit": 502,
        "equityEarningsAffiliates": -4,
        "grossIncome": 1245,
        "interestExpense": 86,
        "interestIncomeExpense": -85,
        "minorityInterest": 0,
        "netIncome": 325,
        "netIncomeAfterTaxes": 329,
        "nonRecurringItems": -7,
        "period": "2022-03-31",
        "pretaxIncome": 400,
        "provisionforIncomeTaxes": 71,
        "revenue": 3568,
        "sgaExpense": 488,
        "totalOperatingExpense": 743,
        "totalOtherIncomeExpenseNet": -10
      },
      {
        "costOfGoodsSold": 2364,
        "depreciationAmortization": 262,
        "dilutedAverageSharesOutstanding": 195,
        "dilutedEPS": 1.63,
        "ebit": 468,
        "equityEarningsAffiliates": 1,
        "grossIncome": 1272,
        "interestExpense": 90,
        "interestIncomeExpense": -88,
        "minorityInterest": 0,
        "netIncome": 318,
        "netIncomeAfterTaxes": 317,
        "nonRecurringItems": -6,
        "period": "2021-12-31",
        "pretaxIncome": 376,
        "provisionforIncomeTaxes": 59,
        "revenue": 3636,
        "sgaExpense": 542,
        "totalOperatingExpense": 804,
        "totalOtherIncomeExpenseNet": 2
      },
      {
        "costOfGoodsSold": 2253,
        "depreciationAmortization": 336,
        "dilutedAverageSharesOutstanding": 195.3,
        "dilutedEPS": 1.34,
        "ebit": 304,
        "equityEarningsAffiliates": 0,
        "grossIncome": 1138,
        "interestExpense": 92,
        "interestIncomeExpense": -90,
        "minorityInterest": 0,
        "netIncome": 261,
        "netIncomeAfterTaxes": 261,
        "nonRecurringItems": -3,
        "period": "2021-09-30",
        "pretaxIncome": 273,
        "provisionforIncomeTaxes": 12,
        "revenue": 3391,
        "sgaExpense": 498,
        "totalOperatingExpense": 834,
        "totalOtherIncomeExpenseNet": 62
      },
      {
        "costOfGoodsSold": 2323,
        "depreciationAmortization": 343,
        "dilutedAverageSharesOutstanding": 194.9,
        "dilutedEPS": 0.9,
        "ebit": 290,
        "equityEarningsAffiliates": 1,
        "grossIncome": 1115,
        "interestExpense": 94,
        "interestIncomeExpense": -93,
        "minorityInterest": 0,
        "netIncome": 175,
        "netIncomeAfterTaxes": 174,
        "nonRecurringItems": -4,
        "period": "2021-06-30",
        "pretaxIncome": 222,
        "provisionforIncomeTaxes": 48,
        "revenue": 3438,
        "sgaExpense": 482,
        "totalOperatingExpense": 825,
        "totalOtherIncomeExpenseNet": 29
      },
      {
        "costOfGoodsSold": 2293,
        "depreciationAmortization": 323,
        "dilutedAverageSharesOutstanding": 194.9,
        "dilutedEPS": 1.09,
        "ebit": 351,
        "equityEarningsAffiliates": 4,
        "grossIncome": 1116,
        "interestExpense": 99,
        "interestIncomeExpense": -98,
        "minorityInterest": -5,
        "netIncome": 212,
        "netIncomeAfterTaxes": 213,
        "nonRecurringItems": -33,
        "period": "2021-03-31",
        "pretaxIncome": 257,
        "provisionforIncomeTaxes": 44,
        "revenue": 3409,
        "sgaExpense": 442,
        "totalOperatingExpense": 765,
        "totalOtherIncomeExpenseNet": 37
      },
      {
        "costOfGoodsSold": 2172,
        "depreciationAmortization": 344,
        "dilutedAverageSharesOutstanding": 195.3,
        "dilutedEPS": 0.61,
        "ebit": 291,
        "equityEarningsAffiliates": -1,
        "grossIncome": 1126,
        "interestExpense": 102,
        "interestIncomeExpense": -100,
        "minorityInterest": -11,
        "netIncome": 119,
        "netIncomeAfterTaxes": 131,
        "nonRecurringItems": -3,
        "period": "2020-12-31",
        "pretaxIncome": 194,
        "provisionforIncomeTaxes": 63,
        "revenue": 3298,
        "sgaExpense": 491,
        "totalOperatingExpense": 835,
        "totalOtherIncomeExpenseNet": 6
      },
      {
        "costOfGoodsSold": 1800,
        "depreciationAmortization": 319,
        "dilutedAverageSharesOutstanding": 194.9,
        "dilutedEPS": 0.52,
        "ebit": 207,
        "equityEarningsAffiliates": 3,
        "grossIncome": 986,
        "interestExpense": 100,
        "interestIncomeExpense": -99,
        "minorityInterest": -7,
        "netIncome": 101,
        "netIncomeAfterTaxes": 105,
        "nonRecurringItems": -20,
        "period": "2020-09-30",
        "pretaxIncome": 102,
        "provisionforIncomeTaxes": -3,
        "revenue": 2786,
        "sgaExpense": 460,
        "totalOperatingExpense": 779,
        "totalOtherIncomeExpenseNet": 14
      },
      {
        "costOfGoodsSold": 1704,
        "depreciationAmortization": 308,
        "dilutedAverageSharesOutstanding": 190.9,
        "dilutedEPS": -0.12,
        "ebit": 78,
        "equityEarningsAffiliates": -1,
        "grossIncome": 817,
        "interestExpense": 108,
        "interestIncomeExpense": -107,
        "minorityInterest": -2,
        "netIncome": -23,
        "netIncomeAfterTaxes": -20,
        "nonRecurringItems": -28,
        "period": "2020-06-30",
        "pretaxIncome": -25,
        "provisionforIncomeTaxes": -5,
        "revenue": 2521,
        "sgaExpense": 431,
        "totalOperatingExpense": 739,
        "totalOtherIncomeExpenseNet": 32
      },
      {
        "costOfGoodsSold": 1824,
        "depreciationAmortization": 316,
        "dilutedAverageSharesOutstanding": 195.7,
        "dilutedEPS": 0.42,
        "ebit": 207,
        "equityEarningsAffiliates": 6,
        "grossIncome": 930,
        "interestExpense": 106,
        "interestIncomeExpense": -104,
        "minorityInterest": -9,
        "netIncome": 82,
        "netIncomeAfterTaxes": 85,
        "nonRecurringItems": -14,
        "period": "2020-03-31",
        "pretaxIncome": 102,
        "provisionforIncomeTaxes": 17,
        "revenue": 2754,
        "sgaExpense": 407,
        "totalOperatingExpense": 723,
        "totalOtherIncomeExpenseNet": 13
      },
      {
        "costOfGoodsSold": 1901,
        "depreciationAmortization": 314,
        "dilutedAverageSharesOutstanding": 196.9,
        "dilutedEPS": 0.08,
        "ebit": 196,
        "equityEarningsAffiliates": -8,
        "grossIncome": 994,
        "interestExpense": 109,
        "interestIncomeExpense": -107,
        "minorityInterest": -4,
        "netIncome": 16,
        "netIncomeAfterTaxes": 28,
        "nonRecurringItems": -30,
        "period": "2019-12-31",
        "pretaxIncome": 96,
        "provisionforIncomeTaxes": 68,
        "revenue": 2895,
        "sgaExpense": 484,
        "totalOperatingExpense": 798,
        "totalOtherIncomeExpenseNet": 37
      },
      {
        "costOfGoodsSold": 1852,
        "depreciationAmortization": 299,
        "dilutedAverageSharesOutstanding": 199.1,
        "dilutedEPS": 0.29,
        "ebit": 223,
        "equityEarningsAffiliates": -1,
        "grossIncome": 917,
        "interestExpense": 114,
        "interestIncomeExpense": -111,
        "minorityInterest": -12,
        "netIncome": 57,
        "netIncomeAfterTaxes": 70,
        "nonRecurringItems": -43,
        "period": "2019-09-30",
        "pretaxIncome": 69,
        "provisionforIncomeTaxes": -1,
        "revenue": 2769,
        "sgaExpense": 395,
        "totalOperatingExpense": 694,
        "totalOtherIncomeExpenseNet": 0
      },
      {
        "costOfGoodsSold": 1799,
        "depreciationAmortization": 294,
        "dilutedAverageSharesOutstanding": 200.6,
        "dilutedEPS": 0.3,
        "ebit": 211,
        "equityEarningsAffiliates": 1,
        "grossIncome": 941,
        "interestExpense": 114,
        "interestIncomeExpense": -112,
        "minorityInterest": -11,
        "netIncome": 60,
        "netIncomeAfterTaxes": 70,
        "nonRecurringItems": -14,
        "period": "2019-06-30",
        "pretaxIncome": 78,
        "provisionforIncomeTaxes": 8,
        "revenue": 2740,
        "sgaExpense": 436,
        "totalOperatingExpense": 730,
        "totalOtherIncomeExpenseNet": -7
      },
      {
        "costOfGoodsSold": 1748,
        "depreciationAmortization": 295,
        "dilutedAverageSharesOutstanding": 201.7,
        "dilutedEPS": 0.29,
        "ebit": 222,
        "equityEarningsAffiliates": -1,
        "grossIncome": 936,
        "interestExpense": 110,
        "interestIncomeExpense": -108,
        "minorityInterest": -9,
        "netIncome": 58,
        "netIncomeAfterTaxes": 68,
        "nonRecurringItems": -12,
        "period": "2019-03-31",
        "pretaxIncome": 109,
        "provisionforIncomeTaxes": 41,
        "revenue": 2684,
        "sgaExpense": 419,
        "totalOperatingExpense": 714,
        "totalOtherIncomeExpenseNet": 7
      },
      {
        "costOfGoodsSold": 1742,
        "depreciationAmortization": 294,
        "dilutedAverageSharesOutstanding": 204,
        "dilutedEPS": 0.33,
        "ebit": 209,
        "equityEarningsAffiliates": 2,
        "grossIncome": 946,
        "interestExpense": 106,
        "interestIncomeExpense": -103,
        "minorityInterest": -7,
        "netIncome": 69,
        "netIncomeAfterTaxes": 66,
        "nonRecurringItems": -2,
        "period": "2018-12-31",
        "pretaxIncome": 104,
        "provisionforIncomeTaxes": 38,
        "revenue": 2688,
        "sgaExpense": 443,
        "totalOperatingExpense": 737,
        "totalOtherIncomeExpenseNet": 0
      },
      {
        "costOfGoodsSold": 1678,
        "depreciationAmortization": 283,
        "dilutedAverageSharesOutstanding": 206.8,
        "dilutedEPS": 0.29,
        "ebit": 204,
        "equityEarningsAffiliates": 2,
        "grossIncome": 916,
        "interestExpense": 105,
        "interestIncomeExpense": -103,
        "minorityInterest": -7,
        "netIncome": 60,
        "netIncomeAfterTaxes": 38,
        "nonRecurringItems": -23,
        "period": "2018-09-30",
        "pretaxIncome": 51,
        "provisionforIncomeTaxes": 13,
        "revenue": 2594,
        "sgaExpense": 429,
        "totalOperatingExpense": 712,
        "totalOtherIncomeExpenseNet": -27
      },
      {
        "costOfGoodsSold": 1674,
        "depreciationAmortization": 282,
        "dilutedAverageSharesOutstanding": 209.9,
        "dilutedEPS": 0.29,
        "ebit": 187,
        "equityEarningsAffiliates": 4,
        "grossIncome": 893,
        "interestExpense": 107,
        "interestIncomeExpense": -106,
        "minorityInterest": -7,
        "netIncome": 61,
        "netIncomeAfterTaxes": 64,
        "nonRecurringItems": -19,
        "period": "2018-06-30",
        "pretaxIncome": 88,
        "provisionforIncomeTaxes": 24,
        "revenue": 2567,
        "sgaExpense": 424,
        "totalOperatingExpense": 706,
        "totalOtherIncomeExpenseNet": 26
      },
      {
        "costOfGoodsSold": 1652,
        "depreciationAmortization": 282,
        "dilutedAverageSharesOutstanding": 212,
        "dilutedEPS": 0.33,
        "ebit": 209,
        "equityEarningsAffiliates": 7,
        "grossIncome": 911,
        "interestExpense": 96,
        "interestIncomeExpense": -94,
        "minorityInterest": -4,
        "netIncome": 69,
        "netIncomeAfterTaxes": 66,
        "nonRecurringItems": -26,
        "period": "2018-03-31",
        "pretaxIncome": 85,
        "provisionforIncomeTaxes": 19,
        "revenue": 2563,
        "sgaExpense": 420,
        "totalOperatingExpense": 702,
        "totalOtherIncomeExpenseNet": -4
      },
      {
        "costOfGoodsSold": 1607,
        "depreciationAmortization": 278,
        "dilutedAverageSharesOutstanding": 214.2,
        "dilutedEPS": 4.79,
        "ebit": 167,
        "equityEarningsAffiliates": 3,
        "grossIncome": 914,
        "interestExpense": 97,
        "interestIncomeExpense": -95,
        "minorityInterest": -8,
        "netIncome": 1027,
        "netIncomeAfterTaxes": 66,
        "nonRecurringItems": -23,
        "period": "2017-12-31",
        "pretaxIncome": 33,
        "provisionforIncomeTaxes": -33,
        "revenue": 2521,
        "sgaExpense": 469,
        "totalOperatingExpense": 747,
        "totalOtherIncomeExpenseNet": -16
      },
      {
        "costOfGoodsSold": 1611,
        "depreciationAmortization": 256,
        "dilutedAverageSharesOutstanding": 219,
        "dilutedEPS": 0.4,
        "ebit": 205,
        "equityEarningsAffiliates": 4,
        "grossIncome": 855,
        "interestExpense": 93,
        "interestIncomeExpense": -91,
        "minorityInterest": -5,
        "netIncome": 88,
        "netIncomeAfterTaxes": 89,
        "nonRecurringItems": -28,
        "period": "2017-09-30",
        "pretaxIncome": 86,
        "provisionforIncomeTaxes": -3,
        "revenue": 2466,
        "sgaExpense": 394,
        "totalOperatingExpense": 650,
        "totalOtherIncomeExpenseNet": 0
      },
      {
        "costOfGoodsSold": 1557,
        "depreciationAmortization": 245,
        "dilutedAverageSharesOutstanding": 222.3,
        "dilutedEPS": 0.28,
        "ebit": 175,
        "equityEarningsAffiliates": 4,
        "grossIncome": 798,
        "interestExpense": 81,
        "interestIncomeExpense": -80,
        "minorityInterest": -4,
        "netIncome": 62,
        "netIncomeAfterTaxes": 62,
        "nonRecurringItems": -49,
        "period": "2017-06-30",
        "pretaxIncome": 48,
        "provisionforIncomeTaxes": -14,
        "revenue": 2355,
        "sgaExpense": 378,
        "totalOperatingExpense": 623,
        "totalOtherIncomeExpenseNet": 2
      },
      {
        "costOfGoodsSold": 1526,
        "depreciationAmortization": 232,
        "dilutedAverageSharesOutstanding": 234.9,
        "dilutedEPS": 0.43,
        "ebit": 221,
        "equityEarningsAffiliates": -1,
        "grossIncome": 834,
        "interestExpense": 75,
        "interestIncomeExpense": -73,
        "minorityInterest": -2,
        "netIncome": 100,
        "netIncomeAfterTaxes": 103,
        "nonRecurringItems": -22,
        "period": "2017-03-31",
        "pretaxIncome": 127,
        "provisionforIncomeTaxes": 24,
        "revenue": 2360,
        "sgaExpense": 381,
        "totalOperatingExpense": 613,
        "totalOtherIncomeExpenseNet": 1
      },
      {
        "costOfGoodsSold": 1476.6,
        "dilutedAverageSharesOutstanding": 238.6,
        "dilutedEPS": -0.74,
        "ebit": 262.3,
        "equityEarningsAffiliates": -3,
        "grossIncome": 861.5,
        "interestExpense": 71.053,
        "interestIncomeExpense": -69.2,
        "minorityInterest": -3.3,
        "netIncome": -177.6,
        "netIncomeAfterTaxes": -171.3,
        "nonRecurringItems": -148.6,
        "otherOperatingExpensesTotal": 289,
        "period": "2016-12-31",
        "pretaxIncome": 55.8,
        "provisionforIncomeTaxes": 227.1,
        "revenue": 2338.1,
        "sgaExpense": 310.2,
        "totalOperatingExpense": 599.2,
        "totalOtherIncomeExpenseNet": 11.4
      },
      {
        "costOfGoodsSold": 1064.5,
        "dilutedAverageSharesOutstanding": 121.2,
        "dilutedEPS": 0.82,
        "ebit": 199,
        "equityEarningsAffiliates": 0.2,
        "grossIncome": 432.6,
        "interestExpense": 24.505,
        "interestIncomeExpense": -23.8,
        "minorityInterest": -4.8,
        "netIncome": 99.2,
        "netIncomeAfterTaxes": 103.8,
        "nonRecurringItems": -31.2,
        "period": "2016-09-30",
        "pretaxIncome": 142.3,
        "provisionforIncomeTaxes": 38.5,
        "revenue": 1497.2,
        "sgaExpense": 233.6,
        "totalOperatingExpense": 233.7,
        "totalOtherIncomeExpenseNet": -1.7
      },
      {
        "costOfGoodsSold": 1126.2,
        "dilutedAverageSharesOutstanding": 121.5,
        "dilutedEPS": 0.71,
        "ebit": 175.8,
        "equityEarningsAffiliates": -3.8,
        "grossIncome": 426.4,
        "interestExpense": 22.483,
        "interestIncomeExpense": -21.6,
        "minorityInterest": -4.5,
        "netIncome": 86.8,
        "netIncomeAfterTaxes": 95.1,
        "nonRecurringItems": -25.1,
        "period": "2016-06-30",
        "pretaxIncome": 131.9,
        "provisionforIncomeTaxes": 36.8,
        "revenue": 1552.7,
        "sgaExpense": 250.6,
        "totalOperatingExpense": 250.6,
        "totalOtherIncomeExpenseNet": 2.8
      },
      {
        "costOfGoodsSold": 1082.6,
        "dilutedAverageSharesOutstanding": 121.4,
        "dilutedEPS": 0.88,
        "ebit": 181.9,
        "equityEarningsAffiliates": 2.6,
        "grossIncome": 407.5,
        "interestExpense": 25.959,
        "interestIncomeExpense": -25.3,
        "minorityInterest": -2.4,
        "netIncome": 106.7,
        "netIncomeAfterTaxes": 106.4,
        "nonRecurringItems": -3.1,
        "period": "2016-03-31",
        "pretaxIncome": 149,
        "provisionforIncomeTaxes": 42.6,
        "revenue": 1490.1,
        "sgaExpense": 225.5,
        "totalOperatingExpense": 225.6,
        "totalOtherIncomeExpenseNet": -4.5
      },
      {
        "costOfGoodsSold": 1090,
        "dilutedAverageSharesOutstanding": 123.2,
        "dilutedEPS": 0.85,
        "ebit": 187.7,
        "equityEarningsAffiliates": 0.3,
        "grossIncome": 431.7,
        "interestExpense": 25.536,
        "interestIncomeExpense": -24.7,
        "minorityInterest": -3.5,
        "netIncome": 104.6,
        "netIncomeAfterTaxes": 107.8,
        "nonRecurringItems": -9.7,
        "period": "2015-12-31",
        "pretaxIncome": 158.8,
        "provisionforIncomeTaxes": 51,
        "revenue": 1521.7,
        "sgaExpense": 244.1,
        "totalOperatingExpense": 244,
        "totalOtherIncomeExpenseNet": 5.5
      },
      {
        "costOfGoodsSold": 1014.3,
        "dilutedAverageSharesOutstanding": 125.3,
        "dilutedEPS": 0.89,
        "ebit": 179,
        "equityEarningsAffiliates": 5.4,
        "grossIncome": 410.4,
        "interestExpense": 25.429,
        "interestIncomeExpense": -24.3,
        "minorityInterest": 2.4,
        "netIncome": 111.3,
        "netIncomeAfterTaxes": 103.5,
        "nonRecurringItems": -12,
        "period": "2015-09-30",
        "pretaxIncome": 143.7,
        "provisionforIncomeTaxes": 40.2,
        "revenue": 1424.8,
        "sgaExpense": 231.4,
        "totalOperatingExpense": 231.4,
        "totalOtherIncomeExpenseNet": 0.9
      }
    ],
    "symbol": "IQV"
  }
}