{
  "symbol": "IBM",
  "statement": "ic",
  "frequency": "annual",
  "timestamp": "2025-09-19T14:01:52.042055",
  "data": {
    "financials": [
      {
        "costOfGoodsSold": 27202,
        "dilutedAverageSharesOutstanding": 937.2,
        "dilutedEPS": 6.42,
        "ebit": 9737,
        "grossIncome": 35551,
        "interestExpense": 1712,
        "interestIncomeExpense": -1712,
        "netIncome": 6023,
        "netIncomeAfterTaxes": 6470,
        "nonRecurringItems": -2228,
        "otherOperatingExpensesTotal": -2512,
        "period": "2024-12-31",
        "pretaxIncome": 5797,
        "provisionforIncomeTaxes": -673,
        "researchDevelopment": 7479,
        "revenue": 62753,
        "sgaExpense": 20847,
        "totalOperatingExpense": 25814,
        "year": 2024
      },
      {
        "costOfGoodsSold": 27560,
        "depreciationAmortization": 995,
        "dilutedAverageSharesOutstanding": 922.074,
        "dilutedEPS": 8.13,
        "ebit": 8791,
        "grossIncome": 34300,
        "interestExpense": 1607,
        "interestIncomeExpense": -997,
        "netIncome": 7502,
        "netIncomeAfterTaxes": 7419,
        "nonRecurringItems": 896,
        "otherOperatingExpensesTotal": -870,
        "period": "2023-12-31",
        "pretaxIncome": 8690,
        "provisionforIncomeTaxes": 1271,
        "researchDevelopment": 6775,
        "revenue": 61860,
        "sgaExpense": 18609,
        "totalOperatingExpense": 25509,
        "year": 2023
      },
      {
        "costOfGoodsSold": 27842,
        "depreciationAmortization": 1062,
        "dilutedAverageSharesOutstanding": 912.269,
        "dilutedEPS": 1.79,
        "ebit": 7142,
        "grossIncome": 32688,
        "interestExpense": 1216,
        "interestIncomeExpense": -914,
        "netIncome": 1639,
        "netIncomeAfterTaxes": 1852,
        "nonRecurringItems": -5072,
        "otherOperatingExpensesTotal": -660,
        "period": "2022-12-31",
        "pretaxIncome": 1156,
        "provisionforIncomeTaxes": -696,
        "researchDevelopment": 6567,
        "revenue": 60530,
        "sgaExpense": 18577,
        "totalOperatingExpense": 25546,
        "year": 2022
      },
      {
        "costOfGoodsSold": 25865,
        "depreciationAmortization": 1116,
        "dilutedAverageSharesOutstanding": 904.641,
        "dilutedEPS": 6.34,
        "ebit": 6109,
        "grossIncome": 31485,
        "interestExpense": 1155,
        "interestIncomeExpense": -971,
        "netIncome": 5743,
        "netIncomeAfterTaxes": 4624,
        "nonRecurringItems": -301,
        "otherOperatingExpensesTotal": -836,
        "period": "2021-12-31",
        "pretaxIncome": 4837,
        "provisionforIncomeTaxes": 213,
        "researchDevelopment": 6488,
        "revenue": 57350,
        "sgaExpense": 18608,
        "totalOperatingExpense": 25376,
        "year": 2021
      },
      {
        "costOfGoodsSold": 24314,
        "depreciationAmortization": 1104,
        "dilutedAverageSharesOutstanding": 896.564,
        "dilutedEPS": 6.23,
        "ebit": 5735,
        "grossIncome": 30865,
        "interestExpense": 1288,
        "interestIncomeExpense": -1174,
        "netIncome": 5590,
        "netIncomeAfterTaxes": 4042,
        "nonRecurringItems": -1989,
        "otherOperatingExpensesTotal": -775,
        "period": "2020-12-31",
        "pretaxIncome": 2572,
        "provisionforIncomeTaxes": -1470,
        "researchDevelopment": 6262,
        "revenue": 55179,
        "sgaExpense": 18539,
        "totalOperatingExpense": 25130,
        "year": 2020
      },
      {
        "costOfGoodsSold": 26181,
        "dilutedAverageSharesOutstanding": 892.813,
        "dilutedEPS": 10.56,
        "ebit": 8201,
        "grossIncome": 31533,
        "interestExpense": 1572,
        "interestIncomeExpense": -1572,
        "netIncome": 9431,
        "netIncomeAfterTaxes": 7292,
        "nonRecurringItems": 577,
        "otherOperatingExpensesTotal": -2379,
        "period": "2019-12-31",
        "pretaxIncome": 7206,
        "provisionforIncomeTaxes": -86,
        "researchDevelopment": 5963,
        "revenue": 57714,
        "sgaExpense": 19748,
        "totalOperatingExpense": 23332,
        "year": 2019
      },
      {
        "costOfGoodsSold": 42655,
        "depreciationAmortization": 435,
        "dilutedAverageSharesOutstanding": 916.316,
        "dilutedEPS": 9.52,
        "ebit": 13993,
        "grossIncome": 36936,
        "interestExpense": 665,
        "interestIncomeExpense": -481,
        "netIncome": 8728,
        "netIncomeAfterTaxes": 10760,
        "nonRecurringItems": -2170,
        "otherOperatingExpensesTotal": -1088,
        "period": "2018-12-31",
        "pretaxIncome": 11342,
        "provisionforIncomeTaxes": 582,
        "researchDevelopment": 5379,
        "revenue": 79591,
        "sgaExpense": 18217,
        "totalOperatingExpense": 22943,
        "year": 2018
      },
      {
        "costOfGoodsSold": 42196,
        "depreciationAmortization": 496,
        "dilutedAverageSharesOutstanding": 937.386,
        "dilutedEPS": 6.13,
        "ebit": 13320,
        "grossIncome": 36943,
        "interestExpense": 616,
        "interestIncomeExpense": -380,
        "netIncome": 5753,
        "netIncomeAfterTaxes": 11233,
        "nonRecurringItems": -1540,
        "otherOperatingExpensesTotal": -1583,
        "period": "2017-12-31",
        "pretaxIncome": 11400,
        "provisionforIncomeTaxes": 167,
        "researchDevelopment": 5590,
        "revenue": 79139,
        "sgaExpense": 19120,
        "totalOperatingExpense": 23623,
        "year": 2017
      },
      {
        "costOfGoodsSold": 41403,
        "depreciationAmortization": 503,
        "dilutedAverageSharesOutstanding": 958.714,
        "dilutedEPS": 12.39,
        "ebit": 13886,
        "grossIncome": 38516,
        "interestExpense": 701,
        "interestIncomeExpense": -518,
        "netIncome": 11872,
        "netIncomeAfterTaxes": 11881,
        "nonRecurringItems": -1038,
        "otherOperatingExpensesTotal": -1039,
        "period": "2016-12-31",
        "pretaxIncome": 12330,
        "provisionforIncomeTaxes": 449,
        "researchDevelopment": 5726,
        "revenue": 79919,
        "sgaExpense": 19440,
        "totalOperatingExpense": 24630,
        "year": 2016
      },
      {
        "costOfGoodsSold": 41057,
        "depreciationAmortization": 304,
        "dilutedAverageSharesOutstanding": 982.7,
        "dilutedEPS": 13.42,
        "ebit": 16562,
        "grossIncome": 40684,
        "interestExpense": 575,
        "interestIncomeExpense": -31,
        "netIncome": 13190,
        "netIncomeAfterTaxes": 13364,
        "nonRecurringItems": -587,
        "otherOperatingExpensesTotal": -941,
        "period": "2015-12-31",
        "pretaxIncome": 15945,
        "provisionforIncomeTaxes": 2581,
        "researchDevelopment": 5247,
        "revenue": 81741,
        "sgaExpense": 19512,
        "totalOperatingExpense": 24122,
        "totalOtherIncomeExpenseNet": 1,
        "year": 2015
      }
    ],
    "symbol": "IBM"
  }
}