{
  "symbol": "FICO",
  "statement": "ic",
  "frequency": "annual",
  "timestamp": "2025-09-19T14:00:21.539014",
  "data": {
    "financials": [
      {
        "costOfGoodsSold": 348.206,
        "depreciationAmortization": 0.917,
        "dilutedAverageSharesOutstanding": 25.079,
        "dilutedEPS": 20.4478,
        "ebit": 733.629,
        "grossIncome": 1369.32,
        "interestExpense": 105.638,
        "interestIncomeExpense": -105.638,
        "netIncome": 512.811,
        "netIncomeAfterTaxes": 512.811,
        "nonRecurringItems": 0,
        "period": "2024-09-30",
        "pretaxIncome": 642.025,
        "provisionforIncomeTaxes": 129.214,
        "researchDevelopment": 171.94,
        "revenue": 1717.526,
        "sgaExpense": 462.834,
        "totalOperatingExpense": 635.691,
        "totalOtherIncomeExpenseNet": 14.034,
        "year": 2024
      },
      {
        "costOfGoodsSold": 311.053,
        "depreciationAmortization": 1.1,
        "dilutedAverageSharesOutstanding": 25.367,
        "dilutedEPS": 16.9265,
        "ebit": 640.889,
        "grossIncome": 1202.504,
        "interestExpense": 95.546,
        "interestIncomeExpense": -95.546,
        "netIncome": 429.375,
        "netIncomeAfterTaxes": 429.375,
        "nonRecurringItems": 1.941,
        "period": "2023-09-30",
        "pretaxIncome": 553.624,
        "provisionforIncomeTaxes": 124.249,
        "researchDevelopment": 159.95,
        "revenue": 1513.557,
        "sgaExpense": 400.565,
        "totalOperatingExpense": 561.615,
        "totalOtherIncomeExpenseNet": 6.34,
        "year": 2023
      },
      {
        "costOfGoodsSold": 302.174,
        "depreciationAmortization": 2.061,
        "dilutedAverageSharesOutstanding": 26.347,
        "dilutedEPS": 14.1777,
        "ebit": 542.414,
        "grossIncome": 1075.096,
        "interestExpense": 68.967,
        "interestIncomeExpense": -68.967,
        "netIncome": 373.541,
        "netIncomeAfterTaxes": 373.541,
        "nonRecurringItems": 0,
        "period": "2022-09-30",
        "pretaxIncome": 471.309,
        "provisionforIncomeTaxes": 97.768,
        "researchDevelopment": 146.758,
        "revenue": 1377.27,
        "sgaExpense": 383.863,
        "totalOperatingExpense": 532.682,
        "totalOtherIncomeExpenseNet": -2.138,
        "year": 2022
      },
      {
        "costOfGoodsSold": 332.462,
        "depreciationAmortization": 3.255,
        "dilutedAverageSharesOutstanding": 29.26,
        "dilutedEPS": 13.4,
        "ebit": 413.307,
        "grossIncome": 984.074,
        "interestExpense": 40.092,
        "interestIncomeExpense": -40.092,
        "netIncome": 392.084,
        "netIncomeAfterTaxes": 392.084,
        "nonRecurringItems": 92.182,
        "period": "2021-09-30",
        "pretaxIncome": 473.142,
        "provisionforIncomeTaxes": 81.058,
        "researchDevelopment": 171.231,
        "revenue": 1316.536,
        "sgaExpense": 396.281,
        "totalOperatingExpense": 570.767,
        "totalOtherIncomeExpenseNet": 7.745,
        "year": 2021
      },
      {
        "costOfGoodsSold": 361.1,
        "depreciationAmortization": 5,
        "dilutedAverageSharesOutstanding": 29.9,
        "dilutedEPS": 7.9,
        "ebit": 341,
        "grossIncome": 933.4,
        "interestExpense": 42.177,
        "interestIncomeExpense": -42.2,
        "netIncome": 236.4,
        "netIncomeAfterTaxes": 236.4,
        "nonRecurringItems": -45,
        "period": "2020-09-30",
        "pretaxIncome": 257,
        "provisionforIncomeTaxes": 20.6,
        "researchDevelopment": 166.5,
        "revenue": 1294.6,
        "sgaExpense": 420.9,
        "totalOperatingExpense": 592.5,
        "totalOtherIncomeExpenseNet": 3.2,
        "year": 2020
      },
      {
        "costOfGoodsSold": 336.8,
        "depreciationAmortization": 6.1,
        "dilutedAverageSharesOutstanding": 30.3,
        "dilutedEPS": 6.34,
        "ebit": 253.5,
        "grossIncome": 823.2,
        "interestExpense": 39.752,
        "interestIncomeExpense": -39.8,
        "netIncome": 192.1,
        "netIncomeAfterTaxes": 192.1,
        "nonRecurringItems": 0,
        "period": "2019-09-30",
        "pretaxIncome": 216.1,
        "provisionforIncomeTaxes": 23.9,
        "researchDevelopment": 149.5,
        "revenue": 1160.1,
        "sgaExpense": 414.1,
        "totalOperatingExpense": 569.7,
        "totalOtherIncomeExpenseNet": 2.3,
        "year": 2019
      },
      {
        "costOfGoodsSold": 312.9,
        "depreciationAmortization": 6.6,
        "dilutedAverageSharesOutstanding": 31.2,
        "dilutedEPS": 4.05,
        "ebit": 175.4,
        "grossIncome": 687.2,
        "interestExpense": 31.311,
        "interestIncomeExpense": -31.3,
        "netIncome": 126.5,
        "netIncomeAfterTaxes": 143.2,
        "nonRecurringItems": 0,
        "period": "2018-09-30",
        "pretaxIncome": 156.9,
        "provisionforIncomeTaxes": 13.7,
        "researchDevelopment": 128.4,
        "revenue": 1000.1,
        "sgaExpense": 376.9,
        "totalOperatingExpense": 511.9,
        "totalOtherIncomeExpenseNet": 12.9,
        "year": 2018
      },
      {
        "costOfGoodsSold": 287.1,
        "depreciationAmortization": 12.7,
        "dilutedAverageSharesOutstanding": 32.2,
        "dilutedEPS": 3.98,
        "ebit": 181.7,
        "grossIncome": 645,
        "interestExpense": 25.79,
        "interestIncomeExpense": -25.8,
        "netIncome": 128.3,
        "netIncomeAfterTaxes": 128.3,
        "nonRecurringItems": -4.5,
        "period": "2017-09-30",
        "pretaxIncome": 151.3,
        "provisionforIncomeTaxes": 23.1,
        "researchDevelopment": 110.9,
        "revenue": 932.2,
        "sgaExpense": 339.8,
        "totalOperatingExpense": 463.4,
        "totalOtherIncomeExpenseNet": -0.1,
        "year": 2017
      },
      {
        "costOfGoodsSold": 265.2,
        "depreciationAmortization": 14,
        "dilutedAverageSharesOutstanding": 32.3,
        "dilutedEPS": 3.39,
        "ebit": 169.6,
        "grossIncome": 616.2,
        "interestExpense": 26.633,
        "interestIncomeExpense": -26.6,
        "netIncome": 109.4,
        "netIncomeAfterTaxes": 109.4,
        "nonRecurringItems": 0,
        "period": "2016-09-30",
        "pretaxIncome": 144.6,
        "provisionforIncomeTaxes": 35.1,
        "researchDevelopment": 103.7,
        "revenue": 881.4,
        "sgaExpense": 328.9,
        "totalOperatingExpense": 446.6,
        "totalOtherIncomeExpenseNet": 1.6,
        "year": 2016
      },
      {
        "costOfGoodsSold": 270.5,
        "depreciationAmortization": 13.7,
        "dilutedAverageSharesOutstanding": 32.6,
        "dilutedEPS": 2.65,
        "ebit": 155.7,
        "grossIncome": 568.2,
        "interestExpense": 29.15,
        "interestIncomeExpense": -29.2,
        "netIncome": 86.5,
        "netIncomeAfterTaxes": 86.5,
        "nonRecurringItems": -18.2,
        "period": "2015-09-30",
        "pretaxIncome": 109.2,
        "provisionforIncomeTaxes": 22.7,
        "researchDevelopment": 98.8,
        "revenue": 838.8,
        "sgaExpense": 300,
        "totalOperatingExpense": 412.6,
        "totalOtherIncomeExpenseNet": 0.9,
        "year": 2015
      }
    ],
    "symbol": "FICO"
  }
}