{
  "symbol": "WDAY",
  "statement": "ic",
  "frequency": "quarterly",
  "timestamp": "2025-09-19T14:08:58.713797",
  "data": {
    "financials": [
      {
        "costOfGoodsSold": 582,
        "dilutedAverageSharesOutstanding": 270.18,
        "dilutedEPS": 0.8439,
        "ebit": 249,
        "grossIncome": 1766,
        "interestExpense": 29,
        "netIncome": 228,
        "netIncomeAfterTaxes": 228,
        "nonRecurringItems": -1,
        "period": "2025-07-31",
        "pretaxIncome": 304,
        "provisionforIncomeTaxes": 76,
        "researchDevelopment": 660,
        "revenue": 2348,
        "sgaExpense": 857,
        "totalOperatingExpense": 1517,
        "totalOtherIncomeExpenseNet": 56
      },
      {
        "costOfGoodsSold": 537,
        "dilutedAverageSharesOutstanding": 270.296,
        "dilutedEPS": 0.25,
        "ebit": 205,
        "grossIncome": 1703,
        "interestExpense": 29,
        "interestIncomeExpense": 64,
        "netIncome": 68,
        "netIncomeAfterTaxes": 68,
        "nonRecurringItems": -166,
        "period": "2025-04-30",
        "pretaxIncome": 103,
        "provisionforIncomeTaxes": 35,
        "researchDevelopment": 663,
        "revenue": 2240,
        "sgaExpense": 835,
        "totalOperatingExpense": 1498,
        "totalOtherIncomeExpenseNet": 0
      },
      {
        "costOfGoodsSold": 539,
        "dilutedAverageSharesOutstanding": 270.012,
        "dilutedEPS": 0.34,
        "ebit": 150,
        "grossIncome": 1672,
        "interestExpense": 28,
        "interestIncomeExpense": 44,
        "netIncome": 94,
        "netIncomeAfterTaxes": 94,
        "nonRecurringItems": -75,
        "period": "2025-01-31",
        "pretaxIncome": 120,
        "provisionforIncomeTaxes": 26,
        "researchDevelopment": 674,
        "revenue": 2211,
        "sgaExpense": 848,
        "totalOperatingExpense": 1522,
        "totalOtherIncomeExpenseNet": 1
      },
      {
        "costOfGoodsSold": 530,
        "dilutedAverageSharesOutstanding": 268.549,
        "dilutedEPS": 0.71,
        "ebit": 165,
        "grossIncome": 1630,
        "interestExpense": 29,
        "interestIncomeExpense": 60,
        "netIncome": 193,
        "netIncomeAfterTaxes": 193,
        "nonRecurringItems": 0,
        "period": "2024-10-31",
        "pretaxIncome": 227,
        "provisionforIncomeTaxes": 34,
        "researchDevelopment": 647,
        "revenue": 2160,
        "sgaExpense": 818,
        "totalOperatingExpense": 1465,
        "totalOtherIncomeExpenseNet": 2
      },
      {
        "costOfGoodsSold": 511,
        "dilutedAverageSharesOutstanding": 267.949,
        "dilutedEPS": 0.49,
        "ebit": 112,
        "grossIncome": 1574,
        "interestExpense": 28,
        "interestIncomeExpense": 57,
        "netIncome": 132,
        "netIncomeAfterTaxes": 132,
        "nonRecurringItems": -1,
        "period": "2024-07-31",
        "pretaxIncome": 168,
        "provisionforIncomeTaxes": 36,
        "researchDevelopment": 649,
        "revenue": 2085,
        "sgaExpense": 813,
        "totalOperatingExpense": 1462,
        "totalOtherIncomeExpenseNet": 0
      },
      {
        "costOfGoodsSold": 489,
        "dilutedAverageSharesOutstanding": 270.298,
        "dilutedEPS": 0.39,
        "ebit": 64,
        "grossIncome": 1501,
        "interestExpense": 29,
        "interestIncomeExpense": 56,
        "netIncome": 107,
        "netIncomeAfterTaxes": 107,
        "period": "2024-04-30",
        "pretaxIncome": 123,
        "provisionforIncomeTaxes": 16,
        "researchDevelopment": 656,
        "revenue": 1990,
        "sgaExpense": 781,
        "totalOperatingExpense": 1437,
        "totalOtherIncomeExpenseNet": 3
      },
      {
        "costOfGoodsSold": 460.216,
        "dilutedAverageSharesOutstanding": 268.879,
        "dilutedEPS": 4.42,
        "ebit": 78.688,
        "grossIncome": 1462.031,
        "interestExpense": 28.383,
        "interestIncomeExpense": 55.894,
        "netIncome": 1188.495,
        "netIncomeAfterTaxes": 1188.495,
        "period": "2024-01-31",
        "pretaxIncome": 138.036,
        "provisionforIncomeTaxes": -1050.459,
        "researchDevelopment": 635.13,
        "revenue": 1922.247,
        "sgaExpense": 748.213,
        "totalOperatingExpense": 1383.343,
        "totalOtherIncomeExpenseNet": 3.454
      },
      {
        "costOfGoodsSold": 445.24,
        "dilutedAverageSharesOutstanding": 266.377,
        "dilutedEPS": 0.42,
        "ebit": 87.855,
        "grossIncome": 1420.435,
        "interestExpense": 28.535,
        "interestIncomeExpense": 37.1,
        "netIncome": 113.709,
        "netIncomeAfterTaxes": 113.709,
        "period": "2023-10-31",
        "pretaxIncome": 129.243,
        "provisionforIncomeTaxes": 15.534,
        "researchDevelopment": 618.736,
        "revenue": 1865.675,
        "sgaExpense": 713.844,
        "totalOperatingExpense": 1332.58,
        "totalOtherIncomeExpenseNet": 4.288
      },
      {
        "costOfGoodsSold": 448.1,
        "dilutedAverageSharesOutstanding": 264.4,
        "dilutedEPS": 0.29,
        "ebit": 36.3,
        "grossIncome": 1338.7,
        "interestExpense": 28.536,
        "interestIncomeExpense": 41.5,
        "netIncome": 78.7,
        "netIncomeAfterTaxes": 78.7,
        "period": "2023-07-31",
        "pretaxIncome": 81.8,
        "provisionforIncomeTaxes": 3.2,
        "researchDevelopment": 609.7,
        "revenue": 1786.8,
        "sgaExpense": 692.7,
        "totalOperatingExpense": 1302.4,
        "totalOtherIncomeExpenseNet": 4.1
      },
      {
        "costOfGoodsSold": 417.4,
        "dilutedAverageSharesOutstanding": 263.7,
        "dilutedEPS": 0,
        "ebit": -19.8,
        "grossIncome": 1266.9,
        "interestExpense": 28.546,
        "interestIncomeExpense": 27.5,
        "netIncome": 0.1,
        "netIncomeAfterTaxes": 0.1,
        "period": "2023-04-30",
        "pretaxIncome": 6.9,
        "provisionforIncomeTaxes": 6.8,
        "researchDevelopment": 600.5,
        "revenue": 1684.3,
        "sgaExpense": 686.2,
        "totalOperatingExpense": 1286.7,
        "totalOtherIncomeExpenseNet": -0.7
      },
      {
        "costOfGoodsSold": 453.5,
        "dilutedAverageSharesOutstanding": 257.4,
        "dilutedEPS": -0.49,
        "ebit": -89,
        "grossIncome": 1192.8,
        "interestExpense": 28.549,
        "interestIncomeExpense": 11.3,
        "netIncome": -125.7,
        "netIncomeAfterTaxes": -125.7,
        "period": "2023-01-31",
        "pretaxIncome": -77.9,
        "provisionforIncomeTaxes": 47.8,
        "researchDevelopment": 615.6,
        "revenue": 1646.3,
        "sgaExpense": 666.2,
        "totalOperatingExpense": 1281.7,
        "totalOtherIncomeExpenseNet": -0.2
      },
      {
        "costOfGoodsSold": 435.8,
        "dilutedAverageSharesOutstanding": 255.8,
        "dilutedEPS": -0.29,
        "ebit": -26.3,
        "grossIncome": 1163.3,
        "interestExpense": 29.626,
        "interestIncomeExpense": 1.5,
        "netIncome": -74.7,
        "netIncomeAfterTaxes": -74.7,
        "period": "2022-10-31",
        "pretaxIncome": -22.2,
        "provisionforIncomeTaxes": 52.6,
        "researchDevelopment": 565.7,
        "revenue": 1599.1,
        "sgaExpense": 623.9,
        "totalOperatingExpense": 1189.6,
        "totalOtherIncomeExpenseNet": 2.7
      },
      {
        "costOfGoodsSold": 423.1,
        "dilutedAverageSharesOutstanding": 254.4,
        "dilutedEPS": -0.25,
        "ebit": -34.1,
        "grossIncome": 1112.7,
        "interestExpense": 30.16,
        "interestIncomeExpense": -31.5,
        "netIncome": -64.2,
        "netIncomeAfterTaxes": -64.2,
        "period": "2022-07-31",
        "pretaxIncome": -66.9,
        "provisionforIncomeTaxes": -2.7,
        "researchDevelopment": 547.8,
        "revenue": 1535.8,
        "sgaExpense": 599,
        "totalOperatingExpense": 1146.8,
        "totalOtherIncomeExpenseNet": -1.3
      },
      {
        "costOfGoodsSold": 402.8,
        "dilutedAverageSharesOutstanding": 251.7,
        "dilutedEPS": -0.41,
        "ebit": -72.8,
        "grossIncome": 1031.8,
        "interestExpense": 14.018,
        "interestIncomeExpense": -18.5,
        "netIncome": -102.2,
        "netIncomeAfterTaxes": -102.2,
        "period": "2022-04-30",
        "pretaxIncome": -93,
        "provisionforIncomeTaxes": 9.2,
        "researchDevelopment": 541.5,
        "revenue": 1434.7,
        "sgaExpense": 563.2,
        "totalOperatingExpense": 1104.7,
        "totalOtherIncomeExpenseNet": -1.7
      },
      {
        "costOfGoodsSold": 389.8,
        "dilutedAverageSharesOutstanding": 250,
        "dilutedEPS": -0.29,
        "ebit": -101,
        "grossIncome": 986.3,
        "interestExpense": 4.075,
        "interestIncomeExpense": -3,
        "netIncome": -73.3,
        "netIncomeAfterTaxes": -73.3,
        "period": "2022-01-31",
        "pretaxIncome": -83.8,
        "provisionforIncomeTaxes": -10.6,
        "researchDevelopment": 537.7,
        "revenue": 1376.1,
        "sgaExpense": 549.6,
        "totalOperatingExpense": 1087.3,
        "totalOtherIncomeExpenseNet": 20.2
      },
      {
        "costOfGoodsSold": 359.7,
        "dilutedAverageSharesOutstanding": 312,
        "dilutedEPS": 0.13,
        "ebit": 23.9,
        "grossIncome": 967.5,
        "interestExpense": 4.16,
        "interestIncomeExpense": -3,
        "netIncome": 43.4,
        "netIncomeAfterTaxes": 43.4,
        "period": "2021-10-31",
        "pretaxIncome": 45.5,
        "provisionforIncomeTaxes": 2.1,
        "researchDevelopment": 455.6,
        "revenue": 1327.3,
        "sgaExpense": 488,
        "totalOperatingExpense": 943.6,
        "totalOtherIncomeExpenseNet": 24.5
      },
      {
        "costOfGoodsSold": 345.5,
        "dilutedAverageSharesOutstanding": 317.9,
        "dilutedEPS": 0.33,
        "ebit": -1.1,
        "grossIncome": 914.8,
        "interestExpense": 4.19,
        "interestIncomeExpense": -2.9,
        "netIncome": 105.7,
        "netIncomeAfterTaxes": 105.7,
        "period": "2021-07-31",
        "pretaxIncome": 101.9,
        "provisionforIncomeTaxes": -3.9,
        "researchDevelopment": 444.3,
        "revenue": 1260.4,
        "sgaExpense": 471.7,
        "totalOperatingExpense": 916,
        "totalOtherIncomeExpenseNet": 105.8
      },
      {
        "costOfGoodsSold": 333.1,
        "dilutedAverageSharesOutstanding": 243.7,
        "dilutedEPS": -0.19,
        "ebit": -38.3,
        "grossIncome": 842,
        "interestExpense": 4.177,
        "interestIncomeExpense": -2.2,
        "netIncome": -46.5,
        "netIncomeAfterTaxes": -46.5,
        "period": "2021-04-30",
        "pretaxIncome": -47.4,
        "provisionforIncomeTaxes": -0.8,
        "researchDevelopment": 441.6,
        "revenue": 1175,
        "sgaExpense": 438.7,
        "totalOperatingExpense": 880.2,
        "totalOtherIncomeExpenseNet": -6.9
      },
      {
        "costOfGoodsSold": 313,
        "dilutedAverageSharesOutstanding": 241,
        "dilutedEPS": -0.3,
        "ebit": -73.3,
        "grossIncome": 818.6,
        "interestExpense": 15.595,
        "interestIncomeExpense": -13.3,
        "netIncome": -71.7,
        "netIncomeAfterTaxes": -71.7,
        "period": "2021-01-31",
        "pretaxIncome": -68.6,
        "provisionforIncomeTaxes": 3.1,
        "researchDevelopment": 439.1,
        "revenue": 1131.7,
        "sgaExpense": 452.9,
        "totalOperatingExpense": 892,
        "totalOtherIncomeExpenseNet": 18
      },
      {
        "costOfGoodsSold": 295.2,
        "dilutedAverageSharesOutstanding": 238.1,
        "dilutedEPS": -0.1,
        "ebit": -14.1,
        "grossIncome": 810.8,
        "interestExpense": 16.37,
        "interestIncomeExpense": -12.8,
        "netIncome": -24.3,
        "netIncomeAfterTaxes": -24.3,
        "period": "2020-10-31",
        "pretaxIncome": -22.9,
        "provisionforIncomeTaxes": 1.4,
        "researchDevelopment": 420,
        "revenue": 1106,
        "sgaExpense": 404.9,
        "totalOperatingExpense": 824.8,
        "totalOtherIncomeExpenseNet": 3.9
      },
      {
        "costOfGoodsSold": 284.3,
        "dilutedAverageSharesOutstanding": 236,
        "dilutedEPS": -0.12,
        "ebit": -16.8,
        "grossIncome": 777.7,
        "interestExpense": 19.302,
        "interestIncomeExpense": -14.3,
        "netIncome": -28,
        "netIncomeAfterTaxes": -28,
        "period": "2020-07-31",
        "pretaxIncome": -28.2,
        "provisionforIncomeTaxes": -0.2,
        "researchDevelopment": 418.7,
        "revenue": 1062,
        "sgaExpense": 375.8,
        "totalOperatingExpense": 794.4,
        "totalOtherIncomeExpenseNet": 2.9
      },
      {
        "costOfGoodsSold": 305.6,
        "dilutedAverageSharesOutstanding": 232.9,
        "dilutedEPS": -0.68,
        "ebit": -144.5,
        "grossIncome": 712.8,
        "interestExpense": 17.539,
        "interestIncomeExpense": -4.3,
        "netIncome": -158.4,
        "netIncomeAfterTaxes": -158.4,
        "period": "2020-04-30",
        "pretaxIncome": -155.4,
        "provisionforIncomeTaxes": 2.9,
        "researchDevelopment": 443.5,
        "revenue": 1018.4,
        "sgaExpense": 413.7,
        "totalOperatingExpense": 857.2,
        "totalOtherIncomeExpenseNet": -6.7
      },
      {
        "costOfGoodsSold": 284.8,
        "dilutedAverageSharesOutstanding": 230.5,
        "dilutedEPS": -0.56,
        "ebit": -146.1,
        "grossIncome": 691.5,
        "interestExpense": 16.406,
        "interestIncomeExpense": -6.8,
        "netIncome": -128,
        "netIncomeAfterTaxes": -128,
        "period": "2020-01-31",
        "pretaxIncome": -129.2,
        "provisionforIncomeTaxes": -1.3,
        "researchDevelopment": 422.2,
        "revenue": 976.3,
        "sgaExpense": 415.4,
        "totalOperatingExpense": 837.6,
        "totalOtherIncomeExpenseNet": 23.6
      },
      {
        "costOfGoodsSold": 270.9,
        "dilutedAverageSharesOutstanding": 228.5,
        "dilutedEPS": -0.51,
        "ebit": -110.3,
        "grossIncome": 667.2,
        "interestExpense": 16.205,
        "interestIncomeExpense": -7.1,
        "netIncome": -115.7,
        "netIncomeAfterTaxes": -115.7,
        "period": "2019-10-31",
        "pretaxIncome": -114.4,
        "provisionforIncomeTaxes": 1.3,
        "researchDevelopment": 401.7,
        "revenue": 938.1,
        "sgaExpense": 375.7,
        "totalOperatingExpense": 777.5,
        "totalOtherIncomeExpenseNet": 3
      },
      {
        "costOfGoodsSold": 266.3,
        "dilutedAverageSharesOutstanding": 226.4,
        "dilutedEPS": -0.53,
        "ebit": -122.5,
        "grossIncome": 621.4,
        "interestExpense": 14.473,
        "interestIncomeExpense": -12.2,
        "netIncome": -120.7,
        "netIncomeAfterTaxes": -120.7,
        "period": "2019-07-31",
        "pretaxIncome": -122.6,
        "provisionforIncomeTaxes": -1.9,
        "researchDevelopment": 378.1,
        "revenue": 887.8,
        "sgaExpense": 365.8,
        "totalOperatingExpense": 743.9,
        "totalOtherIncomeExpenseNet": 12.1
      },
      {
        "costOfGoodsSold": 243.2,
        "dilutedAverageSharesOutstanding": 223.3,
        "dilutedEPS": -0.52,
        "ebit": -123.4,
        "grossIncome": 581.8,
        "interestExpense": 11.601,
        "interestIncomeExpense": 1.1,
        "netIncome": -116.3,
        "netIncomeAfterTaxes": -116.3,
        "period": "2019-04-30",
        "pretaxIncome": -116.2,
        "provisionforIncomeTaxes": 0,
        "researchDevelopment": 347.8,
        "revenue": 825.1,
        "sgaExpense": 357.4,
        "totalOperatingExpense": 705.2,
        "totalOtherIncomeExpenseNet": 6
      },
      {
        "costOfGoodsSold": 233.7,
        "dilutedAverageSharesOutstanding": 220.4,
        "dilutedEPS": -0.47,
        "ebit": -120.3,
        "grossIncome": 554.9,
        "interestExpense": 12.044,
        "interestIncomeExpense": -5,
        "netIncome": -104.4,
        "netIncomeAfterTaxes": -104.4,
        "period": "2019-01-31",
        "pretaxIncome": -105.1,
        "provisionforIncomeTaxes": -0.8,
        "researchDevelopment": 337.4,
        "revenue": 788.6,
        "sgaExpense": 337.8,
        "totalOperatingExpense": 675.2,
        "totalOtherIncomeExpenseNet": 20.1
      },
      {
        "costOfGoodsSold": 223,
        "dilutedAverageSharesOutstanding": 217.7,
        "dilutedEPS": -0.7,
        "ebit": -182.8,
        "grossIncome": 520.2,
        "interestExpense": 12.348,
        "interestIncomeExpense": -2.9,
        "netIncome": -153.3,
        "netIncomeAfterTaxes": -153.3,
        "period": "2018-10-31",
        "pretaxIncome": -156.1,
        "provisionforIncomeTaxes": -2.8,
        "researchDevelopment": 318,
        "revenue": 743.2,
        "sgaExpense": 384.9,
        "totalOperatingExpense": 702.9,
        "totalOtherIncomeExpenseNet": 29.5
      },
      {
        "costOfGoodsSold": 200.2,
        "dilutedAverageSharesOutstanding": 215.9,
        "dilutedEPS": -0.4,
        "ebit": -89,
        "grossIncome": 471.5,
        "interestExpense": 17.515,
        "interestIncomeExpense": -0.9,
        "netIncome": -86.2,
        "netIncomeAfterTaxes": -86.2,
        "period": "2018-07-31",
        "pretaxIncome": -87.4,
        "provisionforIncomeTaxes": -1.2,
        "researchDevelopment": 292.8,
        "revenue": 671.7,
        "sgaExpense": 267.6,
        "totalOperatingExpense": 560.5,
        "totalOtherIncomeExpenseNet": 2.6
      },
      {
        "costOfGoodsSold": 178,
        "dilutedAverageSharesOutstanding": 213.1,
        "dilutedEPS": -0.35,
        "ebit": -71.3,
        "grossIncome": 440.7,
        "interestExpense": 18.302,
        "interestIncomeExpense": -4.3,
        "netIncome": -74.4,
        "netIncomeAfterTaxes": -74.4,
        "period": "2018-04-30",
        "pretaxIncome": -75.1,
        "provisionforIncomeTaxes": -0.7,
        "researchDevelopment": 263.6,
        "revenue": 618.6,
        "sgaExpense": 248.4,
        "totalOperatingExpense": 511.9,
        "totalOtherIncomeExpenseNet": 0.4
      },
      {
        "costOfGoodsSold": 171,
        "dilutedAverageSharesOutstanding": 211,
        "dilutedEPS": -0.42,
        "ebit": -81.3,
        "grossIncome": 411.5,
        "interestExpense": 18.438,
        "interestIncomeExpense": -12.5,
        "netIncome": -89.1,
        "netIncomeAfterTaxes": -99.2,
        "nonRecurringItems": -0.6,
        "period": "2018-01-31",
        "pretaxIncome": -88.4,
        "provisionforIncomeTaxes": 10.7,
        "researchDevelopment": 253.5,
        "revenue": 582.5,
        "sgaExpense": 239.4,
        "totalOperatingExpense": 492.8,
        "totalOtherIncomeExpenseNet": 6
      },
      {
        "costOfGoodsSold": 163.6,
        "dilutedAverageSharesOutstanding": 209.2,
        "dilutedEPS": -0.41,
        "ebit": -80.1,
        "grossIncome": 391.8,
        "interestExpense": 12.285,
        "interestIncomeExpense": -4.9,
        "netIncome": -85.5,
        "netIncomeAfterTaxes": -85.5,
        "nonRecurringItems": -0.1,
        "period": "2017-10-31",
        "pretaxIncome": -83.8,
        "provisionforIncomeTaxes": 1.7,
        "researchDevelopment": 239.6,
        "revenue": 555.4,
        "sgaExpense": 232.3,
        "totalOperatingExpense": 471.8,
        "totalOtherIncomeExpenseNet": 1.2
      },
      {
        "costOfGoodsSold": 158.2,
        "dilutedAverageSharesOutstanding": 207,
        "dilutedEPS": -0.4,
        "ebit": -81.6,
        "grossIncome": 367.1,
        "interestExpense": 6.84,
        "interestIncomeExpense": -3.9,
        "netIncome": -82.5,
        "netIncomeAfterTaxes": -82.5,
        "nonRecurringItems": 0,
        "period": "2017-07-31",
        "pretaxIncome": -80.7,
        "provisionforIncomeTaxes": 1.8,
        "researchDevelopment": 221.1,
        "revenue": 525.3,
        "sgaExpense": 227.7,
        "totalOperatingExpense": 448.7,
        "totalOtherIncomeExpenseNet": 4.8
      },
      {
        "costOfGoodsSold": 136.7,
        "dilutedAverageSharesOutstanding": 203.8,
        "dilutedEPS": -0.31,
        "ebit": -60.2,
        "grossIncome": 343.2,
        "interestExpense": 6.986,
        "interestIncomeExpense": -3,
        "netIncome": -64,
        "netIncomeAfterTaxes": -64,
        "period": "2017-04-30",
        "pretaxIncome": -61.9,
        "provisionforIncomeTaxes": 2.2,
        "researchDevelopment": 196.4,
        "revenue": 479.9,
        "sgaExpense": 206.9,
        "totalOperatingExpense": 403.4,
        "totalOtherIncomeExpenseNet": 1.3
      },
      {
        "costOfGoodsSold": 130.2,
        "dilutedAverageSharesOutstanding": 201.6,
        "dilutedEPS": -0.44,
        "ebit": -88.9,
        "grossIncome": 309.4,
        "interestExpense": 6.952,
        "interestIncomeExpense": -3.6,
        "netIncome": -88.3,
        "netIncomeAfterTaxes": -88.3,
        "nonRecurringItems": 0,
        "period": "2017-01-31",
        "pretaxIncome": -91.2,
        "provisionforIncomeTaxes": -3,
        "researchDevelopment": 191.6,
        "revenue": 439.6,
        "sgaExpense": 206.8,
        "totalOperatingExpense": 398.3,
        "totalOtherIncomeExpenseNet": 1.3
      },
      {
        "costOfGoodsSold": 126.9,
        "dilutedAverageSharesOutstanding": 199.5,
        "dilutedEPS": -0.55,
        "ebit": -105.9,
        "grossIncome": 286.6,
        "interestExpense": 7.206,
        "interestIncomeExpense": -3.2,
        "netIncome": -110.1,
        "netIncomeAfterTaxes": -110.1,
        "nonRecurringItems": 0,
        "period": "2016-10-31",
        "pretaxIncome": -109,
        "provisionforIncomeTaxes": 1.1,
        "researchDevelopment": 185.3,
        "revenue": 413.5,
        "sgaExpense": 207.3,
        "totalOperatingExpense": 392.6,
        "totalOtherIncomeExpenseNet": 0.1
      },
      {
        "costOfGoodsSold": 117.9,
        "dilutedAverageSharesOutstanding": 197.2,
        "dilutedEPS": -0.55,
        "ebit": -86.7,
        "grossIncome": 255.8,
        "interestExpense": 7.914,
        "interestIncomeExpense": -3.9,
        "netIncome": -107.8,
        "netIncomeAfterTaxes": -107.8,
        "nonRecurringItems": -15,
        "period": "2016-07-31",
        "pretaxIncome": -107.9,
        "provisionforIncomeTaxes": -0.1,
        "researchDevelopment": 161.9,
        "revenue": 373.7,
        "sgaExpense": 180.6,
        "totalOperatingExpense": 342.4,
        "totalOtherIncomeExpenseNet": -2.3
      },
      {
        "costOfGoodsSold": 108.6,
        "dilutedAverageSharesOutstanding": 194.5,
        "dilutedEPS": -0.4,
        "ebit": -71.5,
        "grossIncome": 239.1,
        "interestExpense": 8.031,
        "interestIncomeExpense": -7.1,
        "netIncome": -78.5,
        "netIncomeAfterTaxes": -78.5,
        "period": "2016-04-30",
        "pretaxIncome": -77.4,
        "provisionforIncomeTaxes": 1.1,
        "researchDevelopment": 141.8,
        "revenue": 347.7,
        "sgaExpense": 168.8,
        "totalOperatingExpense": 310.6,
        "totalOtherIncomeExpenseNet": 1.3
      },
      {
        "costOfGoodsSold": 102.7,
        "dilutedAverageSharesOutstanding": 192.5,
        "dilutedEPS": -0.34,
        "ebit": -58.6,
        "grossIncome": 215.1,
        "interestExpense": 8.094,
        "interestIncomeExpense": -6.3,
        "netIncome": -66.3,
        "netIncomeAfterTaxes": -66.3,
        "period": "2016-01-31",
        "pretaxIncome": -65.1,
        "provisionforIncomeTaxes": 1.2,
        "researchDevelopment": 131.2,
        "revenue": 317.8,
        "sgaExpense": 142.4,
        "totalOperatingExpense": 273.6,
        "totalOtherIncomeExpenseNet": -0.2
      },
      {
        "costOfGoodsSold": 101.8,
        "dilutedAverageSharesOutstanding": 190.7,
        "dilutedEPS": -0.41,
        "ebit": -70.2,
        "grossIncome": 203.5,
        "interestExpense": 8.001,
        "interestIncomeExpense": -6.9,
        "netIncome": -77.8,
        "netIncomeAfterTaxes": -77.8,
        "period": "2015-10-31",
        "pretaxIncome": -76.9,
        "provisionforIncomeTaxes": 0.9,
        "researchDevelopment": 124,
        "revenue": 305.3,
        "sgaExpense": 149.7,
        "totalOperatingExpense": 273.6,
        "totalOtherIncomeExpenseNet": 0.2
      }
    ],
    "symbol": "WDAY"
  }
}