{
  "symbol": "NTRS",
  "statement": "ic",
  "frequency": "annual",
  "timestamp": "2025-09-19T14:04:45.260527",
  "data": {
    "financials": [
      {
        "costOfGoodsSold": 6825.5,
        "depreciationAmortization": 597.6,
        "dilutedAverageSharesOutstanding": 201.8701,
        "dilutedEPS": 9.7706,
        "ebit": 2836.6,
        "grossIncome": 8290.4,
        "netIncome": 1972.4,
        "netIncomeAfterTaxes": 2031.1,
        "nonRecurringItems": -177.1,
        "otherOperatingExpensesTotal": 1227.2,
        "period": "2024-12-31",
        "pretaxIncome": 2659.5,
        "provisionforIncomeTaxes": 628.4,
        "revenue": 15115.9,
        "sgaExpense": 3629,
        "totalOperatingExpense": 5453.8,
        "year": 2024
      },
      {
        "costOfGoodsSold": 4483.3,
        "depreciationAmortization": 509.4,
        "dilutedAverageSharesOutstanding": 207.5638,
        "dilutedEPS": 5.0775,
        "ebit": 1586.1,
        "grossIncome": 6773.5,
        "netIncome": 1053.9,
        "netIncomeAfterTaxes": 1107.3,
        "nonRecurringItems": -121.3,
        "otherOperatingExpensesTotal": 1209.5,
        "period": "2023-12-31",
        "pretaxIncome": 1464.8,
        "provisionforIncomeTaxes": 357.5,
        "revenue": 11256.8,
        "sgaExpense": 3468.5,
        "totalOperatingExpense": 5187.4,
        "year": 2023
      },
      {
        "costOfGoodsSold": 727.6,
        "depreciationAmortization": 9.3,
        "dilutedAverageSharesOutstanding": 208.9,
        "dilutedEPS": 6.14,
        "ebit": 1810.4,
        "grossIncome": 6761.2,
        "netIncome": 1282.4,
        "netIncomeAfterTaxes": 1336,
        "nonRecurringItems": -44.1,
        "otherOperatingExpensesTotal": 1131,
        "period": "2022-12-31",
        "pretaxIncome": 1766.3,
        "provisionforIncomeTaxes": 430.3,
        "revenue": 7488.8,
        "sgaExpense": 3810.5,
        "totalOperatingExpense": 4950.8,
        "year": 2022
      },
      {
        "costOfGoodsSold": -59.8,
        "depreciationAmortization": 14.8,
        "dilutedAverageSharesOutstanding": 208.9,
        "dilutedEPS": 7.14,
        "ebit": 2038,
        "grossIncome": 6464.5,
        "netIncome": 1490.6,
        "netIncomeAfterTaxes": 1545.3,
        "nonRecurringItems": -27.9,
        "otherOperatingExpensesTotal": 952.8,
        "period": "2021-12-31",
        "pretaxIncome": 2010.1,
        "provisionforIncomeTaxes": 464.8,
        "revenue": 6404.7,
        "sgaExpense": 3458.9,
        "totalOperatingExpense": 4426.5,
        "year": 2021
      },
      {
        "costOfGoodsSold": 55.8,
        "depreciationAmortization": 16.9,
        "dilutedAverageSharesOutstanding": 209,
        "dilutedEPS": 5.46,
        "ebit": 1627.6,
        "grossIncome": 6100.8,
        "netIncome": 1141,
        "netIncomeAfterTaxes": 1209.3,
        "otherOperatingExpensesTotal": 1129.3,
        "period": "2020-12-31",
        "pretaxIncome": 1627.6,
        "provisionforIncomeTaxes": 418.3,
        "revenue": 6156.6,
        "sgaExpense": 3327,
        "totalOperatingExpense": 4473.2,
        "year": 2020
      },
      {
        "costOfGoodsSold": 529.4,
        "depreciationAmortization": 16.6,
        "dilutedAverageSharesOutstanding": 215.6,
        "dilutedEPS": 6.63,
        "ebit": 1944.1,
        "grossIncome": 6073.1,
        "netIncome": 1428.9,
        "netIncomeAfterTaxes": 1492.2,
        "otherOperatingExpensesTotal": 926.2,
        "period": "2019-12-31",
        "pretaxIncome": 1944.1,
        "provisionforIncomeTaxes": 451.9,
        "revenue": 6602.5,
        "sgaExpense": 3186.2,
        "totalOperatingExpense": 4129,
        "year": 2019
      },
      {
        "costOfGoodsSold": 450.2,
        "depreciationAmortization": 17.4,
        "dilutedAverageSharesOutstanding": 224.5,
        "dilutedEPS": 6.62,
        "ebit": 1975.9,
        "grossIncome": 5960.2,
        "netIncome": 1489.9,
        "netIncomeAfterTaxes": 1551.6,
        "nonRecurringItems": -18.1,
        "otherOperatingExpensesTotal": 898.2,
        "period": "2018-12-31",
        "pretaxIncome": 1957.8,
        "provisionforIncomeTaxes": 406.2,
        "revenue": 6410.4,
        "sgaExpense": 3068.7,
        "totalOperatingExpense": 3984.3,
        "year": 2018
      },
      {
        "costOfGoodsSold": 203.4,
        "depreciationAmortization": 11.4,
        "dilutedAverageSharesOutstanding": 229.7,
        "dilutedEPS": 4.92,
        "ebit": 1677.7,
        "grossIncome": 5375.3,
        "netIncome": 1130.4,
        "netIncomeAfterTaxes": 1145.9,
        "nonRecurringItems": -43.8,
        "otherOperatingExpensesTotal": 822.4,
        "period": "2017-12-31",
        "pretaxIncome": 1633.9,
        "provisionforIncomeTaxes": 488,
        "revenue": 5578.7,
        "sgaExpense": 2863.8,
        "totalOperatingExpense": 3697.6,
        "year": 2017
      },
      {
        "costOfGoodsSold": 90.8,
        "depreciationAmortization": 8.8,
        "dilutedAverageSharesOutstanding": 229.2,
        "dilutedEPS": 4.32,
        "ebit": 1517.1,
        "grossIncome": 4961.8,
        "netIncome": 990.4,
        "netIncomeAfterTaxes": 1032.5,
        "otherOperatingExpensesTotal": 830.1,
        "period": "2016-12-31",
        "pretaxIncome": 1517.1,
        "provisionforIncomeTaxes": 484.6,
        "revenue": 5052.6,
        "sgaExpense": 2605.8,
        "totalOperatingExpense": 3444.7,
        "year": 2016
      },
      {
        "costOfGoodsSold": 77.7,
        "depreciationAmortization": 10.9,
        "dilutedAverageSharesOutstanding": 234.2,
        "dilutedEPS": 3.99,
        "ebit": 1465,
        "grossIncome": 4702.6,
        "netIncome": 935,
        "netIncomeAfterTaxes": 973.8,
        "otherOperatingExpensesTotal": 736.1,
        "period": "2015-12-31",
        "pretaxIncome": 1465,
        "provisionforIncomeTaxes": 491.2,
        "revenue": 4780.3,
        "sgaExpense": 2490.6,
        "totalOperatingExpense": 3237.6,
        "year": 2015
      }
    ],
    "symbol": "NTRS"
  }
}