{
  "symbol": "UAL",
  "statement": "ic",
  "frequency": "quarterly",
  "timestamp": "2025-09-19T14:07:58.809191",
  "data": {
    "financials": [
      {
        "costOfGoodsSold": 5344,
        "depreciationAmortization": 733,
        "dilutedAverageSharesOutstanding": 327.2,
        "dilutedEPS": 2.97,
        "ebit": 1772,
        "grossIncome": 9892,
        "interestExpense": 310,
        "interestIncomeExpense": -117,
        "netIncome": 973,
        "netIncomeAfterTaxes": 973,
        "nonRecurringItems": -447,
        "otherOperatingExpensesTotal": 2487,
        "period": "2025-06-30",
        "pretaxIncome": 1248,
        "provisionforIncomeTaxes": 275,
        "revenue": 15236,
        "sgaExpense": 4900,
        "totalOperatingExpense": 8120,
        "totalOtherIncomeExpenseNet": 40
      },
      {
        "costOfGoodsSold": 5006,
        "depreciationAmortization": 727,
        "dilutedAverageSharesOutstanding": 333,
        "dilutedEPS": 1.16,
        "ebit": 499,
        "grossIncome": 8207,
        "interestExpense": 308,
        "interestIncomeExpense": -165,
        "netIncome": 387,
        "netIncomeAfterTaxes": 387,
        "nonRecurringItems": 108,
        "otherOperatingExpensesTotal": 2330,
        "period": "2025-03-31",
        "pretaxIncome": 478,
        "provisionforIncomeTaxes": 91,
        "revenue": 13213,
        "sgaExpense": 4651,
        "totalOperatingExpense": 7708,
        "totalOtherIncomeExpenseNet": 36
      },
      {
        "costOfGoodsSold": 5099,
        "depreciationAmortization": 759,
        "dilutedAverageSharesOutstanding": 332.9,
        "dilutedEPS": 2.96,
        "ebit": 1571,
        "grossIncome": 9596,
        "interestExpense": 316,
        "interestIncomeExpense": -183,
        "netIncome": 985,
        "netIncomeAfterTaxes": 985,
        "nonRecurringItems": -68,
        "otherOperatingExpensesTotal": 2390,
        "period": "2024-12-31",
        "pretaxIncome": 1307,
        "provisionforIncomeTaxes": 322,
        "revenue": 14695,
        "sgaExpense": 4876,
        "totalOperatingExpense": 8025,
        "totalOtherIncomeExpenseNet": -13
      },
      {
        "costOfGoodsSold": 5340,
        "depreciationAmortization": 742,
        "dilutedAverageSharesOutstanding": 332.7,
        "dilutedEPS": 2.9,
        "ebit": 1560,
        "grossIncome": 9503,
        "interestExpense": 326,
        "interestIncomeExpense": -229,
        "netIncome": 965,
        "netIncomeAfterTaxes": 965,
        "nonRecurringItems": 5,
        "otherOperatingExpensesTotal": 2304,
        "period": "2024-09-30",
        "pretaxIncome": 1286,
        "provisionforIncomeTaxes": 321,
        "revenue": 14843,
        "sgaExpense": 4897,
        "totalOperatingExpense": 7943,
        "totalOtherIncomeExpenseNet": -50
      },
      {
        "costOfGoodsSold": 5367,
        "depreciationAmortization": 719,
        "dilutedAverageSharesOutstanding": 333.9,
        "dilutedEPS": 3.96,
        "ebit": 1965,
        "grossIncome": 9619,
        "interestExpense": 367,
        "interestIncomeExpense": -210,
        "netIncome": 1323,
        "netIncomeAfterTaxes": 1323,
        "nonRecurringItems": -36,
        "otherOperatingExpensesTotal": 2211,
        "period": "2024-06-30",
        "pretaxIncome": 1739,
        "provisionforIncomeTaxes": 416,
        "revenue": 14986,
        "sgaExpense": 4724,
        "totalOperatingExpense": 7654,
        "totalOtherIncomeExpenseNet": 20
      },
      {
        "costOfGoodsSold": 5159,
        "depreciationAmortization": 708,
        "dilutedAverageSharesOutstanding": 328.3,
        "dilutedEPS": -0.38,
        "ebit": 112,
        "grossIncome": 7380,
        "interestExpense": 393,
        "interestIncomeExpense": -253,
        "netIncome": -124,
        "netIncomeAfterTaxes": -124,
        "nonRecurringItems": -13,
        "otherOperatingExpensesTotal": 2148,
        "period": "2024-03-31",
        "pretaxIncome": -164,
        "provisionforIncomeTaxes": -40,
        "revenue": 12539,
        "sgaExpense": 4412,
        "totalOperatingExpense": 7268,
        "totalOtherIncomeExpenseNet": -10
      },
      {
        "costOfGoodsSold": 5412,
        "depreciationAmortization": 684,
        "dilutedAverageSharesOutstanding": 332.2,
        "dilutedEPS": 1.81,
        "ebit": 1045,
        "grossIncome": 8214,
        "interestExpense": 430,
        "interestIncomeExpense": -250,
        "netIncome": 600,
        "netIncomeAfterTaxes": 600,
        "nonRecurringItems": -47,
        "otherOperatingExpensesTotal": 2073,
        "period": "2023-12-31",
        "pretaxIncome": 771,
        "provisionforIncomeTaxes": 171,
        "revenue": 13626,
        "sgaExpense": 4412,
        "totalOperatingExpense": 7169,
        "totalOtherIncomeExpenseNet": 23
      },
      {
        "costOfGoodsSold": 5465,
        "depreciationAmortization": 663,
        "dilutedAverageSharesOutstanding": 332.4,
        "dilutedEPS": 3.42,
        "ebit": 1768,
        "grossIncome": 9019,
        "interestExpense": 445,
        "interestIncomeExpense": -265,
        "netIncome": 1137,
        "netIncomeAfterTaxes": 1137,
        "nonRecurringItems": -29,
        "otherOperatingExpensesTotal": 2158,
        "period": "2023-09-30",
        "pretaxIncome": 1485,
        "provisionforIncomeTaxes": 348,
        "revenue": 14484,
        "sgaExpense": 4430,
        "totalOperatingExpense": 7251,
        "totalOtherIncomeExpenseNet": 11
      },
      {
        "costOfGoodsSold": 4919,
        "depreciationAmortization": 669,
        "dilutedAverageSharesOutstanding": 331.5,
        "dilutedEPS": 3.24,
        "ebit": 2376,
        "grossIncome": 9259,
        "interestExpense": 451,
        "interestIncomeExpense": -151,
        "netIncome": 1075,
        "netIncomeAfterTaxes": 1075,
        "nonRecurringItems": -859,
        "otherOperatingExpensesTotal": 2017,
        "period": "2023-06-30",
        "pretaxIncome": 1387,
        "provisionforIncomeTaxes": 312,
        "revenue": 14178,
        "sgaExpense": 4197,
        "totalOperatingExpense": 6883,
        "totalOtherIncomeExpenseNet": 21
      },
      {
        "costOfGoodsSold": 5264,
        "depreciationAmortization": 655,
        "dilutedAverageSharesOutstanding": 327.4,
        "dilutedEPS": -0.59,
        "ebit": -29,
        "grossIncome": 6165,
        "interestExpense": 448,
        "interestIncomeExpense": -254,
        "netIncome": -194,
        "netIncomeAfterTaxes": -194,
        "nonRecurringItems": -14,
        "otherOperatingExpensesTotal": 1814,
        "period": "2023-03-31",
        "pretaxIncome": -256,
        "provisionforIncomeTaxes": -62,
        "revenue": 11429,
        "sgaExpense": 3725,
        "totalOperatingExpense": 6194,
        "totalOtherIncomeExpenseNet": 41
      },
      {
        "costOfGoodsSold": 5204,
        "depreciationAmortization": 624,
        "dilutedAverageSharesOutstanding": 341.8,
        "dilutedEPS": 2.47,
        "ebit": 1393,
        "grossIncome": 7196,
        "interestExpense": 447,
        "interestIncomeExpense": -259,
        "netIncome": 843,
        "netIncomeAfterTaxes": 843,
        "nonRecurringItems": -16,
        "otherOperatingExpensesTotal": 1745,
        "period": "2022-12-31",
        "pretaxIncome": 1130,
        "provisionforIncomeTaxes": 287,
        "revenue": 12400,
        "sgaExpense": 3434,
        "totalOperatingExpense": 5803,
        "totalOtherIncomeExpenseNet": 12
      },
      {
        "costOfGoodsSold": 5674,
        "depreciationAmortization": 610,
        "dilutedAverageSharesOutstanding": 329.5,
        "dilutedEPS": 2.86,
        "ebit": 1478,
        "grossIncome": 7203,
        "interestExpense": 428,
        "interestIncomeExpense": -296,
        "netIncome": 942,
        "netIncomeAfterTaxes": 942,
        "nonRecurringItems": -20,
        "otherOperatingExpensesTotal": 1790,
        "period": "2022-09-30",
        "pretaxIncome": 1153,
        "provisionforIncomeTaxes": 211,
        "revenue": 12877,
        "sgaExpense": 3325,
        "totalOperatingExpense": 5725,
        "totalOtherIncomeExpenseNet": -9
      },
      {
        "costOfGoodsSold": 5640,
        "depreciationAmortization": 611,
        "dilutedAverageSharesOutstanding": 330.3,
        "dilutedEPS": 1,
        "ebit": 990,
        "grossIncome": 6472,
        "interestExpense": 398,
        "interestIncomeExpense": -405,
        "netIncome": 329,
        "netIncomeAfterTaxes": 329,
        "nonRecurringItems": -112,
        "otherOperatingExpensesTotal": 1642,
        "period": "2022-06-30",
        "pretaxIncome": 459,
        "provisionforIncomeTaxes": 130,
        "revenue": 12112,
        "sgaExpense": 3229,
        "totalOperatingExpense": 5482,
        "totalOtherIncomeExpenseNet": -14
      },
      {
        "costOfGoodsSold": 3875,
        "depreciationAmortization": 611,
        "dilutedAverageSharesOutstanding": 325,
        "dilutedEPS": -4.24,
        "ebit": -1384,
        "grossIncome": 3691,
        "interestExpense": 400,
        "interestIncomeExpense": -395,
        "netIncome": -1377,
        "netIncomeAfterTaxes": -1377,
        "nonRecurringItems": 8,
        "otherOperatingExpensesTotal": 1451,
        "period": "2022-03-31",
        "pretaxIncome": -1752,
        "provisionforIncomeTaxes": -375,
        "revenue": 7566,
        "sgaExpense": 3013,
        "totalOperatingExpense": 5075,
        "totalOtherIncomeExpenseNet": 19
      },
      {
        "costOfGoodsSold": 3706,
        "depreciationAmortization": 619,
        "dilutedAverageSharesOutstanding": 323.7,
        "dilutedEPS": -2,
        "ebit": -352,
        "grossIncome": 4486,
        "interestExpense": 406,
        "interestIncomeExpense": -525,
        "netIncome": -646,
        "netIncomeAfterTaxes": -646,
        "nonRecurringItems": -56,
        "otherOperatingExpensesTotal": 1405,
        "period": "2021-12-31",
        "pretaxIncome": -845,
        "provisionforIncomeTaxes": -199,
        "revenue": 8192,
        "sgaExpense": 2814,
        "totalOperatingExpense": 4838,
        "totalOtherIncomeExpenseNet": 88
      },
      {
        "costOfGoodsSold": 3286,
        "depreciationAmortization": 623,
        "dilutedAverageSharesOutstanding": 329,
        "dilutedEPS": 1.44,
        "ebit": -61,
        "grossIncome": 4464,
        "interestExpense": 431,
        "interestIncomeExpense": -454,
        "netIncome": 473,
        "netIncomeAfterTaxes": 473,
        "nonRecurringItems": 1098,
        "otherOperatingExpensesTotal": 1197,
        "period": "2021-09-30",
        "pretaxIncome": 603,
        "provisionforIncomeTaxes": 130,
        "revenue": 7750,
        "sgaExpense": 2705,
        "totalOperatingExpense": 4525,
        "totalOtherIncomeExpenseNet": 20
      },
      {
        "costOfGoodsSold": 2697,
        "depreciationAmortization": 620,
        "dilutedAverageSharesOutstanding": 323.6,
        "dilutedEPS": -1.34,
        "ebit": -1218,
        "grossIncome": 2774,
        "interestExpense": 404,
        "interestIncomeExpense": -245,
        "netIncome": -434,
        "netIncomeAfterTaxes": -434,
        "nonRecurringItems": 948,
        "otherOperatingExpensesTotal": 957,
        "period": "2021-06-30",
        "pretaxIncome": -564,
        "provisionforIncomeTaxes": -130,
        "revenue": 5471,
        "sgaExpense": 2415,
        "totalOperatingExpense": 3992,
        "totalOtherIncomeExpenseNet": -49
      },
      {
        "costOfGoodsSold": 2173,
        "depreciationAmortization": 623,
        "dilutedAverageSharesOutstanding": 316.6,
        "dilutedEPS": -4.29,
        "ebit": -2758,
        "grossIncome": 1048,
        "interestExpense": 336,
        "interestIncomeExpense": -351,
        "netIncome": -1357,
        "netIncomeAfterTaxes": -1357,
        "nonRecurringItems": 1377,
        "otherOperatingExpensesTotal": 874,
        "period": "2021-03-31",
        "pretaxIncome": -1751,
        "provisionforIncomeTaxes": -394,
        "revenue": 3221,
        "sgaExpense": 2309,
        "totalOperatingExpense": 3806,
        "totalOtherIncomeExpenseNet": -19
      },
      {
        "costOfGoodsSold": 1993,
        "depreciationAmortization": 629,
        "dilutedAverageSharesOutstanding": 297.1,
        "dilutedEPS": -6.39,
        "ebit": -2284,
        "grossIncome": 1419,
        "interestExpense": 334,
        "interestIncomeExpense": -228,
        "netIncome": -1897,
        "netIncomeAfterTaxes": -1897,
        "nonRecurringItems": 149,
        "otherOperatingExpensesTotal": 826,
        "period": "2020-12-31",
        "pretaxIncome": -2373,
        "provisionforIncomeTaxes": -476,
        "revenue": 3412,
        "sgaExpense": 2248,
        "totalOperatingExpense": 3703,
        "totalOtherIncomeExpenseNet": -10
      },
      {
        "costOfGoodsSold": 1598,
        "depreciationAmortization": 626,
        "dilutedAverageSharesOutstanding": 291,
        "dilutedEPS": -6.33,
        "ebit": -2696,
        "grossIncome": 891,
        "interestExpense": 329,
        "interestIncomeExpense": -306,
        "netIncome": -1841,
        "netIncomeAfterTaxes": -1841,
        "nonRecurringItems": 1081,
        "otherOperatingExpensesTotal": 679,
        "period": "2020-09-30",
        "pretaxIncome": -2332,
        "provisionforIncomeTaxes": -491,
        "revenue": 2489,
        "sgaExpense": 2282,
        "totalOperatingExpense": 3587,
        "totalOtherIncomeExpenseNet": -411
      },
      {
        "costOfGoodsSold": 1214,
        "depreciationAmortization": 618,
        "dilutedAverageSharesOutstanding": 280.7,
        "dilutedEPS": -5.8,
        "ebit": -3086,
        "grossIncome": 261,
        "interestExpense": 179,
        "interestIncomeExpense": -159,
        "netIncome": -1627,
        "netIncomeAfterTaxes": -1627,
        "nonRecurringItems": 1449,
        "otherOperatingExpensesTotal": 528,
        "period": "2020-06-30",
        "pretaxIncome": -2003,
        "provisionforIncomeTaxes": -376,
        "revenue": 1475,
        "sgaExpense": 2201,
        "totalOperatingExpense": 3347,
        "totalOtherIncomeExpenseNet": -207
      },
      {
        "costOfGoodsSold": 3570,
        "depreciationAmortization": 615,
        "dilutedAverageSharesOutstanding": 248.5,
        "dilutedEPS": -6.86,
        "ebit": -909,
        "grossIncome": 4409,
        "interestExpense": 150,
        "interestIncomeExpense": -443,
        "netIncome": -1704,
        "netIncomeAfterTaxes": -1704,
        "nonRecurringItems": -63,
        "otherOperatingExpensesTotal": 1453,
        "period": "2020-03-31",
        "pretaxIncome": -2114,
        "provisionforIncomeTaxes": -410,
        "revenue": 7979,
        "sgaExpense": 3250,
        "totalOperatingExpense": 5318,
        "totalOtherIncomeExpenseNet": -699
      },
      {
        "costOfGoodsSold": 4166,
        "depreciationAmortization": 606,
        "dilutedAverageSharesOutstanding": 253.6,
        "dilutedEPS": 2.53,
        "ebit": 991,
        "grossIncome": 6722,
        "interestExpense": 141,
        "interestIncomeExpense": 42,
        "netIncome": 641,
        "netIncomeAfterTaxes": 641,
        "nonRecurringItems": -130,
        "otherOperatingExpensesTotal": 1630,
        "period": "2019-12-31",
        "pretaxIncome": 844,
        "provisionforIncomeTaxes": 203,
        "revenue": 10888,
        "sgaExpense": 3495,
        "totalOperatingExpense": 5731,
        "totalOtherIncomeExpenseNet": -59
      },
      {
        "costOfGoodsSold": 4219,
        "depreciationAmortization": 575,
        "dilutedAverageSharesOutstanding": 256.4,
        "dilutedEPS": 3.99,
        "ebit": 1500,
        "grossIncome": 7161,
        "interestExpense": 169,
        "interestIncomeExpense": -133,
        "netIncome": 1024,
        "netIncomeAfterTaxes": 1024,
        "nonRecurringItems": -27,
        "otherOperatingExpensesTotal": 1591,
        "period": "2019-09-30",
        "pretaxIncome": 1349,
        "provisionforIncomeTaxes": 325,
        "revenue": 11380,
        "sgaExpense": 3495,
        "totalOperatingExpense": 5661,
        "totalOtherIncomeExpenseNet": 9
      },
      {
        "costOfGoodsSold": 4254,
        "depreciationAmortization": 560,
        "dilutedAverageSharesOutstanding": 261.6,
        "dilutedEPS": 4.02,
        "ebit": 1543,
        "grossIncome": 7148,
        "interestExpense": 170,
        "interestIncomeExpense": -132,
        "netIncome": 1052,
        "netIncomeAfterTaxes": 1052,
        "nonRecurringItems": -71,
        "otherOperatingExpensesTotal": 1546,
        "period": "2019-06-30",
        "pretaxIncome": 1354,
        "provisionforIncomeTaxes": 302,
        "revenue": 11402,
        "sgaExpense": 3499,
        "totalOperatingExpense": 5605,
        "totalOtherIncomeExpenseNet": 14
      },
      {
        "costOfGoodsSold": 3788,
        "depreciationAmortization": 547,
        "dilutedAverageSharesOutstanding": 268.3,
        "dilutedEPS": 1.09,
        "ebit": 513,
        "grossIncome": 5801,
        "interestExpense": 166,
        "interestIncomeExpense": -137,
        "netIncome": 292,
        "netIncomeAfterTaxes": 292,
        "nonRecurringItems": -18,
        "otherOperatingExpensesTotal": 1508,
        "period": "2019-03-31",
        "pretaxIncome": 367,
        "provisionforIncomeTaxes": 75,
        "revenue": 9589,
        "sgaExpense": 3233,
        "totalOperatingExpense": 5288,
        "totalOtherIncomeExpenseNet": 9
      },
      {
        "costOfGoodsSold": 4169,
        "depreciationAmortization": 558,
        "dilutedAverageSharesOutstanding": 272.8,
        "dilutedEPS": 1.67,
        "ebit": 936,
        "grossIncome": 6322,
        "interestExpense": 154,
        "interestIncomeExpense": -128,
        "netIncome": 461,
        "netIncomeAfterTaxes": 456,
        "nonRecurringItems": -301,
        "otherOperatingExpensesTotal": 1508,
        "period": "2018-12-31",
        "pretaxIncome": 553,
        "provisionforIncomeTaxes": 97,
        "revenue": 10491,
        "sgaExpense": 3320,
        "totalOperatingExpense": 5386,
        "totalOtherIncomeExpenseNet": 46
      },
      {
        "costOfGoodsSold": 4430,
        "depreciationAmortization": 545,
        "dilutedAverageSharesOutstanding": 273.6,
        "dilutedEPS": 3.04,
        "ebit": 1204,
        "grossIncome": 6573,
        "interestExpense": 156,
        "interestIncomeExpense": -128,
        "netIncome": 833,
        "netIncomeAfterTaxes": 833,
        "nonRecurringItems": -17,
        "otherOperatingExpensesTotal": 1467,
        "period": "2018-09-30",
        "pretaxIncome": 1058,
        "provisionforIncomeTaxes": 225,
        "revenue": 11003,
        "sgaExpense": 3357,
        "totalOperatingExpense": 5369,
        "totalOtherIncomeExpenseNet": -1
      },
      {
        "costOfGoodsSold": 4265,
        "depreciationAmortization": 538,
        "dilutedAverageSharesOutstanding": 275.6,
        "dilutedEPS": 2.48,
        "ebit": 1274,
        "grossIncome": 6512,
        "interestExpense": 151,
        "interestIncomeExpense": -126,
        "netIncome": 683,
        "netIncomeAfterTaxes": 683,
        "nonRecurringItems": -129,
        "otherOperatingExpensesTotal": 1429,
        "period": "2018-06-30",
        "pretaxIncome": 855,
        "provisionforIncomeTaxes": 172,
        "revenue": 10777,
        "sgaExpense": 3271,
        "totalOperatingExpense": 5238,
        "totalOtherIncomeExpenseNet": -164
      },
      {
        "costOfGoodsSold": 3741,
        "depreciationAmortization": 524,
        "dilutedAverageSharesOutstanding": 284.9,
        "dilutedEPS": 0.51,
        "ebit": 302,
        "grossIncome": 5291,
        "interestExpense": 144,
        "interestIncomeExpense": -127,
        "netIncome": 145,
        "netIncomeAfterTaxes": 145,
        "nonRecurringItems": -40,
        "otherOperatingExpensesTotal": 1397,
        "period": "2018-03-31",
        "pretaxIncome": 182,
        "provisionforIncomeTaxes": 37,
        "revenue": 9032,
        "sgaExpense": 3068,
        "totalOperatingExpense": 4989,
        "totalOtherIncomeExpenseNet": 47
      },
      {
        "costOfGoodsSold": 3755,
        "depreciationAmortization": 486,
        "dilutedAverageSharesOutstanding": 291.6,
        "dilutedEPS": 1.98,
        "ebit": 754,
        "grossIncome": 5696,
        "interestExpense": 118,
        "interestIncomeExpense": -102,
        "netIncome": 578,
        "netIncomeAfterTaxes": 389,
        "nonRecurringItems": -31,
        "otherOperatingExpensesTotal": 1424,
        "period": "2017-12-31",
        "pretaxIncome": 603,
        "provisionforIncomeTaxes": 214,
        "revenue": 9451,
        "sgaExpense": 3032,
        "totalOperatingExpense": 4942,
        "totalOtherIncomeExpenseNet": -18
      },
      {
        "costOfGoodsSold": 3557,
        "depreciationAmortization": 556,
        "dilutedAverageSharesOutstanding": 300.6,
        "dilutedEPS": 2.15,
        "ebit": 1188,
        "grossIncome": 6342,
        "interestExpense": 149,
        "interestIncomeExpense": -132,
        "netIncome": 645,
        "netIncomeAfterTaxes": 645,
        "nonRecurringItems": -50,
        "otherOperatingExpensesTotal": 1436,
        "period": "2017-09-30",
        "pretaxIncome": 993,
        "provisionforIncomeTaxes": 348,
        "revenue": 9899,
        "sgaExpense": 3162,
        "totalOperatingExpense": 5154,
        "totalOtherIncomeExpenseNet": -13
      },
      {
        "costOfGoodsSold": 3383,
        "depreciationAmortization": 536,
        "dilutedAverageSharesOutstanding": 307.7,
        "dilutedEPS": 2.67,
        "ebit": 1481,
        "grossIncome": 6625,
        "interestExpense": 146,
        "interestIncomeExpense": -133,
        "netIncome": 821,
        "netIncomeAfterTaxes": 821,
        "nonRecurringItems": -44,
        "otherOperatingExpensesTotal": 1381,
        "period": "2017-06-30",
        "pretaxIncome": 1277,
        "provisionforIncomeTaxes": 456,
        "revenue": 10008,
        "sgaExpense": 3227,
        "totalOperatingExpense": 5144,
        "totalOtherIncomeExpenseNet": -27
      },
      {
        "costOfGoodsSold": 3273,
        "depreciationAmortization": 518,
        "dilutedAverageSharesOutstanding": 314.6,
        "dilutedEPS": 0.31,
        "ebit": 371,
        "grossIncome": 5153,
        "interestExpense": 137,
        "interestIncomeExpense": -128,
        "netIncome": 99,
        "netIncomeAfterTaxes": 99,
        "nonRecurringItems": -51,
        "otherOperatingExpensesTotal": 1309,
        "period": "2017-03-31",
        "pretaxIncome": 150,
        "provisionforIncomeTaxes": 51,
        "revenue": 8426,
        "sgaExpense": 2955,
        "totalOperatingExpense": 4782,
        "totalOtherIncomeExpenseNet": -42
      },
      {
        "costOfGoodsSold": 3267,
        "depreciationAmortization": 504,
        "dilutedAverageSharesOutstanding": 316.2,
        "dilutedEPS": 1.25,
        "ebit": 974,
        "grossIncome": 5785,
        "interestExpense": 124,
        "interestIncomeExpense": -113,
        "netIncome": 397,
        "netIncomeAfterTaxes": 577,
        "nonRecurringItems": 31,
        "otherOperatingExpensesTotal": 1423,
        "period": "2016-12-31",
        "pretaxIncome": 884,
        "provisionforIncomeTaxes": 307,
        "revenue": 9052,
        "sgaExpense": 2884,
        "totalOperatingExpense": 4811,
        "totalOtherIncomeExpenseNet": -8
      },
      {
        "costOfGoodsSold": 3340,
        "depreciationAmortization": 503,
        "dilutedAverageSharesOutstanding": 321,
        "dilutedEPS": 3.01,
        "ebit": 1669,
        "grossIncome": 6573,
        "interestExpense": 130,
        "interestIncomeExpense": -116,
        "netIncome": 965,
        "netIncomeAfterTaxes": 965,
        "nonRecurringItems": -45,
        "otherOperatingExpensesTotal": 1431,
        "period": "2016-09-30",
        "pretaxIncome": 1510,
        "provisionforIncomeTaxes": 545,
        "revenue": 9913,
        "sgaExpense": 2970,
        "totalOperatingExpense": 4904,
        "totalOtherIncomeExpenseNet": 2
      },
      {
        "costOfGoodsSold": 3152,
        "depreciationAmortization": 491,
        "dilutedAverageSharesOutstanding": 331,
        "dilutedEPS": 1.78,
        "ebit": 1494,
        "grossIncome": 6244,
        "interestExpense": 143,
        "interestIncomeExpense": -134,
        "netIncome": 588,
        "netIncomeAfterTaxes": 588,
        "nonRecurringItems": -434,
        "otherOperatingExpensesTotal": 1328,
        "period": "2016-06-30",
        "pretaxIncome": 931,
        "provisionforIncomeTaxes": 343,
        "revenue": 9396,
        "sgaExpense": 2931,
        "totalOperatingExpense": 4750,
        "totalOtherIncomeExpenseNet": 5
      },
      {
        "costOfGoodsSold": 2845,
        "depreciationAmortization": 479,
        "dilutedAverageSharesOutstanding": 355,
        "dilutedEPS": 0.88,
        "ebit": 839,
        "grossIncome": 5350,
        "interestExpense": 145,
        "interestIncomeExpense": -137,
        "netIncome": 313,
        "netIncomeAfterTaxes": 313,
        "nonRecurringItems": -190,
        "otherOperatingExpensesTotal": 1239,
        "period": "2016-03-31",
        "pretaxIncome": 494,
        "provisionforIncomeTaxes": 181,
        "revenue": 8195,
        "sgaExpense": 2793,
        "totalOperatingExpense": 4511,
        "totalOtherIncomeExpenseNet": -18
      },
      {
        "costOfGoodsSold": 3312,
        "depreciationAmortization": 476,
        "dilutedAverageSharesOutstanding": 368,
        "dilutedEPS": 2.23,
        "ebit": 1212,
        "grossIncome": 5724,
        "interestExpense": 154,
        "interestIncomeExpense": -145,
        "netIncome": 823,
        "netIncomeAfterTaxes": 911,
        "nonRecurringItems": -131,
        "otherOperatingExpensesTotal": 1296,
        "period": "2015-12-31",
        "pretaxIncome": 905,
        "provisionforIncomeTaxes": -6,
        "revenue": 9036,
        "sgaExpense": 2740,
        "totalOperatingExpense": 4512,
        "totalOtherIncomeExpenseNet": -31
      },
      {
        "costOfGoodsSold": 3666,
        "depreciationAmortization": 469,
        "dilutedAverageSharesOutstanding": 376,
        "dilutedEPS": 12.8,
        "ebit": 1975,
        "grossIncome": 6640,
        "interestExpense": 151,
        "interestIncomeExpense": -213,
        "netIncome": 4816,
        "netIncomeAfterTaxes": 1598,
        "nonRecurringItems": -76,
        "otherOperatingExpensesTotal": 1296,
        "period": "2015-09-30",
        "pretaxIncome": 1606,
        "provisionforIncomeTaxes": 8,
        "revenue": 10306,
        "sgaExpense": 2900,
        "totalOperatingExpense": 4665,
        "totalOtherIncomeExpenseNet": -80
      }
    ],
    "symbol": "UAL"
  }
}