{
  "symbol": "FFIV",
  "statement": "ic",
  "frequency": "quarterly",
  "timestamp": "2025-09-19T14:00:18.623375",
  "data": {
    "financials": [
      {
        "costOfGoodsSold": 148.628,
        "dilutedAverageSharesOutstanding": 58.492,
        "dilutedEPS": 3.2468,
        "ebit": 196.317,
        "grossIncome": 631.742,
        "netIncome": 189.912,
        "netIncomeAfterTaxes": 189.912,
        "nonRecurringItems": 0,
        "period": "2025-06-30",
        "pretaxIncome": 213.023,
        "provisionforIncomeTaxes": 23.111,
        "researchDevelopment": 136.345,
        "revenue": 780.37,
        "sgaExpense": 299.08,
        "totalOperatingExpense": 435.425,
        "totalOtherIncomeExpenseNet": 16.706
      },
      {
        "costOfGoodsSold": 140.959,
        "dilutedAverageSharesOutstanding": 58.764,
        "dilutedEPS": 2.4765,
        "ebit": 158.897,
        "grossIncome": 590.164,
        "netIncome": 145.53,
        "netIncomeAfterTaxes": 145.53,
        "nonRecurringItems": 0,
        "period": "2025-03-31",
        "pretaxIncome": 171.2,
        "provisionforIncomeTaxes": 25.67,
        "researchDevelopment": 136.561,
        "revenue": 731.123,
        "sgaExpense": 294.706,
        "totalOperatingExpense": 431.267,
        "totalOtherIncomeExpenseNet": 12.303
      },
      {
        "costOfGoodsSold": 140.51,
        "depreciationAmortization": 0.859,
        "dilutedAverageSharesOutstanding": 59.058,
        "dilutedEPS": 2.8183,
        "ebit": 216.403,
        "grossIncome": 625.979,
        "netIncome": 166.445,
        "netIncomeAfterTaxes": 166.445,
        "nonRecurringItems": -11.321,
        "period": "2024-12-31",
        "pretaxIncome": 209.044,
        "provisionforIncomeTaxes": 42.599,
        "researchDevelopment": 130.518,
        "revenue": 766.489,
        "sgaExpense": 279.058,
        "totalOperatingExpense": 409.576,
        "totalOtherIncomeExpenseNet": 3.962
      },
      {
        "costOfGoodsSold": 143.72,
        "dilutedAverageSharesOutstanding": 59.053,
        "dilutedEPS": 2.7991,
        "ebit": 191.025,
        "grossIncome": 602.954,
        "netIncome": 165.296,
        "netIncomeAfterTaxes": 165.296,
        "nonRecurringItems": 0,
        "period": "2024-09-30",
        "pretaxIncome": 203.514,
        "provisionforIncomeTaxes": 38.218,
        "researchDevelopment": 123.951,
        "revenue": 746.674,
        "sgaExpense": 287.978,
        "totalOperatingExpense": 411.929,
        "totalOtherIncomeExpenseNet": 12.489
      },
      {
        "costOfGoodsSold": 136.425,
        "depreciationAmortization": 1.551,
        "dilutedAverageSharesOutstanding": 59.147,
        "dilutedEPS": 2.436,
        "ebit": 163.183,
        "grossIncome": 559.07,
        "netIncome": 144.079,
        "netIncomeAfterTaxes": 144.079,
        "nonRecurringItems": -0.093,
        "period": "2024-06-30",
        "pretaxIncome": 171.619,
        "provisionforIncomeTaxes": 27.54,
        "researchDevelopment": 124.387,
        "revenue": 695.495,
        "sgaExpense": 271.5,
        "totalOperatingExpense": 395.887,
        "totalOtherIncomeExpenseNet": 8.529
      },
      {
        "costOfGoodsSold": 141.113,
        "depreciationAmortization": 1.989,
        "dilutedAverageSharesOutstanding": 59.58,
        "dilutedEPS": 1.9977,
        "ebit": 140.05,
        "grossIncome": 540.241,
        "netIncome": 119.021,
        "netIncomeAfterTaxes": 119.021,
        "nonRecurringItems": -0.09,
        "period": "2024-03-31",
        "pretaxIncome": 145.934,
        "provisionforIncomeTaxes": 26.913,
        "researchDevelopment": 122.207,
        "revenue": 681.354,
        "sgaExpense": 277.984,
        "totalOperatingExpense": 400.191,
        "totalOtherIncomeExpenseNet": 5.974
      },
      {
        "costOfGoodsSold": 136.389,
        "depreciationAmortization": 3.082,
        "dilutedAverageSharesOutstanding": 59.653,
        "dilutedEPS": 2.3198,
        "ebit": 172.988,
        "grossIncome": 556.208,
        "netIncome": 138.382,
        "netIncomeAfterTaxes": 138.382,
        "nonRecurringItems": -8.472,
        "otherOperatingExpensesTotal": -3.082,
        "period": "2023-12-31",
        "pretaxIncome": 174.398,
        "provisionforIncomeTaxes": 36.016,
        "researchDevelopment": 119.575,
        "revenue": 692.597,
        "sgaExpense": 263.645,
        "totalOperatingExpense": 383.22,
        "totalOtherIncomeExpenseNet": 9.882
      },
      {
        "costOfGoodsSold": 141,
        "dilutedAverageSharesOutstanding": 59.7,
        "dilutedEPS": 2.55,
        "ebit": 171.7,
        "grossIncome": 566,
        "netIncome": 152.1,
        "netIncomeAfterTaxes": 152.1,
        "nonRecurringItems": 0,
        "period": "2023-09-30",
        "pretaxIncome": 174.8,
        "provisionforIncomeTaxes": 22.7,
        "researchDevelopment": 127.8,
        "revenue": 707,
        "sgaExpense": 266.4,
        "totalOperatingExpense": 394.2,
        "totalOtherIncomeExpenseNet": 3.1
      },
      {
        "costOfGoodsSold": 141.7,
        "dilutedAverageSharesOutstanding": 60.3,
        "dilutedEPS": 1.48,
        "ebit": 160.2,
        "grossIncome": 561,
        "netIncome": 89,
        "netIncomeAfterTaxes": 89,
        "nonRecurringItems": -56.6,
        "period": "2023-06-30",
        "pretaxIncome": 106.5,
        "provisionforIncomeTaxes": 17.5,
        "researchDevelopment": 128.8,
        "revenue": 702.6,
        "sgaExpense": 272,
        "totalOperatingExpense": 400.8,
        "totalOtherIncomeExpenseNet": 2.9
      },
      {
        "costOfGoodsSold": 155.7,
        "dilutedAverageSharesOutstanding": 60.7,
        "dilutedEPS": 1.34,
        "ebit": 106,
        "grossIncome": 547.5,
        "netIncome": 81.4,
        "netIncomeAfterTaxes": 81.4,
        "nonRecurringItems": 0,
        "period": "2023-03-31",
        "pretaxIncome": 108.8,
        "provisionforIncomeTaxes": 27.3,
        "researchDevelopment": 141.4,
        "revenue": 703.2,
        "sgaExpense": 300.1,
        "totalOperatingExpense": 441.4,
        "totalOtherIncomeExpenseNet": 2.7
      },
      {
        "costOfGoodsSold": 155,
        "dilutedAverageSharesOutstanding": 60.4,
        "dilutedEPS": 1.2,
        "ebit": 99.9,
        "grossIncome": 545.4,
        "netIncome": 72.4,
        "netIncomeAfterTaxes": 72.4,
        "nonRecurringItems": -8.7,
        "period": "2022-12-31",
        "pretaxIncome": 95.9,
        "provisionforIncomeTaxes": 23.5,
        "researchDevelopment": 142.3,
        "revenue": 700.4,
        "sgaExpense": 303.1,
        "totalOperatingExpense": 445.5,
        "totalOtherIncomeExpenseNet": 4.7
      },
      {
        "costOfGoodsSold": 147.5,
        "dilutedAverageSharesOutstanding": 60.4,
        "dilutedEPS": 1.48,
        "ebit": 107.5,
        "grossIncome": 552.6,
        "netIncome": 89.3,
        "netIncomeAfterTaxes": 89.3,
        "nonRecurringItems": 0,
        "period": "2022-09-30",
        "pretaxIncome": 99.7,
        "provisionforIncomeTaxes": 10.4,
        "researchDevelopment": 138.5,
        "revenue": 700,
        "sgaExpense": 306.5,
        "totalOperatingExpense": 445,
        "totalOtherIncomeExpenseNet": -7.8
      },
      {
        "costOfGoodsSold": 130.7,
        "dilutedAverageSharesOutstanding": 60.5,
        "dilutedEPS": 1.37,
        "ebit": 107.5,
        "grossIncome": 543.8,
        "netIncome": 83,
        "netIncomeAfterTaxes": 83,
        "nonRecurringItems": 0,
        "period": "2022-06-30",
        "pretaxIncome": 101.2,
        "provisionforIncomeTaxes": 18.2,
        "researchDevelopment": 138.7,
        "revenue": 674.5,
        "sgaExpense": 297.6,
        "totalOperatingExpense": 436.3,
        "totalOtherIncomeExpenseNet": -6.2
      },
      {
        "costOfGoodsSold": 126.4,
        "dilutedAverageSharesOutstanding": 61.4,
        "dilutedEPS": 0.92,
        "ebit": 74.6,
        "grossIncome": 507.9,
        "netIncome": 56.2,
        "netIncomeAfterTaxes": 56.2,
        "nonRecurringItems": 0,
        "period": "2022-03-31",
        "pretaxIncome": 72.7,
        "provisionforIncomeTaxes": 16.5,
        "researchDevelopment": 135.8,
        "revenue": 634.2,
        "sgaExpense": 297.4,
        "totalOperatingExpense": 433.2,
        "totalOtherIncomeExpenseNet": -1.9
      },
      {
        "costOfGoodsSold": 135.1,
        "dilutedAverageSharesOutstanding": 61.9,
        "dilutedEPS": 1.51,
        "ebit": 129.8,
        "grossIncome": 552,
        "interestExpense": 2.731,
        "interestIncomeExpense": -2.4,
        "netIncome": 93.6,
        "netIncomeAfterTaxes": 93.6,
        "nonRecurringItems": -15.6,
        "period": "2021-12-31",
        "pretaxIncome": 111.7,
        "provisionforIncomeTaxes": 18.2,
        "researchDevelopment": 130.3,
        "revenue": 687.1,
        "sgaExpense": 292,
        "totalOperatingExpense": 422.2
      },
      {
        "costOfGoodsSold": 128.7,
        "dilutedAverageSharesOutstanding": 62,
        "dilutedEPS": 1.78,
        "ebit": 126.4,
        "grossIncome": 553.3,
        "interestExpense": 3.265,
        "interestIncomeExpense": -2.9,
        "netIncome": 110.7,
        "netIncomeAfterTaxes": 110.7,
        "nonRecurringItems": 0,
        "period": "2021-09-30",
        "pretaxIncome": 123.5,
        "provisionforIncomeTaxes": 12.8,
        "researchDevelopment": 124.7,
        "revenue": 682,
        "sgaExpense": 302.3,
        "totalOperatingExpense": 426.9
      },
      {
        "costOfGoodsSold": 120.9,
        "dilutedAverageSharesOutstanding": 61.4,
        "dilutedEPS": 1.46,
        "ebit": 96.4,
        "grossIncome": 530.6,
        "interestExpense": 2.463,
        "interestIncomeExpense": -2.2,
        "netIncome": 89.6,
        "netIncomeAfterTaxes": 89.6,
        "nonRecurringItems": 0,
        "period": "2021-06-30",
        "pretaxIncome": 94.2,
        "provisionforIncomeTaxes": 4.6,
        "researchDevelopment": 133.3,
        "revenue": 651.5,
        "sgaExpense": 300.9,
        "totalOperatingExpense": 434.2
      },
      {
        "costOfGoodsSold": 124.2,
        "dilutedAverageSharesOutstanding": 62.2,
        "dilutedEPS": 0.7,
        "ebit": 94.2,
        "grossIncome": 521.1,
        "interestExpense": 2.077,
        "interestIncomeExpense": -1.4,
        "netIncome": 43.2,
        "netIncomeAfterTaxes": 43.2,
        "nonRecurringItems": -40.7,
        "period": "2021-03-31",
        "pretaxIncome": 52.1,
        "provisionforIncomeTaxes": 8.9,
        "researchDevelopment": 130.6,
        "revenue": 645.3,
        "sgaExpense": 296.3,
        "totalOperatingExpense": 426.9
      },
      {
        "costOfGoodsSold": 115,
        "dilutedAverageSharesOutstanding": 62.3,
        "dilutedEPS": 1.41,
        "ebit": 127.1,
        "grossIncome": 509.6,
        "interestExpense": 1.783,
        "interestIncomeExpense": -0.7,
        "netIncome": 87.7,
        "netIncomeAfterTaxes": 87.7,
        "nonRecurringItems": -9.4,
        "period": "2020-12-31",
        "pretaxIncome": 117.1,
        "provisionforIncomeTaxes": 29.4,
        "researchDevelopment": 114.2,
        "revenue": 624.6,
        "sgaExpense": 268.3,
        "totalOperatingExpense": 382.5
      },
      {
        "costOfGoodsSold": 112,
        "dilutedAverageSharesOutstanding": 62,
        "dilutedEPS": 1.25,
        "ebit": 98.6,
        "grossIncome": 502.8,
        "netIncome": 77.7,
        "netIncomeAfterTaxes": 77.7,
        "nonRecurringItems": 0,
        "period": "2020-09-30",
        "pretaxIncome": 97.5,
        "provisionforIncomeTaxes": 19.9,
        "researchDevelopment": 120.3,
        "revenue": 614.8,
        "sgaExpense": 283.9,
        "totalOperatingExpense": 404.2,
        "totalOtherIncomeExpenseNet": -1.1
      },
      {
        "costOfGoodsSold": 106,
        "dilutedAverageSharesOutstanding": 61.4,
        "dilutedEPS": 1.14,
        "ebit": 87.6,
        "grossIncome": 477.2,
        "netIncome": 69.9,
        "netIncomeAfterTaxes": 69.9,
        "nonRecurringItems": 0,
        "period": "2020-06-30",
        "pretaxIncome": 87.8,
        "provisionforIncomeTaxes": 17.9,
        "researchDevelopment": 116,
        "revenue": 583.3,
        "sgaExpense": 273.6,
        "totalOperatingExpense": 389.6,
        "totalOtherIncomeExpenseNet": 0.1
      },
      {
        "costOfGoodsSold": 101.2,
        "dilutedAverageSharesOutstanding": 61.1,
        "dilutedEPS": 1,
        "ebit": 83.7,
        "grossIncome": 482.2,
        "netIncome": 61.4,
        "netIncomeAfterTaxes": 61.4,
        "nonRecurringItems": 0,
        "period": "2020-03-31",
        "pretaxIncome": 83.6,
        "provisionforIncomeTaxes": 22.2,
        "researchDevelopment": 109,
        "revenue": 583.4,
        "sgaExpense": 289.5,
        "totalOperatingExpense": 398.6,
        "totalOtherIncomeExpenseNet": -0.1
      },
      {
        "costOfGoodsSold": 88.6,
        "dilutedAverageSharesOutstanding": 60.8,
        "dilutedEPS": 1.62,
        "ebit": 130.1,
        "grossIncome": 480.7,
        "netIncome": 98.5,
        "netIncomeAfterTaxes": 98.5,
        "nonRecurringItems": -7.8,
        "period": "2019-12-31",
        "pretaxIncome": 127.6,
        "provisionforIncomeTaxes": 29,
        "researchDevelopment": 96,
        "revenue": 569.3,
        "sgaExpense": 254.5,
        "totalOperatingExpense": 350.6,
        "totalOtherIncomeExpenseNet": 5.2
      },
      {
        "costOfGoodsSold": 90.9,
        "dilutedAverageSharesOutstanding": 60.7,
        "dilutedEPS": 1.56,
        "ebit": 121,
        "grossIncome": 499.5,
        "netIncome": 94.8,
        "netIncomeAfterTaxes": 94.8,
        "nonRecurringItems": -6.3,
        "period": "2019-09-30",
        "pretaxIncome": 118.1,
        "provisionforIncomeTaxes": 23.3,
        "researchDevelopment": 102.8,
        "revenue": 590.4,
        "sgaExpense": 275.6,
        "totalOperatingExpense": 378.5,
        "totalOtherIncomeExpenseNet": 3.4
      },
      {
        "costOfGoodsSold": 90.8,
        "dilutedAverageSharesOutstanding": 60.2,
        "dilutedEPS": 1.43,
        "ebit": 102.7,
        "grossIncome": 472.6,
        "netIncome": 85.9,
        "netIncomeAfterTaxes": 85.9,
        "period": "2019-06-30",
        "pretaxIncome": 107.5,
        "provisionforIncomeTaxes": 21.6,
        "researchDevelopment": 116.9,
        "revenue": 563.4,
        "sgaExpense": 253,
        "totalOperatingExpense": 369.9,
        "totalOtherIncomeExpenseNet": 4.7
      },
      {
        "costOfGoodsSold": 88.2,
        "dilutedAverageSharesOutstanding": 60,
        "dilutedEPS": 1.93,
        "ebit": 142.8,
        "grossIncome": 456.7,
        "netIncome": 116.1,
        "netIncomeAfterTaxes": 116.1,
        "period": "2019-03-31",
        "pretaxIncome": 150.2,
        "provisionforIncomeTaxes": 34.1,
        "researchDevelopment": 96.3,
        "revenue": 544.9,
        "sgaExpense": 217.6,
        "totalOperatingExpense": 313.9,
        "totalOtherIncomeExpenseNet": 7.4
      },
      {
        "costOfGoodsSold": 86.7,
        "dilutedAverageSharesOutstanding": 60.6,
        "dilutedEPS": 2.16,
        "ebit": 158.2,
        "grossIncome": 457.1,
        "netIncome": 130.9,
        "netIncomeAfterTaxes": 130.9,
        "period": "2018-12-31",
        "pretaxIncome": 165.3,
        "provisionforIncomeTaxes": 34.4,
        "researchDevelopment": 92,
        "revenue": 543.8,
        "sgaExpense": 206.8,
        "totalOperatingExpense": 298.9,
        "totalOtherIncomeExpenseNet": 7.1
      },
      {
        "costOfGoodsSold": 93.4,
        "dilutedAverageSharesOutstanding": 61.4,
        "dilutedEPS": 2.16,
        "ebit": 172,
        "grossIncome": 469.3,
        "netIncome": 132.9,
        "netIncomeAfterTaxes": 135.3,
        "nonRecurringItems": -18.4,
        "period": "2018-09-30",
        "pretaxIncome": 159.3,
        "provisionforIncomeTaxes": 24,
        "researchDevelopment": 95.1,
        "revenue": 562.7,
        "sgaExpense": 202.2,
        "totalOperatingExpense": 297.3,
        "totalOtherIncomeExpenseNet": 5.7
      },
      {
        "costOfGoodsSold": 91,
        "dilutedAverageSharesOutstanding": 61.6,
        "dilutedEPS": 1.99,
        "ebit": 152,
        "grossIncome": 451.2,
        "netIncome": 122.7,
        "netIncomeAfterTaxes": 122.7,
        "nonRecurringItems": 0,
        "period": "2018-06-30",
        "pretaxIncome": 154.2,
        "provisionforIncomeTaxes": 31.5,
        "researchDevelopment": 94.1,
        "revenue": 542.2,
        "sgaExpense": 205.2,
        "totalOperatingExpense": 299.3,
        "totalOtherIncomeExpenseNet": 2.3
      },
      {
        "costOfGoodsSold": 89.6,
        "dilutedAverageSharesOutstanding": 62.1,
        "dilutedEPS": 1.77,
        "ebit": 143.4,
        "grossIncome": 443.7,
        "netIncome": 109.6,
        "netIncomeAfterTaxes": 109.6,
        "nonRecurringItems": 0,
        "period": "2018-03-31",
        "pretaxIncome": 146.1,
        "provisionforIncomeTaxes": 36.5,
        "researchDevelopment": 91.1,
        "revenue": 533.3,
        "sgaExpense": 209.2,
        "totalOperatingExpense": 300.3,
        "totalOtherIncomeExpenseNet": 2.8
      },
      {
        "costOfGoodsSold": 87.4,
        "dilutedAverageSharesOutstanding": 62.6,
        "dilutedEPS": 1.41,
        "ebit": 142,
        "grossIncome": 435.8,
        "netIncome": 88.4,
        "netIncomeAfterTaxes": 107,
        "period": "2017-12-31",
        "pretaxIncome": 144.1,
        "provisionforIncomeTaxes": 37.1,
        "researchDevelopment": 85.9,
        "revenue": 523.2,
        "sgaExpense": 207.9,
        "totalOperatingExpense": 293.8,
        "totalOtherIncomeExpenseNet": 2.1
      },
      {
        "costOfGoodsSold": 90.5,
        "dilutedAverageSharesOutstanding": 63.8,
        "dilutedEPS": 2.13,
        "ebit": 162,
        "grossIncome": 447.5,
        "netIncome": 135.7,
        "netIncomeAfterTaxes": 135.7,
        "nonRecurringItems": -13.2,
        "period": "2017-09-30",
        "pretaxIncome": 153.9,
        "provisionforIncomeTaxes": 18.1,
        "researchDevelopment": 85.5,
        "revenue": 538,
        "sgaExpense": 199.9,
        "totalOperatingExpense": 285.5,
        "totalOtherIncomeExpenseNet": 5
      },
      {
        "costOfGoodsSold": 89.8,
        "dilutedAverageSharesOutstanding": 64.4,
        "dilutedEPS": 1.52,
        "ebit": 139.1,
        "grossIncome": 428.1,
        "netIncome": 97.7,
        "netIncomeAfterTaxes": 97.7,
        "nonRecurringItems": 0,
        "period": "2017-06-30",
        "pretaxIncome": 141.7,
        "provisionforIncomeTaxes": 44.1,
        "researchDevelopment": 88.6,
        "revenue": 517.8,
        "sgaExpense": 200.3,
        "totalOperatingExpense": 288.9,
        "totalOtherIncomeExpenseNet": 2.6
      },
      {
        "costOfGoodsSold": 87.9,
        "dilutedAverageSharesOutstanding": 65,
        "dilutedEPS": 1.43,
        "ebit": 138.4,
        "grossIncome": 430.3,
        "netIncome": 93.1,
        "netIncomeAfterTaxes": 93.1,
        "nonRecurringItems": 0.1,
        "period": "2017-03-31",
        "pretaxIncome": 139.8,
        "provisionforIncomeTaxes": 46.7,
        "researchDevelopment": 89.2,
        "revenue": 518.2,
        "sgaExpense": 202.7,
        "totalOperatingExpense": 291.9,
        "totalOtherIncomeExpenseNet": 1.3
      },
      {
        "costOfGoodsSold": 85.3,
        "dilutedAverageSharesOutstanding": 65.6,
        "dilutedEPS": 1.44,
        "ebit": 137.5,
        "grossIncome": 430.7,
        "netIncome": 94.2,
        "netIncomeAfterTaxes": 94.2,
        "period": "2016-12-31",
        "pretaxIncome": 140.1,
        "provisionforIncomeTaxes": 45.9,
        "researchDevelopment": 87.1,
        "revenue": 516,
        "sgaExpense": 206.2,
        "totalOperatingExpense": 293.2,
        "totalOtherIncomeExpenseNet": 2.6
      },
      {
        "costOfGoodsSold": 84.9,
        "dilutedAverageSharesOutstanding": 66.6,
        "dilutedEPS": 1.63,
        "ebit": 163.2,
        "grossIncome": 440.4,
        "netIncome": 108.9,
        "netIncomeAfterTaxes": 108.9,
        "nonRecurringItems": -0.6,
        "period": "2016-09-30",
        "pretaxIncome": 162.9,
        "provisionforIncomeTaxes": 54,
        "researchDevelopment": 83.7,
        "revenue": 525.3,
        "sgaExpense": 193.4,
        "totalOperatingExpense": 277.2,
        "totalOtherIncomeExpenseNet": 0.3
      },
      {
        "costOfGoodsSold": 84.3,
        "dilutedAverageSharesOutstanding": 67.2,
        "dilutedEPS": 1.37,
        "ebit": 138.4,
        "grossIncome": 412.2,
        "netIncome": 91.8,
        "netIncomeAfterTaxes": 91.8,
        "nonRecurringItems": 0.5,
        "period": "2016-06-30",
        "pretaxIncome": 139.8,
        "provisionforIncomeTaxes": 48.1,
        "researchDevelopment": 83,
        "revenue": 496.5,
        "sgaExpense": 190.8,
        "totalOperatingExpense": 273.9,
        "totalOtherIncomeExpenseNet": 1
      },
      {
        "costOfGoodsSold": 82.2,
        "dilutedAverageSharesOutstanding": 67.8,
        "dilutedEPS": 1.11,
        "ebit": 123.8,
        "grossIncome": 401.4,
        "netIncome": 75.4,
        "netIncomeAfterTaxes": 75.4,
        "nonRecurringItems": -8.9,
        "period": "2016-03-31",
        "pretaxIncome": 115.1,
        "provisionforIncomeTaxes": 39.7,
        "researchDevelopment": 86.3,
        "revenue": 483.7,
        "sgaExpense": 191.3,
        "totalOperatingExpense": 277.6,
        "totalOtherIncomeExpenseNet": 0.1
      },
      {
        "costOfGoodsSold": 85.7,
        "dilutedAverageSharesOutstanding": 69.9,
        "dilutedEPS": 1.28,
        "ebit": 130.9,
        "grossIncome": 403.8,
        "netIncome": 89.7,
        "netIncomeAfterTaxes": 89.7,
        "period": "2015-12-31",
        "pretaxIncome": 132.1,
        "provisionforIncomeTaxes": 42.4,
        "researchDevelopment": 81.1,
        "revenue": 489.5,
        "sgaExpense": 191.7,
        "totalOperatingExpense": 272.8,
        "totalOtherIncomeExpenseNet": 1.1
      },
      {
        "costOfGoodsSold": 84.7,
        "dilutedAverageSharesOutstanding": 71.4,
        "dilutedEPS": 1.36,
        "ebit": 147.6,
        "grossIncome": 416.6,
        "netIncome": 97,
        "netIncomeAfterTaxes": 97,
        "nonRecurringItems": 0,
        "period": "2015-09-30",
        "pretaxIncome": 149.5,
        "provisionforIncomeTaxes": 52.4,
        "researchDevelopment": 77.7,
        "revenue": 501.3,
        "sgaExpense": 191.4,
        "totalOperatingExpense": 269,
        "totalOtherIncomeExpenseNet": 1.9
      }
    ],
    "symbol": "FFIV"
  }
}