{
  "symbol": "LLY",
  "statement": "ic",
  "frequency": "quarterly",
  "timestamp": "2025-09-19T14:03:11.980756",
  "data": {
    "financials": [
      {
        "costOfGoodsSold": 2447.8,
        "dilutedAverageSharesOutstanding": 899.8,
        "dilutedEPS": 6.2908,
        "ebit": 7020.8,
        "grossIncome": 13109.9,
        "interestExpense": 249,
        "interestIncomeExpense": -95,
        "netIncome": 5660.5,
        "netIncomeAfterTaxes": 5660.5,
        "nonRecurringItems": -153.8,
        "period": "2025-06-30",
        "pretaxIncome": 6776.4,
        "provisionforIncomeTaxes": 1115.9,
        "researchDevelopment": 3336.1,
        "revenue": 15557.7,
        "sgaExpense": 2753,
        "totalOperatingExpense": 6089.1,
        "totalOtherIncomeExpenseNet": 4.4
      },
      {
        "costOfGoodsSold": 2224.2,
        "dilutedAverageSharesOutstanding": 900.6,
        "dilutedEPS": 3.06,
        "ebit": 5301.8,
        "grossIncome": 10504.3,
        "interestExpense": 243.7,
        "interestIncomeExpense": -342.1,
        "netIncome": 2759.3,
        "netIncomeAfterTaxes": 2759.3,
        "nonRecurringItems": -1606.7,
        "period": "2025-03-31",
        "pretaxIncome": 3456.1,
        "provisionforIncomeTaxes": 696.8,
        "researchDevelopment": 2733.7,
        "revenue": 12728.5,
        "sgaExpense": 2468.8,
        "totalOperatingExpense": 5202.5,
        "totalOtherIncomeExpenseNet": 103.1
      },
      {
        "costOfGoodsSold": 2403.8,
        "dilutedAverageSharesOutstanding": 903.036,
        "dilutedEPS": 4.88,
        "ebit": 5682,
        "grossIncome": 11129,
        "interestExpense": 224.7,
        "interestIncomeExpense": -200.4,
        "netIncome": 4409.8,
        "netIncomeAfterTaxes": 4409.8,
        "nonRecurringItems": -533.2,
        "period": "2024-12-31",
        "pretaxIncome": 5038.7,
        "provisionforIncomeTaxes": 628.9,
        "researchDevelopment": 3022.5,
        "revenue": 13532.8,
        "sgaExpense": 2424.5,
        "totalOperatingExpense": 5447,
        "totalOtherIncomeExpenseNet": 90.3
      },
      {
        "costOfGoodsSold": 2170.8,
        "dilutedAverageSharesOutstanding": 905,
        "dilutedEPS": 1.07,
        "ebit": 4434.4,
        "grossIncome": 9268.3,
        "interestExpense": 192.7,
        "interestIncomeExpense": -32.5,
        "netIncome": 970.3,
        "netIncomeAfterTaxes": 970.3,
        "nonRecurringItems": -2908,
        "period": "2024-09-30",
        "pretaxIncome": 1588.4,
        "provisionforIncomeTaxes": 618.1,
        "researchDevelopment": 2734.1,
        "revenue": 11439.1,
        "sgaExpense": 2099.8,
        "totalOperatingExpense": 4833.9,
        "totalOtherIncomeExpenseNet": 94.5
      },
      {
        "costOfGoodsSold": 2170.2,
        "dilutedAverageSharesOutstanding": 904.2,
        "dilutedEPS": 3.28,
        "ebit": 4304.1,
        "grossIncome": 9132.6,
        "interestExpense": 183.6,
        "interestIncomeExpense": -304.2,
        "netIncome": 2967,
        "netIncomeAfterTaxes": 2967,
        "nonRecurringItems": -589.3,
        "period": "2024-06-30",
        "pretaxIncome": 3517.2,
        "provisionforIncomeTaxes": 550.2,
        "researchDevelopment": 2711.2,
        "revenue": 11302.8,
        "sgaExpense": 2117.3,
        "totalOperatingExpense": 4828.5,
        "totalOtherIncomeExpenseNet": 106.6
      },
      {
        "costOfGoodsSold": 1673.5,
        "dilutedAverageSharesOutstanding": 903.8,
        "dilutedEPS": 2.48,
        "ebit": 2619.5,
        "grossIncome": 7094.5,
        "interestExpense": 179.6,
        "interestIncomeExpense": -117.8,
        "netIncome": 2242.9,
        "netIncomeAfterTaxes": 2242.9,
        "nonRecurringItems": -110.5,
        "period": "2024-03-31",
        "pretaxIncome": 2536.1,
        "provisionforIncomeTaxes": 293.2,
        "researchDevelopment": 2522.8,
        "revenue": 8768,
        "sgaExpense": 1952.2,
        "totalOperatingExpense": 4475,
        "totalOtherIncomeExpenseNet": 144.9
      },
      {
        "costOfGoodsSold": 1788,
        "dilutedAverageSharesOutstanding": 903.836,
        "dilutedEPS": 2.42,
        "ebit": 3078.1,
        "grossIncome": 7565.4,
        "interestExpense": 138.2,
        "interestIncomeExpense": 27.6,
        "netIncome": 2189.7,
        "netIncomeAfterTaxes": 2189.7,
        "nonRecurringItems": -690.3,
        "period": "2023-12-31",
        "pretaxIncome": 2508.8,
        "provisionforIncomeTaxes": 319.1,
        "researchDevelopment": 2562.7,
        "revenue": 9353.4,
        "sgaExpense": 1924.6,
        "totalOperatingExpense": 4487.3,
        "totalOtherIncomeExpenseNet": 93.4
      },
      {
        "costOfGoodsSold": 1860.1,
        "dilutedAverageSharesOutstanding": 899.8,
        "dilutedEPS": -0.06,
        "ebit": 3425.5,
        "grossIncome": 7638.5,
        "interestExpense": 124.6,
        "interestIncomeExpense": -138.6,
        "netIncome": -57.4,
        "netIncomeAfterTaxes": -57.4,
        "nonRecurringItems": -2975.1,
        "period": "2023-09-30",
        "pretaxIncome": 427.2,
        "provisionforIncomeTaxes": 484.6,
        "researchDevelopment": 2409.1,
        "revenue": 9498.6,
        "sgaExpense": 1803.9,
        "totalOperatingExpense": 4213,
        "totalOtherIncomeExpenseNet": 115.4
      },
      {
        "costOfGoodsSold": 1807.4,
        "dilutedAverageSharesOutstanding": 902.7,
        "dilutedEPS": 1.95,
        "ebit": 2222.8,
        "grossIncome": 6504.7,
        "interestExpense": 120.3,
        "interestIncomeExpense": -139.2,
        "netIncome": 1763.2,
        "netIncomeAfterTaxes": 1763.2,
        "nonRecurringItems": -97.1,
        "period": "2023-06-30",
        "pretaxIncome": 2088.9,
        "provisionforIncomeTaxes": 325.7,
        "researchDevelopment": 2356.5,
        "revenue": 8312.1,
        "sgaExpense": 1925.4,
        "totalOperatingExpense": 4281.9,
        "totalOtherIncomeExpenseNet": 102.4
      },
      {
        "costOfGoodsSold": 1626.7,
        "dilutedAverageSharesOutstanding": 903.3,
        "dilutedEPS": 1.49,
        "ebit": 1599,
        "grossIncome": 5333.3,
        "interestExpense": 102.8,
        "interestIncomeExpense": -82.3,
        "netIncome": 1344.9,
        "netIncomeAfterTaxes": 1344.9,
        "nonRecurringItems": -105,
        "period": "2023-03-31",
        "pretaxIncome": 1529.7,
        "provisionforIncomeTaxes": 184.8,
        "researchDevelopment": 1985.1,
        "revenue": 6960,
        "sgaExpense": 1749.2,
        "totalOperatingExpense": 3734.3,
        "totalOtherIncomeExpenseNet": 118
      },
      {
        "costOfGoodsSold": 1548.1,
        "dilutedAverageSharesOutstanding": 901.544,
        "dilutedEPS": 2.15,
        "ebit": 2114.6,
        "grossIncome": 5753.7,
        "interestExpense": 84,
        "interestIncomeExpense": 198.4,
        "netIncome": 1937.7,
        "netIncomeAfterTaxes": 1937.7,
        "nonRecurringItems": -278.2,
        "period": "2022-12-31",
        "pretaxIncome": 2096.4,
        "provisionforIncomeTaxes": 158.7,
        "researchDevelopment": 1995.9,
        "revenue": 7301.8,
        "sgaExpense": 1643.2,
        "totalOperatingExpense": 3639.1,
        "totalOtherIncomeExpenseNet": 61.6
      },
      {
        "costOfGoodsSold": 1579.1,
        "dilutedAverageSharesOutstanding": 903.8,
        "dilutedEPS": 1.61,
        "ebit": 1945.4,
        "grossIncome": 5362.5,
        "interestExpense": 81.5,
        "interestIncomeExpense": -184.7,
        "netIncome": 1451.7,
        "netIncomeAfterTaxes": 1451.7,
        "nonRecurringItems": -268.9,
        "period": "2022-09-30",
        "pretaxIncome": 1565.5,
        "provisionforIncomeTaxes": 113.8,
        "researchDevelopment": 1802.9,
        "revenue": 6941.6,
        "sgaExpense": 1614.2,
        "totalOperatingExpense": 3417.1,
        "totalOtherIncomeExpenseNet": 73.7
      },
      {
        "costOfGoodsSold": 1430.5,
        "dilutedAverageSharesOutstanding": 902.9,
        "dilutedEPS": 1.05,
        "ebit": 1650.5,
        "grossIncome": 5057.5,
        "interestExpense": 81.2,
        "interestIncomeExpense": -189.9,
        "netIncome": 952.5,
        "netIncomeAfterTaxes": 952.5,
        "nonRecurringItems": -440.4,
        "period": "2022-06-30",
        "pretaxIncome": 1090.9,
        "provisionforIncomeTaxes": 138.4,
        "researchDevelopment": 1781.9,
        "revenue": 6488,
        "sgaExpense": 1625.1,
        "totalOperatingExpense": 3407,
        "totalOtherIncomeExpenseNet": 70.7
      },
      {
        "costOfGoodsSold": 2072.1,
        "dilutedAverageSharesOutstanding": 906.4,
        "dilutedEPS": 2.1,
        "ebit": 2569.9,
        "grossIncome": 5737.9,
        "interestExpense": 84.9,
        "interestIncomeExpense": -503.3,
        "netIncome": 1902.9,
        "netIncomeAfterTaxes": 1902.9,
        "nonRecurringItems": -165.6,
        "period": "2022-03-31",
        "pretaxIncome": 2053.6,
        "provisionforIncomeTaxes": 150.7,
        "researchDevelopment": 1610.1,
        "revenue": 7810,
        "sgaExpense": 1557.9,
        "totalOperatingExpense": 3168,
        "totalOtherIncomeExpenseNet": 152.6
      },
      {
        "costOfGoodsSold": 2050.2,
        "dilutedAverageSharesOutstanding": 911.624,
        "dilutedEPS": 1.89,
        "ebit": 2398.3,
        "grossIncome": 5949.7,
        "interestExpense": 81.4,
        "interestIncomeExpense": -167.2,
        "netIncome": 1726.1,
        "netIncomeAfterTaxes": 1726.1,
        "nonRecurringItems": -481.1,
        "period": "2021-12-31",
        "pretaxIncome": 1839.9,
        "provisionforIncomeTaxes": 113.8,
        "researchDevelopment": 1959.4,
        "revenue": 7999.9,
        "sgaExpense": 1592,
        "totalOperatingExpense": 3551.4,
        "totalOtherIncomeExpenseNet": 89.9
      },
      {
        "costOfGoodsSold": 1430.8,
        "dilutedAverageSharesOutstanding": 910.8,
        "dilutedEPS": 1.22,
        "ebit": 2055.2,
        "grossIncome": 5342,
        "interestExpense": 83.6,
        "interestIncomeExpense": -323.4,
        "netIncome": 1110.1,
        "netIncomeAfterTaxes": 1110.1,
        "nonRecurringItems": -579.2,
        "period": "2021-09-30",
        "pretaxIncome": 1245.3,
        "provisionforIncomeTaxes": 135.2,
        "researchDevelopment": 1708.9,
        "revenue": 6772.8,
        "sgaExpense": 1577.9,
        "totalOperatingExpense": 3286.8,
        "totalOtherIncomeExpenseNet": 92.7
      },
      {
        "costOfGoodsSold": 1953.2,
        "dilutedAverageSharesOutstanding": 910.4,
        "dilutedEPS": 1.53,
        "ebit": 1428.4,
        "grossIncome": 4786.9,
        "interestExpense": 86.9,
        "interestIncomeExpense": 133.9,
        "netIncome": 1390.2,
        "netIncomeAfterTaxes": 1390.2,
        "nonRecurringItems": -25,
        "period": "2021-06-30",
        "pretaxIncome": 1593.9,
        "provisionforIncomeTaxes": 203.7,
        "researchDevelopment": 1672.8,
        "revenue": 6740.1,
        "sgaExpense": 1685.7,
        "totalOperatingExpense": 3358.5,
        "totalOtherIncomeExpenseNet": 56.6
      },
      {
        "costOfGoodsSold": 1878.6,
        "dilutedAverageSharesOutstanding": 912.4,
        "dilutedEPS": 1.49,
        "ebit": 1666.2,
        "grossIncome": 4927,
        "interestExpense": 87.8,
        "interestIncomeExpense": 219.2,
        "netIncome": 1355.3,
        "netIncomeAfterTaxes": 1355.3,
        "nonRecurringItems": -510.9,
        "period": "2021-03-31",
        "pretaxIncome": 1476.4,
        "provisionforIncomeTaxes": 121.1,
        "researchDevelopment": 1684.8,
        "revenue": 6805.6,
        "sgaExpense": 1576,
        "totalOperatingExpense": 3260.8,
        "totalOtherIncomeExpenseNet": 101.9
      },
      {
        "costOfGoodsSold": 1719.8,
        "dilutedAverageSharesOutstanding": 914.32,
        "dilutedEPS": 2.32,
        "ebit": 2328.3,
        "grossIncome": 5720.2,
        "interestExpense": 89.2,
        "interestIncomeExpense": -83.4,
        "netIncome": 2116.8,
        "netIncomeAfterTaxes": 2116.8,
        "nonRecurringItems": -336.2,
        "period": "2020-12-31",
        "pretaxIncome": 2469.1,
        "provisionforIncomeTaxes": 352.3,
        "researchDevelopment": 1838,
        "revenue": 7440,
        "sgaExpense": 1553.9,
        "totalOperatingExpense": 3391.9,
        "totalOtherIncomeExpenseNet": 560.4
      },
      {
        "costOfGoodsSold": 1326.4,
        "dilutedAverageSharesOutstanding": 911.4,
        "dilutedEPS": 1.33,
        "ebit": 1379.7,
        "grossIncome": 4414.2,
        "interestExpense": 89.6,
        "interestIncomeExpense": -83.8,
        "netIncome": 1208.4,
        "netIncomeAfterTaxes": 1208.4,
        "nonRecurringItems": -101.4,
        "period": "2020-09-30",
        "pretaxIncome": 1437.2,
        "provisionforIncomeTaxes": 228.8,
        "researchDevelopment": 1465.4,
        "revenue": 5740.6,
        "sgaExpense": 1569.1,
        "totalOperatingExpense": 3034.5,
        "totalOtherIncomeExpenseNet": 242.7
      },
      {
        "costOfGoodsSold": 1222,
        "dilutedAverageSharesOutstanding": 910.9,
        "dilutedEPS": 1.55,
        "ebit": 1438.6,
        "grossIncome": 4277.4,
        "interestExpense": 88.3,
        "interestIncomeExpense": -81.2,
        "netIncome": 1412,
        "netIncomeAfterTaxes": 1412,
        "nonRecurringItems": -241.8,
        "period": "2020-06-30",
        "pretaxIncome": 1643.7,
        "provisionforIncomeTaxes": 231.7,
        "researchDevelopment": 1390.2,
        "revenue": 5499.4,
        "sgaExpense": 1448.6,
        "totalOperatingExpense": 2838.8,
        "totalOtherIncomeExpenseNet": 528.1
      },
      {
        "costOfGoodsSold": 1215.1,
        "dilutedAverageSharesOutstanding": 911.7,
        "dilutedEPS": 1.6,
        "ebit": 1703,
        "grossIncome": 4644.7,
        "interestExpense": 92.5,
        "interestIncomeExpense": -72.5,
        "netIncome": 1456.5,
        "netIncomeAfterTaxes": 1456.5,
        "nonRecurringItems": -112.2,
        "period": "2020-03-31",
        "pretaxIncome": 1679.9,
        "provisionforIncomeTaxes": 223.4,
        "researchDevelopment": 1392.1,
        "revenue": 5859.8,
        "sgaExpense": 1549.6,
        "totalOperatingExpense": 2941.7,
        "totalOtherIncomeExpenseNet": 161.6
      },
      {
        "costOfGoodsSold": 1282.6,
        "dilutedAverageSharesOutstanding": 915.536,
        "dilutedEPS": 1.63,
        "ebit": 1551.9,
        "grossIncome": 4831.4,
        "interestExpense": 95.9,
        "interestIncomeExpense": -82.7,
        "netIncome": 1495.7,
        "netIncomeAfterTaxes": 1495.7,
        "nonRecurringItems": -94.4,
        "period": "2019-12-31",
        "pretaxIncome": 1663.1,
        "provisionforIncomeTaxes": 167.4,
        "researchDevelopment": 1581.4,
        "revenue": 6114,
        "sgaExpense": 1698.1,
        "totalOperatingExpense": 3279.5,
        "totalOtherIncomeExpenseNet": 288.3
      },
      {
        "costOfGoodsSold": 1175,
        "dilutedAverageSharesOutstanding": 918.5,
        "dilutedEPS": 1.37,
        "ebit": 1508.4,
        "grossIncome": 4301.6,
        "interestExpense": 107.4,
        "interestIncomeExpense": -37.5,
        "netIncome": 1253.9,
        "netIncomeAfterTaxes": 1253.9,
        "nonRecurringItems": -77.7,
        "period": "2019-09-30",
        "pretaxIncome": 1405.8,
        "provisionforIncomeTaxes": 151.9,
        "researchDevelopment": 1380.9,
        "revenue": 5476.6,
        "sgaExpense": 1412.3,
        "totalOperatingExpense": 2793.2,
        "totalOtherIncomeExpenseNet": 12.6
      },
      {
        "costOfGoodsSold": 1124.9,
        "dilutedAverageSharesOutstanding": 924.6,
        "dilutedEPS": 1.44,
        "ebit": 1523.3,
        "grossIncome": 4511.8,
        "interestExpense": 110.9,
        "interestIncomeExpense": -83,
        "netIncome": 1327.2,
        "netIncomeAfterTaxes": 1327.2,
        "nonRecurringItems": -25,
        "period": "2019-06-30",
        "pretaxIncome": 1465.9,
        "provisionforIncomeTaxes": 138.7,
        "researchDevelopment": 1402.2,
        "revenue": 5636.7,
        "sgaExpense": 1586.3,
        "totalOperatingExpense": 2988.5,
        "totalOtherIncomeExpenseNet": 50.6
      },
      {
        "costOfGoodsSold": 1138.7,
        "dilutedAverageSharesOutstanding": 984,
        "dilutedEPS": 4.31,
        "ebit": 1205.9,
        "grossIncome": 3953.5,
        "interestExpense": 86.5,
        "interestIncomeExpense": -104.8,
        "netIncome": 4241.6,
        "netIncomeAfterTaxes": 561.1,
        "nonRecurringItems": -560.8,
        "period": "2019-03-31",
        "pretaxIncome": 731.1,
        "provisionforIncomeTaxes": 170,
        "researchDevelopment": 1230.5,
        "revenue": 5092.2,
        "sgaExpense": 1517.1,
        "totalOperatingExpense": 2747.6,
        "totalOtherIncomeExpenseNet": 190.8
      },
      {
        "costOfGoodsSold": 1129.9,
        "dilutedAverageSharesOutstanding": 1021.268,
        "dilutedEPS": 1.1,
        "ebit": 1422.3,
        "grossIncome": 4507.7,
        "interestExpense": 57.2,
        "interestIncomeExpense": -16.7,
        "netIncome": 1125,
        "netIncomeAfterTaxes": 1296.7,
        "nonRecurringItems": -522.1,
        "period": "2018-12-31",
        "pretaxIncome": 931.6,
        "provisionforIncomeTaxes": -365.1,
        "researchDevelopment": 1391.8,
        "revenue": 5637.6,
        "sgaExpense": 1693.6,
        "totalOperatingExpense": 3085.4,
        "totalOtherIncomeExpenseNet": 48.1
      },
      {
        "costOfGoodsSold": 1152.9,
        "dilutedAverageSharesOutstanding": 1026.3,
        "dilutedEPS": 1.12,
        "ebit": 1415.9,
        "grossIncome": 4154,
        "interestExpense": 60.8,
        "interestIncomeExpense": -28,
        "netIncome": 1149.5,
        "netIncomeAfterTaxes": 1093.6,
        "nonRecurringItems": -72.9,
        "period": "2018-09-30",
        "pretaxIncome": 1341.1,
        "provisionforIncomeTaxes": 247.5,
        "researchDevelopment": 1280.9,
        "revenue": 5306.9,
        "sgaExpense": 1457.2,
        "totalOperatingExpense": 2738.1,
        "totalOtherIncomeExpenseNet": 26.1
      },
      {
        "costOfGoodsSold": 1234.3,
        "dilutedAverageSharesOutstanding": 1030.2,
        "dilutedEPS": -0.25,
        "ebit": 1594.1,
        "grossIncome": 4350.7,
        "interestExpense": 63.3,
        "interestIncomeExpense": -81.2,
        "netIncome": -259.9,
        "netIncomeAfterTaxes": -231.6,
        "nonRecurringItems": -1599,
        "period": "2018-06-30",
        "pretaxIncome": 41.7,
        "provisionforIncomeTaxes": 273.3,
        "researchDevelopment": 1271,
        "revenue": 5585,
        "sgaExpense": 1485.6,
        "totalOperatingExpense": 2756.6,
        "totalOtherIncomeExpenseNet": 127.8
      },
      {
        "costOfGoodsSold": 1164.6,
        "dilutedAverageSharesOutstanding": 1049.8,
        "dilutedEPS": 1.15,
        "ebit": 1353,
        "grossIncome": 3799.2,
        "interestExpense": 61.2,
        "interestIncomeExpense": -32.4,
        "netIncome": 1217.4,
        "netIncomeAfterTaxes": 1167.2,
        "nonRecurringItems": -56.8,
        "period": "2018-03-31",
        "pretaxIncome": 1365.7,
        "provisionforIncomeTaxes": 198.5,
        "researchDevelopment": 1107.5,
        "revenue": 4963.8,
        "sgaExpense": 1338.7,
        "totalOperatingExpense": 2446.2,
        "totalOtherIncomeExpenseNet": 101.9
      },
      {
        "costOfGoodsSold": 1624.8,
        "dilutedAverageSharesOutstanding": 1043.692,
        "dilutedEPS": -1.58,
        "ebit": 1282.2,
        "grossIncome": 4535.9,
        "interestExpense": 62.9,
        "interestIncomeExpense": -10.2,
        "netIncome": -1656.9,
        "netIncomeAfterTaxes": 257.1,
        "nonRecurringItems": -1053.2,
        "period": "2017-12-31",
        "pretaxIncome": 284.1,
        "provisionforIncomeTaxes": 27,
        "researchDevelopment": 1473.2,
        "revenue": 6160.7,
        "sgaExpense": 1780.5,
        "totalOperatingExpense": 3253.7,
        "totalOtherIncomeExpenseNet": 65.3
      },
      {
        "costOfGoodsSold": 1586.3,
        "dilutedAverageSharesOutstanding": 1056,
        "dilutedEPS": 0.53,
        "ebit": 1153.2,
        "grossIncome": 4071.7,
        "interestExpense": 61.9,
        "interestIncomeExpense": -16.8,
        "netIncome": 555.6,
        "netIncomeAfterTaxes": 555.6,
        "nonRecurringItems": -611.5,
        "period": "2017-09-30",
        "pretaxIncome": 591.6,
        "provisionforIncomeTaxes": 36,
        "researchDevelopment": 1340,
        "revenue": 5658,
        "sgaExpense": 1578.5,
        "totalOperatingExpense": 2918.5,
        "totalOtherIncomeExpenseNet": 66.7
      },
      {
        "costOfGoodsSold": 1571.7,
        "dilutedAverageSharesOutstanding": 1057.1,
        "dilutedEPS": 0.95,
        "ebit": 1250.1,
        "grossIncome": 4252.6,
        "interestExpense": 178.4,
        "interestIncomeExpense": -16.7,
        "netIncome": 1008,
        "netIncomeAfterTaxes": 1008,
        "nonRecurringItems": -50,
        "period": "2017-06-30",
        "pretaxIncome": 1260.5,
        "provisionforIncomeTaxes": 252.5,
        "researchDevelopment": 1272.1,
        "revenue": 5824.3,
        "sgaExpense": 1730.4,
        "totalOperatingExpense": 3002.5,
        "totalOtherIncomeExpenseNet": 77.1
      },
      {
        "costOfGoodsSold": 1327.7,
        "dilutedAverageSharesOutstanding": 1056.3,
        "dilutedEPS": -0.1,
        "ebit": 1117.6,
        "grossIncome": 3900.6,
        "interestExpense": 46.6,
        "interestIncomeExpense": -14,
        "netIncome": -110.8,
        "netIncomeAfterTaxes": -110.8,
        "nonRecurringItems": -1071.5,
        "period": "2017-03-31",
        "pretaxIncome": 61.2,
        "provisionforIncomeTaxes": 172,
        "researchDevelopment": 1238.3,
        "revenue": 5228.3,
        "sgaExpense": 1544.7,
        "totalOperatingExpense": 2783,
        "totalOtherIncomeExpenseNet": 29.1
      },
      {
        "costOfGoodsSold": 1466,
        "dilutedAverageSharesOutstanding": 1064,
        "dilutedEPS": 0.73,
        "ebit": 1053.8,
        "grossIncome": 4294.5,
        "interestExpense": 51.4,
        "interestIncomeExpense": -19.5,
        "netIncome": 771.8,
        "netIncomeAfterTaxes": 771.8,
        "nonRecurringItems": -177.6,
        "period": "2016-12-31",
        "pretaxIncome": 892,
        "provisionforIncomeTaxes": 120.2,
        "researchDevelopment": 1450.6,
        "revenue": 5760.5,
        "sgaExpense": 1790.1,
        "totalOperatingExpense": 3240.7,
        "totalOtherIncomeExpenseNet": 35.3
      },
      {
        "costOfGoodsSold": 1400.9,
        "dilutedAverageSharesOutstanding": 1060.8,
        "dilutedEPS": 0.73,
        "ebit": 989,
        "grossIncome": 3790.8,
        "interestExpense": 47.2,
        "interestIncomeExpense": -18.1,
        "netIncome": 778,
        "netIncomeAfterTaxes": 778,
        "nonRecurringItems": -45.5,
        "period": "2016-09-30",
        "pretaxIncome": 970.7,
        "provisionforIncomeTaxes": 192.7,
        "researchDevelopment": 1236.4,
        "revenue": 5191.7,
        "sgaExpense": 1565.4,
        "totalOperatingExpense": 2801.8,
        "totalOtherIncomeExpenseNet": 45.3
      },
      {
        "costOfGoodsSold": 1465,
        "dilutedAverageSharesOutstanding": 1060.1,
        "dilutedEPS": 0.71,
        "ebit": 981.3,
        "grossIncome": 3939.8,
        "interestExpense": 43.2,
        "interestIncomeExpense": -19.7,
        "netIncome": 747.7,
        "netIncomeAfterTaxes": 747.7,
        "nonRecurringItems": -58,
        "period": "2016-06-30",
        "pretaxIncome": 944.5,
        "provisionforIncomeTaxes": 196.8,
        "researchDevelopment": 1335.9,
        "revenue": 5404.8,
        "sgaExpense": 1622.6,
        "totalOperatingExpense": 2958.5,
        "totalOtherIncomeExpenseNet": 40.9
      },
      {
        "costOfGoodsSold": 1323,
        "dilutedAverageSharesOutstanding": 1063.1,
        "dilutedEPS": 0.41,
        "ebit": 847.2,
        "grossIncome": 3542.1,
        "interestExpense": 43.4,
        "interestIncomeExpense": -19.2,
        "netIncome": 440.1,
        "netIncomeAfterTaxes": 440.1,
        "nonRecurringItems": -131.4,
        "period": "2016-03-31",
        "pretaxIncome": 566.8,
        "provisionforIncomeTaxes": 126.7,
        "researchDevelopment": 1221,
        "revenue": 4865.1,
        "sgaExpense": 1473.9,
        "totalOperatingExpense": 2694.9,
        "totalOtherIncomeExpenseNet": -129.8
      },
      {
        "costOfGoodsSold": 1389.2,
        "dilutedAverageSharesOutstanding": 1063.111,
        "dilutedEPS": 0.45,
        "ebit": 743.8,
        "grossIncome": 3986.4,
        "interestExpense": 44.2,
        "interestIncomeExpense": -20.4,
        "netIncome": 478.4,
        "netIncomeAfterTaxes": 478.4,
        "nonRecurringItems": -343.9,
        "period": "2015-12-31",
        "pretaxIncome": 444.6,
        "provisionforIncomeTaxes": -33.8,
        "researchDevelopment": 1444.2,
        "revenue": 5375.6,
        "sgaExpense": 1798.4,
        "totalOperatingExpense": 3242.6,
        "totalOtherIncomeExpenseNet": 65.1
      },
      {
        "costOfGoodsSold": 1236.9,
        "dilutedAverageSharesOutstanding": 1065.2,
        "dilutedEPS": 0.75,
        "ebit": 1003.7,
        "grossIncome": 3722.8,
        "interestExpense": 39.3,
        "interestIncomeExpense": -18.1,
        "netIncome": 799.7,
        "netIncomeAfterTaxes": 799.7,
        "nonRecurringItems": -42.4,
        "period": "2015-09-30",
        "pretaxIncome": 1047.8,
        "provisionforIncomeTaxes": 248.1,
        "researchDevelopment": 1143.4,
        "revenue": 4959.7,
        "sgaExpense": 1575.7,
        "totalOperatingExpense": 2719.1,
        "totalOtherIncomeExpenseNet": 104.6
      }
    ],
    "symbol": "LLY"
  }
}