{
  "symbol": "XYZ",
  "statement": "ic",
  "frequency": "annual",
  "timestamp": "2025-09-19T13:56:53.128068",
  "data": {
    "financials": [
      {
        "costOfGoodsSold": 15232.017,
        "depreciationAmortization": 154.709,
        "dilutedAverageSharesOutstanding": 636.39,
        "dilutedEPS": 4.55,
        "ebit": 1686.548,
        "grossIncome": 8889.036,
        "interestIncomeExpense": 443.861,
        "minorityInterest": 30.55,
        "netIncome": 2897.047,
        "netIncomeAfterTaxes": 2866.497,
        "nonRecurringItems": -794.221,
        "period": "2024-12-31",
        "pretaxIncome": 1357.154,
        "provisionforIncomeTaxes": -1509.343,
        "researchDevelopment": 2914.415,
        "revenue": 24121.053,
        "sgaExpense": 4133.364,
        "totalOperatingExpense": 7202.488,
        "totalOtherIncomeExpenseNet": 20.966,
        "year": 2024
      },
      {
        "costOfGoodsSold": 14410.737,
        "depreciationAmortization": 174.044,
        "dilutedAverageSharesOutstanding": 614.024,
        "dilutedEPS": 0.02,
        "ebit": 381.824,
        "grossIncome": 7504.886,
        "interestIncomeExpense": 30.698,
        "minorityInterest": 30.896,
        "netIncome": 9.772,
        "netIncomeAfterTaxes": -21.124,
        "nonRecurringItems": -660.663,
        "period": "2023-12-31",
        "pretaxIncome": -29.143,
        "provisionforIncomeTaxes": -8.019,
        "researchDevelopment": 2720.819,
        "revenue": 21915.623,
        "sgaExpense": 4228.199,
        "totalOperatingExpense": 7123.062,
        "totalOtherIncomeExpenseNet": 218.998,
        "year": 2023
      },
      {
        "costOfGoodsSold": 11539.695,
        "depreciationAmortization": 138.758,
        "dilutedAverageSharesOutstanding": 578.949,
        "dilutedEPS": -0.93,
        "ebit": -27.278,
        "grossIncome": 5991.892,
        "interestIncomeExpense": 37.229,
        "minorityInterest": 12.258,
        "netIncome": -540.747,
        "netIncomeAfterTaxes": -553.005,
        "nonRecurringItems": -597.254,
        "period": "2022-12-31",
        "pretaxIncome": -565.317,
        "provisionforIncomeTaxes": -12.312,
        "researchDevelopment": 2135.612,
        "revenue": 17531.587,
        "sgaExpense": 3744.8,
        "totalOperatingExpense": 6019.17,
        "totalOtherIncomeExpenseNet": 21.986,
        "year": 2022
      },
      {
        "costOfGoodsSold": 13241.38,
        "dilutedAverageSharesOutstanding": 501.779,
        "dilutedEPS": 0.33,
        "ebit": 420.229,
        "grossIncome": 4419.823,
        "interestIncomeExpense": 2.369,
        "minorityInterest": 7.458,
        "netIncome": 166.284,
        "netIncomeAfterTaxes": 158.826,
        "nonRecurringItems": -259.117,
        "period": "2021-12-31",
        "pretaxIncome": 157.462,
        "provisionforIncomeTaxes": -1.364,
        "researchDevelopment": 1399.079,
        "revenue": 17661.203,
        "sgaExpense": 2600.515,
        "totalOperatingExpense": 3999.594,
        "totalOtherIncomeExpenseNet": -6.019,
        "year": 2021
      },
      {
        "costOfGoodsSold": 6764.169,
        "depreciationAmortization": 3.855,
        "dilutedAverageSharesOutstanding": 482.167,
        "dilutedEPS": 0.44,
        "ebit": 158.855,
        "grossIncome": 2733.409,
        "interestIncomeExpense": 238.354,
        "netIncome": 213.105,
        "netIncomeAfterTaxes": 213.105,
        "nonRecurringItems": -177.67,
        "period": "2020-12-31",
        "pretaxIncome": 215.967,
        "provisionforIncomeTaxes": 2.862,
        "researchDevelopment": 881.826,
        "revenue": 9497.578,
        "sgaExpense": 1688.873,
        "totalOperatingExpense": 2574.554,
        "totalOtherIncomeExpenseNet": -3.572,
        "year": 2020
      },
      {
        "costOfGoodsSold": 2823.815,
        "depreciationAmortization": 4.481,
        "dilutedAverageSharesOutstanding": 466.076,
        "dilutedEPS": 0.81,
        "ebit": 153.516,
        "grossIncome": 1889.685,
        "interestIncomeExpense": -33.842,
        "netIncome": 375.446,
        "netIncomeAfterTaxes": 375.446,
        "nonRecurringItems": 246.486,
        "period": "2019-12-31",
        "pretaxIncome": 378.213,
        "provisionforIncomeTaxes": 2.767,
        "researchDevelopment": 670.606,
        "revenue": 4713.5,
        "sgaExpense": 1061.082,
        "totalOperatingExpense": 1736.169,
        "totalOtherIncomeExpenseNet": 12.053,
        "year": 2019
      },
      {
        "costOfGoodsSold": 1994.477,
        "depreciationAmortization": 4.362,
        "dilutedAverageSharesOutstanding": 405.731,
        "dilutedEPS": -0.09,
        "ebit": 51.463,
        "grossIncome": 1303.7,
        "interestIncomeExpense": 2.36,
        "netIncome": -38.453,
        "netIncomeAfterTaxes": -38.453,
        "nonRecurringItems": -88.077,
        "period": "2018-12-31",
        "pretaxIncome": -36.127,
        "provisionforIncomeTaxes": 2.326,
        "researchDevelopment": 497.479,
        "revenue": 3298.177,
        "sgaExpense": 750.396,
        "totalOperatingExpense": 1252.237,
        "totalOtherIncomeExpenseNet": -1.873,
        "year": 2018
      },
      {
        "costOfGoodsSold": 1374.947,
        "depreciationAmortization": 0.883,
        "dilutedAverageSharesOutstanding": 379.344,
        "dilutedEPS": -0.17,
        "ebit": 12.812,
        "grossIncome": 839.306,
        "interestIncomeExpense": -8.458,
        "netIncome": -62.813,
        "netIncomeAfterTaxes": -63.022,
        "nonRecurringItems": -67.018,
        "period": "2017-12-31",
        "pretaxIncome": -62.664,
        "provisionforIncomeTaxes": 0.358,
        "researchDevelopment": 321.888,
        "revenue": 2214.253,
        "sgaExpense": 503.723,
        "totalOperatingExpense": 826.494,
        "year": 2017
      },
      {
        "costOfGoodsSold": 1132.683,
        "depreciationAmortization": 0.85,
        "dilutedAverageSharesOutstanding": 341.555,
        "dilutedEPS": -0.5,
        "ebit": -119.218,
        "grossIncome": 576.038,
        "interestIncomeExpense": 0.78,
        "netIncome": -171.59,
        "netIncomeAfterTaxes": -171.59,
        "nonRecurringItems": -51.235,
        "period": "2016-12-31",
        "pretaxIncome": -169.673,
        "provisionforIncomeTaxes": 1.917,
        "researchDevelopment": 268.537,
        "revenue": 1708.721,
        "sgaExpense": 425.869,
        "totalOperatingExpense": 695.256,
        "year": 2016
      },
      {
        "costOfGoodsSold": 897.088,
        "depreciationAmortization": 1.757,
        "dilutedAverageSharesOutstanding": 334.949,
        "dilutedEPS": -0.63,
        "ebit": -120.449,
        "grossIncome": 370.03,
        "interestIncomeExpense": -2.986,
        "netIncome": -212.017,
        "netIncomeAfterTaxes": -179.817,
        "nonRecurringItems": -52.524,
        "period": "2015-12-31",
        "pretaxIncome": -176.071,
        "provisionforIncomeTaxes": 3.746,
        "researchDevelopment": 199.638,
        "revenue": 1267.118,
        "sgaExpense": 289.084,
        "totalOperatingExpense": 490.479,
        "totalOtherIncomeExpenseNet": -0.112,
        "year": 2015
      }
    ],
    "symbol": "XYZ"
  }
}