{
  "symbol": "CAH",
  "statement": "ic",
  "frequency": "annual",
  "timestamp": "2025-09-19T13:57:24.294971",
  "data": {
    "financials": [
      {
        "costOfGoodsSold": 214410,
        "depreciationAmortization": 303,
        "dilutedAverageSharesOutstanding": 242,
        "dilutedEPS": 6.4504,
        "ebit": 2483,
        "grossIncome": 8168,
        "interestExpense": 215,
        "interestIncomeExpense": -215,
        "minorityInterest": -8,
        "netIncome": 1561,
        "netIncomeAfterTaxes": 1569,
        "nonRecurringItems": -208,
        "period": "2025-06-30",
        "pretaxIncome": 2101,
        "provisionforIncomeTaxes": 532,
        "revenue": 222578,
        "sgaExpense": 5382,
        "totalOperatingExpense": 5685,
        "totalOtherIncomeExpenseNet": 41,
        "year": 2025
      },
      {
        "costOfGoodsSold": 219413,
        "depreciationAmortization": 264,
        "dilutedAverageSharesOutstanding": 247,
        "dilutedEPS": 3.4494,
        "ebit": 2150,
        "grossIncome": 7414,
        "interestExpense": 51,
        "interestIncomeExpense": -51,
        "minorityInterest": -1,
        "netIncome": 852,
        "netIncomeAfterTaxes": 853,
        "nonRecurringItems": -907,
        "period": "2024-06-30",
        "pretaxIncome": 1201,
        "provisionforIncomeTaxes": 348,
        "revenue": 226827,
        "sgaExpense": 5000,
        "totalOperatingExpense": 5264,
        "totalOtherIncomeExpenseNet": 9,
        "year": 2024
      },
      {
        "costOfGoodsSold": 198123,
        "depreciationAmortization": 281,
        "dilutedAverageSharesOutstanding": 262,
        "dilutedEPS": 1,
        "ebit": 1774,
        "grossIncome": 6889,
        "interestExpense": 84,
        "interestIncomeExpense": -93,
        "minorityInterest": -1,
        "netIncome": 261,
        "netIncomeAfterTaxes": 262,
        "nonRecurringItems": -1047,
        "period": "2023-06-30",
        "pretaxIncome": 638,
        "provisionforIncomeTaxes": 376,
        "revenue": 205012,
        "sgaExpense": 4834,
        "totalOperatingExpense": 5115,
        "totalOtherIncomeExpenseNet": 4,
        "year": 2023
      },
      {
        "costOfGoodsSold": 174819,
        "depreciationAmortization": 311,
        "dilutedAverageSharesOutstanding": 279,
        "dilutedEPS": -3.34,
        "ebit": 1677,
        "grossIncome": 6545,
        "interestExpense": 147,
        "interestIncomeExpense": -147,
        "minorityInterest": -1,
        "netIncome": -933,
        "netIncomeAfterTaxes": -932,
        "nonRecurringItems": -2283,
        "period": "2022-06-30",
        "pretaxIncome": -769,
        "provisionforIncomeTaxes": 163,
        "revenue": 181364,
        "sgaExpense": 4557,
        "totalOperatingExpense": 4868,
        "totalOtherIncomeExpenseNet": -16,
        "year": 2022
      },
      {
        "costOfGoodsSold": 155689,
        "depreciationAmortization": 428,
        "dilutedAverageSharesOutstanding": 294,
        "dilutedEPS": 2.08,
        "ebit": 1817,
        "grossIncome": 6778,
        "interestExpense": 180,
        "interestIncomeExpense": -182,
        "minorityInterest": -1,
        "netIncome": 611,
        "netIncomeAfterTaxes": 612,
        "nonRecurringItems": -1359,
        "period": "2021-06-30",
        "pretaxIncome": 323,
        "provisionforIncomeTaxes": -289,
        "revenue": 162467,
        "sgaExpense": 4533,
        "totalOperatingExpense": 4961,
        "totalOtherIncomeExpenseNet": 47,
        "year": 2021
      },
      {
        "costOfGoodsSold": 146054,
        "depreciationAmortization": 512,
        "dilutedAverageSharesOutstanding": 293,
        "dilutedEPS": -12.61,
        "ebit": 1784,
        "grossIncome": 6868,
        "interestExpense": 238,
        "interestIncomeExpense": 341,
        "minorityInterest": -3,
        "netIncome": -3696,
        "netIncomeAfterTaxes": -3693,
        "nonRecurringItems": -5898,
        "period": "2020-06-30",
        "pretaxIncome": -3772,
        "provisionforIncomeTaxes": -79,
        "revenue": 152922,
        "sgaExpense": 4572,
        "totalOperatingExpense": 5084,
        "totalOtherIncomeExpenseNet": 1,
        "year": 2020
      },
      {
        "costOfGoodsSold": 138700,
        "depreciationAmortization": 531,
        "dilutedAverageSharesOutstanding": 301,
        "dilutedEPS": 4.53,
        "ebit": 1823,
        "grossIncome": 6834,
        "interestExpense": 294,
        "interestIncomeExpense": -307,
        "minorityInterest": -2,
        "netIncome": 1363,
        "netIncomeAfterTaxes": 1365,
        "nonRecurringItems": 237,
        "period": "2019-06-30",
        "pretaxIncome": 1751,
        "provisionforIncomeTaxes": 386,
        "revenue": 145534,
        "sgaExpense": 4480,
        "totalOperatingExpense": 5011,
        "totalOtherIncomeExpenseNet": -2,
        "year": 2019
      },
      {
        "costOfGoodsSold": 129628,
        "depreciationAmortization": 574,
        "dilutedAverageSharesOutstanding": 313,
        "dilutedEPS": 0.81,
        "ebit": 2011,
        "grossIncome": 7181,
        "interestExpense": 329,
        "interestIncomeExpense": -334,
        "minorityInterest": -3,
        "netIncome": 256,
        "netIncomeAfterTaxes": -677,
        "nonRecurringItems": -1887,
        "period": "2018-06-30",
        "pretaxIncome": -228,
        "provisionforIncomeTaxes": 449,
        "revenue": 136809,
        "sgaExpense": 4596,
        "totalOperatingExpense": 5170,
        "totalOtherIncomeExpenseNet": -18,
        "year": 2018
      },
      {
        "costOfGoodsSold": 123432,
        "depreciationAmortization": 392,
        "dilutedAverageSharesOutstanding": 320,
        "dilutedEPS": 4.03,
        "ebit": 2377,
        "grossIncome": 6544,
        "interestExpense": 201,
        "interestIncomeExpense": -206,
        "minorityInterest": -6,
        "netIncome": 1288,
        "netIncomeAfterTaxes": 1294,
        "nonRecurringItems": -257,
        "period": "2017-06-30",
        "pretaxIncome": 1924,
        "provisionforIncomeTaxes": 630,
        "revenue": 129976,
        "sgaExpense": 3775,
        "totalOperatingExpense": 4167,
        "totalOtherIncomeExpenseNet": 10,
        "year": 2017
      },
      {
        "costOfGoodsSold": 115003,
        "depreciationAmortization": 355,
        "dilutedAverageSharesOutstanding": 330,
        "dilutedEPS": 4.32,
        "ebit": 2540,
        "grossIncome": 6543,
        "interestExpense": 178,
        "interestIncomeExpense": -195,
        "minorityInterest": -4,
        "netIncome": 1427,
        "netIncomeAfterTaxes": 1431,
        "nonRecurringItems": -81,
        "period": "2016-06-30",
        "pretaxIncome": 2276,
        "provisionforIncomeTaxes": 845,
        "revenue": 121546,
        "sgaExpense": 3648,
        "totalOperatingExpense": 4003,
        "totalOtherIncomeExpenseNet": 12,
        "year": 2016
      }
    ],
    "symbol": "CAH"
  }
}