{
  "symbol": "WRB",
  "statement": "ic",
  "frequency": "quarterly",
  "timestamp": "2025-09-19T14:08:29.989053",
  "data": {
    "financials": [
      {
        "benefitsClaimsLossAdjustment": 2861.81,
        "dilutedAverageSharesOutstanding": 400.368,
        "dilutedEPS": 1.0023,
        "ebit": 545.036,
        "grossPremiumsEarned": 3260.532,
        "interestExpense": 31.777,
        "interestIncomeExpense": -23.173,
        "minorityInterest": 0.58,
        "netIncome": 401.288,
        "netIncomeAfterTaxes": 400.708,
        "otherOperatingExpensesTotal": 186.742,
        "period": "2025-06-30",
        "pretaxIncome": 521.863,
        "provisionforIncomeTaxes": 121.155,
        "revenue": 3670.808,
        "sgaExpense": 13.22,
        "totalOperatingExpense": 3061.772
      },
      {
        "benefitsClaimsLossAdjustment": 2762.284,
        "dilutedAverageSharesOutstanding": 399.825,
        "dilutedEPS": 1.0444,
        "ebit": 569.711,
        "grossPremiumsEarned": 3170.752,
        "interestExpense": 31.727,
        "interestIncomeExpense": -31.105,
        "minorityInterest": 0.222,
        "netIncome": 417.571,
        "netIncomeAfterTaxes": 417.349,
        "otherOperatingExpensesTotal": 182.626,
        "period": "2025-03-31",
        "pretaxIncome": 538.606,
        "provisionforIncomeTaxes": 121.257,
        "revenue": 3547.399,
        "sgaExpense": 12.778,
        "totalOperatingExpense": 2957.688
      },
      {
        "benefitsClaimsLossAdjustment": 1861.261,
        "dilutedAverageSharesOutstanding": 400.888,
        "dilutedEPS": 1.44,
        "ebit": 760.052,
        "grossPremiumsEarned": 3191.604,
        "interestExpense": 31.751,
        "interestIncomeExpense": -31.751,
        "minorityInterest": 0.758,
        "netIncome": 576.101,
        "netIncomeAfterTaxes": 575.343,
        "otherOperatingExpensesTotal": 1046.255,
        "period": "2024-12-31",
        "pretaxIncome": 728.301,
        "provisionforIncomeTaxes": 152.958,
        "revenue": 3667.568,
        "totalOperatingExpense": 2907.516
      },
      {
        "benefitsClaimsLossAdjustment": 2689.122,
        "dilutedAverageSharesOutstanding": 401.817,
        "dilutedEPS": 0.91,
        "ebit": 525.788,
        "grossPremiumsEarned": 3084.709,
        "interestExpense": 31.72,
        "interestIncomeExpense": -57.339,
        "minorityInterest": 0.32,
        "netIncome": 365.634,
        "netIncomeAfterTaxes": 365.314,
        "nonRecurringItems": 6,
        "otherOperatingExpensesTotal": 175.239,
        "period": "2024-09-30",
        "pretaxIncome": 474.449,
        "provisionforIncomeTaxes": 109.135,
        "revenue": 3401.379,
        "sgaExpense": 11.23,
        "totalOperatingExpense": 2875.591
      },
      {
        "benefitsClaimsLossAdjustment": 2613.677,
        "dilutedAverageSharesOutstanding": 403.737,
        "dilutedEPS": 0.92,
        "ebit": 577.263,
        "grossPremiumsEarned": 3000.415,
        "interestExpense": 31.708,
        "interestIncomeExpense": -87.59,
        "minorityInterest": 0.024,
        "netIncome": 371.909,
        "netIncomeAfterTaxes": 371.885,
        "nonRecurringItems": -2,
        "otherOperatingExpensesTotal": 177.766,
        "period": "2024-06-30",
        "pretaxIncome": 487.673,
        "provisionforIncomeTaxes": 115.788,
        "revenue": 3380.032,
        "sgaExpense": 11.326,
        "totalOperatingExpense": 2802.769
      },
      {
        "benefitsClaimsLossAdjustment": 2090.749,
        "dilutedAverageSharesOutstanding": 405.755,
        "dilutedEPS": 1.09,
        "ebit": 952.622,
        "grossPremiumsEarned": 2911.154,
        "interestExpense": 31.728,
        "interestIncomeExpense": 7.449,
        "minorityInterest": 0.436,
        "netIncome": 442.471,
        "netIncomeAfterTaxes": 442.035,
        "nonRecurringItems": -386,
        "otherOperatingExpensesTotal": 176.325,
        "period": "2024-03-31",
        "pretaxIncome": 574.071,
        "provisionforIncomeTaxes": 132.036,
        "revenue": 3230.773,
        "sgaExpense": 11.077,
        "totalOperatingExpense": 2278.151
      },
      {
        "benefitsClaimsLossAdjustment": 2419.757,
        "dilutedAverageSharesOutstanding": 406.129,
        "dilutedEPS": 0.98,
        "ebit": 541.983,
        "grossPremiumsEarned": 2900.238,
        "interestExpense": 31.879,
        "interestIncomeExpense": -40.455,
        "minorityInterest": -1.624,
        "netIncome": 397.339,
        "netIncomeAfterTaxes": 398.963,
        "nonRecurringItems": -0.33,
        "otherOperatingExpensesTotal": 220.834,
        "period": "2023-12-31",
        "pretaxIncome": 501.198,
        "provisionforIncomeTaxes": 102.235,
        "revenue": 3196.382,
        "sgaExpense": 13.808,
        "totalOperatingExpense": 2654.399
      },
      {
        "benefitsClaimsLossAdjustment": 2404.014,
        "dilutedAverageSharesOutstanding": 407.156,
        "dilutedEPS": 0.82,
        "ebit": 406.75,
        "grossPremiumsEarned": 2802.12,
        "interestExpense": 31.888,
        "interestIncomeExpense": 13.61,
        "minorityInterest": 0.156,
        "netIncome": 333.586,
        "netIncomeAfterTaxes": 333.43,
        "nonRecurringItems": -0.411,
        "otherOperatingExpensesTotal": 186.752,
        "period": "2023-09-30",
        "pretaxIncome": 419.949,
        "provisionforIncomeTaxes": 86.519,
        "revenue": 3007.638,
        "sgaExpense": 10.122,
        "totalOperatingExpense": 2600.888
      },
      {
        "benefitsClaimsLossAdjustment": 2311.603,
        "dilutedAverageSharesOutstanding": 409.64,
        "dilutedEPS": 0.87,
        "ebit": 478.482,
        "grossPremiumsEarned": 2692.108,
        "interestExpense": 31.856,
        "interestIncomeExpense": -21.082,
        "minorityInterest": 0.584,
        "netIncome": 356.308,
        "netIncomeAfterTaxes": 355.724,
        "nonRecurringItems": -0.216,
        "otherOperatingExpensesTotal": 173.691,
        "period": "2023-06-30",
        "pretaxIncome": 457.184,
        "provisionforIncomeTaxes": 101.46,
        "revenue": 2973.914,
        "sgaExpense": 10.138,
        "totalOperatingExpense": 2495.432
      },
      {
        "benefitsClaimsLossAdjustment": 2282.168,
        "dilutedAverageSharesOutstanding": 416.006,
        "dilutedEPS": 0.71,
        "ebit": 374.445,
        "grossPremiumsEarned": 2648.596,
        "interestExpense": 31.836,
        "interestIncomeExpense": 1.669,
        "minorityInterest": -1.603,
        "netIncome": 294.126,
        "netIncomeAfterTaxes": 295.729,
        "nonRecurringItems": -0.043,
        "otherOperatingExpensesTotal": 185.203,
        "period": "2023-03-31",
        "pretaxIncome": 376.071,
        "provisionforIncomeTaxes": 80.342,
        "revenue": 2852.004,
        "sgaExpense": 10.188,
        "totalOperatingExpense": 2477.559
      },
      {
        "benefitsClaimsLossAdjustment": 2245.402,
        "dilutedAverageSharesOutstanding": 418.366,
        "dilutedEPS": 0.91,
        "ebit": 545.452,
        "grossPremiumsEarned": 2707.421,
        "interestExpense": 31.901,
        "interestIncomeExpense": -66.031,
        "minorityInterest": 0.239,
        "netIncome": 382.223,
        "netIncomeAfterTaxes": 381.984,
        "nonRecurringItems": -1,
        "otherOperatingExpensesTotal": 213.214,
        "period": "2022-12-31",
        "pretaxIncome": 478.421,
        "provisionforIncomeTaxes": 96.437,
        "revenue": 3013.802,
        "sgaExpense": 9.734,
        "totalOperatingExpense": 2468.35
      },
      {
        "benefitsClaimsLossAdjustment": 2273.894,
        "dilutedAverageSharesOutstanding": 419.461,
        "dilutedEPS": 0.55,
        "ebit": 277.98,
        "grossPremiumsEarned": 2588.994,
        "interestExpense": 31.78,
        "interestIncomeExpense": 9.285,
        "minorityInterest": -1.595,
        "netIncome": 228.879,
        "netIncomeAfterTaxes": 230.474,
        "nonRecurringItems": -1,
        "otherOperatingExpensesTotal": 161.227,
        "period": "2022-09-30",
        "pretaxIncome": 286.265,
        "provisionforIncomeTaxes": 55.791,
        "revenue": 2724.4,
        "sgaExpense": 11.299,
        "totalOperatingExpense": 2446.42
      },
      {
        "benefitsClaimsLossAdjustment": 2110.8,
        "dilutedAverageSharesOutstanding": 419.285,
        "dilutedEPS": 0.43,
        "ebit": 216.458,
        "grossPremiumsEarned": 2512.868,
        "interestExpense": 31.723,
        "interestIncomeExpense": 8.104,
        "minorityInterest": -0.145,
        "netIncome": 179.322,
        "netIncomeAfterTaxes": 179.467,
        "nonRecurringItems": -2,
        "otherOperatingExpensesTotal": 173.477,
        "period": "2022-06-30",
        "pretaxIncome": 222.562,
        "provisionforIncomeTaxes": 43.095,
        "revenue": 2512.887,
        "sgaExpense": 12.152,
        "totalOperatingExpense": 2296.429
      },
      {
        "benefitsClaimsLossAdjustment": 1996.171,
        "dilutedAverageSharesOutstanding": 418.733,
        "dilutedEPS": 1.41,
        "ebit": 764.235,
        "grossPremiumsEarned": 2375.632,
        "interestExpense": 34.97,
        "interestIncomeExpense": -30.802,
        "minorityInterest": -2.392,
        "netIncome": 590.638,
        "netIncomeAfterTaxes": 593.03,
        "nonRecurringItems": -1,
        "otherOperatingExpensesTotal": 144.805,
        "period": "2022-03-31",
        "pretaxIncome": 732.433,
        "provisionforIncomeTaxes": 139.403,
        "revenue": 2915.409,
        "sgaExpense": 10.198,
        "totalOperatingExpense": 2151.174
      },
      {
        "benefitsClaimsLossAdjustment": 1952.695,
        "dilutedAverageSharesOutstanding": 415.832,
        "dilutedEPS": 0.71,
        "ebit": 397.441,
        "grossPremiumsEarned": 2400.997,
        "interestExpense": 37.334,
        "interestIncomeExpense": -30.825,
        "minorityInterest": 0.127,
        "netIncome": 294.43,
        "netIncomeAfterTaxes": 294.303,
        "nonRecurringItems": -12,
        "otherOperatingExpensesTotal": 218.475,
        "period": "2021-12-31",
        "pretaxIncome": 354.616,
        "provisionforIncomeTaxes": 60.313,
        "revenue": 2578.228,
        "sgaExpense": 9.617,
        "totalOperatingExpense": 2180.787
      },
      {
        "benefitsClaimsLossAdjustment": 1896.7,
        "dilutedAverageSharesOutstanding": 420.165,
        "dilutedEPS": 0.62,
        "ebit": 360.884,
        "grossPremiumsEarned": 2224.931,
        "interestExpense": 35.1,
        "interestIncomeExpense": -22.603,
        "minorityInterest": -6.021,
        "netIncome": 261.297,
        "netIncomeAfterTaxes": 267.318,
        "nonRecurringItems": -6,
        "otherOperatingExpensesTotal": 154.958,
        "period": "2021-09-30",
        "pretaxIncome": 332.281,
        "provisionforIncomeTaxes": 64.963,
        "revenue": 2424.283,
        "sgaExpense": 11.741,
        "totalOperatingExpense": 2063.399
      },
      {
        "benefitsClaimsLossAdjustment": 1766.169,
        "dilutedAverageSharesOutstanding": 420.984,
        "dilutedEPS": 0.56,
        "ebit": 369.814,
        "grossPremiumsEarned": 2103.835,
        "interestExpense": 38.096,
        "interestIncomeExpense": -36.971,
        "minorityInterest": -0.44,
        "netIncome": 237.238,
        "netIncomeAfterTaxes": 237.678,
        "nonRecurringItems": -32.903,
        "otherOperatingExpensesTotal": 148.674,
        "period": "2021-06-30",
        "pretaxIncome": 299.94,
        "provisionforIncomeTaxes": 62.262,
        "revenue": 2296.086,
        "sgaExpense": 11.429,
        "totalOperatingExpense": 1926.272
      },
      {
        "benefitsClaimsLossAdjustment": 1673.128,
        "dilutedAverageSharesOutstanding": 420.363,
        "dilutedEPS": 0.55,
        "ebit": 345.742,
        "grossPremiumsEarned": 1963.453,
        "interestExpense": 36.651,
        "interestIncomeExpense": -31.057,
        "minorityInterest": -2.191,
        "netIncome": 229.525,
        "netIncomeAfterTaxes": 231.716,
        "nonRecurringItems": -18.617,
        "otherOperatingExpensesTotal": 126.735,
        "period": "2021-03-31",
        "pretaxIncome": 296.068,
        "provisionforIncomeTaxes": 64.352,
        "revenue": 2156.869,
        "sgaExpense": 11.264,
        "totalOperatingExpense": 1811.127
      },
      {
        "benefitsClaimsLossAdjustment": 1641.896,
        "dilutedAverageSharesOutstanding": 419.637,
        "dilutedEPS": 0.74,
        "ebit": 495.718,
        "grossPremiumsEarned": 1968.183,
        "interestExpense": 35.663,
        "interestIncomeExpense": -59.871,
        "minorityInterest": -0.34,
        "netIncome": 312.15,
        "netIncomeAfterTaxes": 312.49,
        "nonRecurringItems": -36.44,
        "otherOperatingExpensesTotal": 163.696,
        "period": "2020-12-31",
        "pretaxIncome": 399.407,
        "provisionforIncomeTaxes": 86.917,
        "revenue": 2312.471,
        "sgaExpense": 11.161,
        "totalOperatingExpense": 1816.753
      },
      {
        "benefitsClaimsLossAdjustment": 1659.015,
        "dilutedAverageSharesOutstanding": 422.359,
        "dilutedEPS": 0.36,
        "ebit": 251.26,
        "grossPremiumsEarned": 1858.191,
        "interestExpense": 39.768,
        "interestIncomeExpense": -44.846,
        "minorityInterest": -0.688,
        "netIncome": 151.678,
        "netIncomeAfterTaxes": 152.366,
        "otherOperatingExpensesTotal": 118.528,
        "period": "2020-09-30",
        "pretaxIncome": 206.414,
        "provisionforIncomeTaxes": 54.048,
        "revenue": 2039.819,
        "sgaExpense": 11.016,
        "totalOperatingExpense": 1788.559
      },
      {
        "benefitsClaimsLossAdjustment": 1598.783,
        "dilutedAverageSharesOutstanding": 422.685,
        "dilutedEPS": 0.17,
        "ebit": 212.44,
        "grossPremiumsEarned": 1772.71,
        "interestExpense": 38.373,
        "interestIncomeExpense": -30.991,
        "minorityInterest": -0.396,
        "netIncome": 71.26,
        "netIncomeAfterTaxes": 71.656,
        "nonRecurringItems": -76,
        "otherOperatingExpensesTotal": 113.925,
        "period": "2020-06-30",
        "pretaxIncome": 105.449,
        "provisionforIncomeTaxes": 33.793,
        "revenue": 1936.026,
        "sgaExpense": 10.878,
        "totalOperatingExpense": 1723.586
      },
      {
        "benefitsClaimsLossAdjustment": 1594.75,
        "dilutedAverageSharesOutstanding": 428.141,
        "dilutedEPS": -0.01,
        "ebit": 75.725,
        "grossPremiumsEarned": 1813.021,
        "interestExpense": 36.734,
        "interestIncomeExpense": -15.193,
        "minorityInterest": -0.892,
        "netIncome": -4.418,
        "netIncomeAfterTaxes": -3.526,
        "nonRecurringItems": -67,
        "otherOperatingExpensesTotal": 128.899,
        "period": "2020-03-31",
        "pretaxIncome": -6.468,
        "provisionforIncomeTaxes": -2.942,
        "revenue": 1810.61,
        "sgaExpense": 11.236,
        "totalOperatingExpense": 1734.885
      },
      {
        "benefitsClaimsLossAdjustment": 1625.921,
        "dilutedAverageSharesOutstanding": 435.175,
        "dilutedEPS": 0.27,
        "ebit": 178.628,
        "grossPremiumsEarned": 1861.727,
        "interestExpense": 33.496,
        "interestIncomeExpense": -31.865,
        "minorityInterest": -0.487,
        "netIncome": 119.306,
        "netIncomeAfterTaxes": 119.793,
        "nonRecurringItems": 0,
        "otherOperatingExpensesTotal": 160.387,
        "period": "2019-12-31",
        "pretaxIncome": 146.763,
        "provisionforIncomeTaxes": 26.97,
        "revenue": 1976.074,
        "sgaExpense": 11.138,
        "totalOperatingExpense": 1797.446
      },
      {
        "benefitsClaimsLossAdjustment": 1596.041,
        "dilutedAverageSharesOutstanding": 653.351,
        "dilutedEPS": 0.25,
        "ebit": 218.867,
        "grossPremiumsEarned": 1802.559,
        "interestExpense": 38.475,
        "interestIncomeExpense": -15.885,
        "minorityInterest": 0.057,
        "netIncome": 165.208,
        "netIncomeAfterTaxes": 165.151,
        "otherOperatingExpensesTotal": 140.074,
        "period": "2019-09-30",
        "pretaxIncome": 202.982,
        "provisionforIncomeTaxes": 37.831,
        "revenue": 1965.716,
        "sgaExpense": 10.734,
        "totalOperatingExpense": 1746.849
      },
      {
        "benefitsClaimsLossAdjustment": 1572.376,
        "dilutedAverageSharesOutstanding": 651.562,
        "dilutedEPS": 0.33,
        "ebit": 314.924,
        "grossPremiumsEarned": 1761.477,
        "interestExpense": 40.718,
        "interestIncomeExpense": -41.188,
        "minorityInterest": -0.718,
        "netIncome": 216.709,
        "netIncomeAfterTaxes": 217.427,
        "otherOperatingExpensesTotal": 125.404,
        "period": "2019-06-30",
        "pretaxIncome": 273.736,
        "provisionforIncomeTaxes": 56.309,
        "revenue": 2023.384,
        "sgaExpense": 10.68,
        "totalOperatingExpense": 1708.46
      },
      {
        "benefitsClaimsLossAdjustment": 1528.397,
        "dilutedAverageSharesOutstanding": 650.246,
        "dilutedEPS": 0.28,
        "ebit": 263.196,
        "grossPremiumsEarned": 1710.115,
        "interestExpense": 40.721,
        "interestIncomeExpense": -33.757,
        "minorityInterest": -0.892,
        "netIncome": 180.722,
        "netIncomeAfterTaxes": 181.614,
        "otherOperatingExpensesTotal": 133.874,
        "period": "2019-03-31",
        "pretaxIncome": 229.439,
        "provisionforIncomeTaxes": 47.825,
        "revenue": 1937.022,
        "sgaExpense": 11.555,
        "totalOperatingExpense": 1673.826
      },
      {
        "benefitsClaimsLossAdjustment": 1579.922,
        "dilutedAverageSharesOutstanding": 647.186,
        "dilutedEPS": 0.2,
        "ebit": 203.869,
        "grossPremiumsEarned": 1777.71,
        "interestExpense": 40.577,
        "interestIncomeExpense": -35.543,
        "minorityInterest": -3.915,
        "netIncome": 132.357,
        "netIncomeAfterTaxes": 114.322,
        "nonRecurringItems": -5.687,
        "otherOperatingExpensesTotal": 173.481,
        "period": "2018-12-31",
        "pretaxIncome": 162.639,
        "provisionforIncomeTaxes": 48.317,
        "revenue": 1957.272,
        "totalOperatingExpense": 1753.403
      },
      {
        "benefitsClaimsLossAdjustment": 1564.368,
        "dilutedAverageSharesOutstanding": 650.825,
        "dilutedEPS": 0.25,
        "ebit": 231.804,
        "grossPremiumsEarned": 1729.444,
        "interestExpense": 39.848,
        "interestIncomeExpense": -22.581,
        "minorityInterest": -2.523,
        "netIncome": 161.92,
        "netIncomeAfterTaxes": 164.443,
        "otherOperatingExpensesTotal": 141.73,
        "period": "2018-09-30",
        "pretaxIncome": 209.223,
        "provisionforIncomeTaxes": 44.78,
        "revenue": 1937.902,
        "totalOperatingExpense": 1706.098
      },
      {
        "benefitsClaimsLossAdjustment": 1531.488,
        "dilutedAverageSharesOutstanding": 649.701,
        "dilutedEPS": 0.28,
        "ebit": 250.696,
        "grossPremiumsEarned": 1687.508,
        "interestExpense": 39.705,
        "interestIncomeExpense": -21.454,
        "minorityInterest": -0.703,
        "netIncome": 180.075,
        "netIncomeAfterTaxes": 180.778,
        "otherOperatingExpensesTotal": 128.732,
        "period": "2018-06-30",
        "pretaxIncome": 229.242,
        "provisionforIncomeTaxes": 48.464,
        "revenue": 1910.916,
        "totalOperatingExpense": 1660.22
      },
      {
        "benefitsClaimsLossAdjustment": 1516.162,
        "dilutedAverageSharesOutstanding": 648.618,
        "dilutedEPS": 0.26,
        "ebit": 261.53,
        "grossPremiumsEarned": 1668.265,
        "interestExpense": 37.056,
        "interestIncomeExpense": -50.54,
        "minorityInterest": -1.177,
        "netIncome": 166.396,
        "netIncomeAfterTaxes": 167.573,
        "otherOperatingExpensesTotal": 113.555,
        "period": "2018-03-31",
        "pretaxIncome": 210.99,
        "provisionforIncomeTaxes": 43.417,
        "revenue": 1891.247,
        "totalOperatingExpense": 1629.717
      },
      {
        "benefitsClaimsLossAdjustment": 1543.006,
        "dilutedAverageSharesOutstanding": 649.015,
        "dilutedEPS": 0.23,
        "ebit": 239.29,
        "grossPremiumsEarned": 1726.671,
        "interestExpense": 36.878,
        "interestIncomeExpense": -37.89,
        "minorityInterest": -1.683,
        "netIncome": 154.589,
        "netIncomeAfterTaxes": 135.541,
        "nonRecurringItems": 0,
        "otherOperatingExpensesTotal": 152.66,
        "period": "2017-12-31",
        "pretaxIncome": 201.4,
        "provisionforIncomeTaxes": 65.859,
        "revenue": 1934.956,
        "totalOperatingExpense": 1695.666
      },
      {
        "benefitsClaimsLossAdjustment": 1629.868,
        "dilutedAverageSharesOutstanding": 652.764,
        "dilutedEPS": 0.25,
        "ebit": 264.713,
        "grossPremiumsEarned": 1704.904,
        "interestExpense": 36.821,
        "interestIncomeExpense": -38.6,
        "minorityInterest": -0.764,
        "netIncome": 162.054,
        "netIncomeAfterTaxes": 162.818,
        "nonRecurringItems": 0,
        "otherOperatingExpensesTotal": 136.761,
        "period": "2017-09-30",
        "pretaxIncome": 226.113,
        "provisionforIncomeTaxes": 63.295,
        "revenue": 2031.342,
        "totalOperatingExpense": 1766.629
      },
      {
        "benefitsClaimsLossAdjustment": 1527.328,
        "dilutedAverageSharesOutstanding": 651.027,
        "dilutedEPS": 0.17,
        "ebit": 204.728,
        "grossPremiumsEarned": 1672.332,
        "interestExpense": 36.799,
        "interestIncomeExpense": -43.767,
        "minorityInterest": -0.569,
        "netIncome": 109.004,
        "netIncomeAfterTaxes": 109.573,
        "nonRecurringItems": 0,
        "otherOperatingExpensesTotal": 115.993,
        "period": "2017-06-30",
        "pretaxIncome": 160.961,
        "provisionforIncomeTaxes": 51.388,
        "revenue": 1848.049,
        "totalOperatingExpense": 1643.321
      },
      {
        "benefitsClaimsLossAdjustment": 1532.945,
        "dilutedAverageSharesOutstanding": 650.278,
        "dilutedEPS": 0.19,
        "ebit": 226.604,
        "grossPremiumsEarned": 1669.212,
        "interestExpense": 36.799,
        "interestIncomeExpense": -42.307,
        "minorityInterest": -1.227,
        "netIncome": 123.447,
        "netIncomeAfterTaxes": 124.674,
        "nonRecurringItems": 0,
        "otherOperatingExpensesTotal": 110.869,
        "period": "2017-03-31",
        "pretaxIncome": 184.297,
        "provisionforIncomeTaxes": 59.623,
        "revenue": 1870.418,
        "totalOperatingExpense": 1643.814
      },
      {
        "benefitsClaimsLossAdjustment": 1572.912,
        "dilutedAverageSharesOutstanding": 651.574,
        "dilutedEPS": 0.23,
        "ebit": 268.353,
        "grossPremiumsEarned": 1734.72,
        "interestExpense": 36.877,
        "interestIncomeExpense": -36.52,
        "minorityInterest": -0.88,
        "netIncome": 152.789,
        "netIncomeAfterTaxes": 153.669,
        "nonRecurringItems": 0,
        "otherOperatingExpensesTotal": 130.379,
        "period": "2016-12-31",
        "pretaxIncome": 231.833,
        "provisionforIncomeTaxes": 78.164,
        "revenue": 1971.644,
        "totalOperatingExpense": 1703.291
      },
      {
        "benefitsClaimsLossAdjustment": 1521.551,
        "dilutedAverageSharesOutstanding": 650.8,
        "dilutedEPS": 0.34,
        "ebit": 366.465,
        "grossPremiumsEarned": 1698.321,
        "interestExpense": 37.043,
        "interestIncomeExpense": -34.85,
        "minorityInterest": -0.013,
        "netIncome": 220.65,
        "netIncomeAfterTaxes": 220.663,
        "nonRecurringItems": 0,
        "otherOperatingExpensesTotal": 131.711,
        "period": "2016-09-30",
        "pretaxIncome": 331.615,
        "provisionforIncomeTaxes": 110.952,
        "revenue": 2019.727,
        "totalOperatingExpense": 1653.262
      },
      {
        "benefitsClaimsLossAdjustment": 1518.074,
        "dilutedAverageSharesOutstanding": 221.654,
        "dilutedEPS": 0.49,
        "ebit": 179.984,
        "grossPremiumsEarned": 1720.24,
        "interestExpense": 34.752,
        "interestIncomeExpense": -21.67,
        "minorityInterest": 0.061,
        "netIncome": 108.966,
        "netIncomeAfterTaxes": 108.905,
        "nonRecurringItems": 0,
        "otherOperatingExpensesTotal": 157.544,
        "period": "2016-06-30",
        "pretaxIncome": 158.314,
        "provisionforIncomeTaxes": 49.409,
        "revenue": 1855.602,
        "totalOperatingExpense": 1675.618
      },
      {
        "benefitsClaimsLossAdjustment": 1461.374,
        "dilutedAverageSharesOutstanding": 650.663,
        "dilutedEPS": 0.18,
        "ebit": 228.742,
        "grossPremiumsEarned": 1669.735,
        "interestExpense": 32.224,
        "interestIncomeExpense": -35.952,
        "minorityInterest": -0.737,
        "netIncome": 119.511,
        "netIncomeAfterTaxes": 120.248,
        "nonRecurringItems": -18.114,
        "otherOperatingExpensesTotal": 135.209,
        "period": "2016-03-31",
        "pretaxIncome": 174.676,
        "provisionforIncomeTaxes": 54.428,
        "revenue": 1825.325,
        "totalOperatingExpense": 1596.583
      },
      {
        "benefitsClaimsLossAdjustment": 1471.412,
        "dilutedAverageSharesOutstanding": 653.386,
        "dilutedEPS": 0.17,
        "ebit": 212.37,
        "grossPremiumsEarned": 1691.628,
        "interestExpense": 31.736,
        "interestIncomeExpense": -35.37,
        "minorityInterest": -0.133,
        "netIncome": 109.745,
        "netIncomeAfterTaxes": 109.878,
        "nonRecurringItems": -20.794,
        "otherOperatingExpensesTotal": 148.068,
        "period": "2015-12-31",
        "pretaxIncome": 156.206,
        "provisionforIncomeTaxes": 46.328,
        "revenue": 1831.85,
        "totalOperatingExpense": 1619.48
      },
      {
        "benefitsClaimsLossAdjustment": 1465.026,
        "dilutedAverageSharesOutstanding": 652.779,
        "dilutedEPS": 0.23,
        "ebit": 267.333,
        "grossPremiumsEarned": 1673.839,
        "interestExpense": 31.641,
        "interestIncomeExpense": -25.898,
        "minorityInterest": -0.129,
        "netIncome": 152.607,
        "netIncomeAfterTaxes": 152.736,
        "nonRecurringItems": -12.515,
        "otherOperatingExpensesTotal": 141.113,
        "period": "2015-09-30",
        "pretaxIncome": 228.92,
        "provisionforIncomeTaxes": 76.184,
        "revenue": 1873.472,
        "totalOperatingExpense": 1606.139
      }
    ],
    "symbol": "WRB"
  }
}