{
  "symbol": "XOM",
  "statement": "ic",
  "frequency": "quarterly",
  "timestamp": "2025-09-19T14:00:17.017020",
  "data": {
    "financials": [
      {
        "costOfGoodsSold": 55429,
        "depreciationAmortization": 6101,
        "dilutedAverageSharesOutstanding": 4331,
        "dilutedEPS": 1.64,
        "ebit": 9388,
        "grossIncome": 24048,
        "interestIncomeExpense": 1317,
        "minorityInterest": -272,
        "netIncome": 7082,
        "netIncomeAfterTaxes": 7354,
        "otherOperatingExpensesTotal": -477,
        "period": "2025-06-30",
        "pretaxIncome": 10705,
        "provisionforIncomeTaxes": 3351,
        "researchDevelopment": 251,
        "revenue": 79477,
        "sgaExpense": 8785,
        "totalOperatingExpense": 14660
      },
      {
        "costOfGoodsSold": 56871,
        "depreciationAmortization": 5702,
        "dilutedAverageSharesOutstanding": 4372,
        "dilutedEPS": 1.76,
        "ebit": 10436,
        "grossIncome": 24187,
        "interestExpense": 205,
        "interestIncomeExpense": 1164,
        "minorityInterest": -320,
        "netIncome": 7713,
        "netIncomeAfterTaxes": 8033,
        "otherOperatingExpensesTotal": -590,
        "period": "2025-03-31",
        "pretaxIncome": 11600,
        "provisionforIncomeTaxes": 3567,
        "researchDevelopment": 64,
        "revenue": 81058,
        "sgaExpense": 8575,
        "totalOperatingExpense": 13751
      },
      {
        "costOfGoodsSold": 57226,
        "depreciationAmortization": 6585,
        "dilutedAverageSharesOutstanding": 4412,
        "dilutedEPS": 1.72,
        "ebit": 8983,
        "grossIncome": 23832,
        "interestExpense": 297,
        "interestIncomeExpense": 830,
        "minorityInterest": -345,
        "netIncome": 7610,
        "netIncomeAfterTaxes": 7927,
        "otherOperatingExpensesTotal": -1210,
        "period": "2024-12-31",
        "pretaxIncome": 9813,
        "provisionforIncomeTaxes": 1886,
        "researchDevelopment": 186,
        "revenue": 81058,
        "sgaExpense": 9288,
        "totalOperatingExpense": 14849
      },
      {
        "costOfGoodsSold": 61142,
        "depreciationAmortization": 6258,
        "dilutedAverageSharesOutstanding": 4462,
        "dilutedEPS": 1.93,
        "ebit": 11752,
        "grossIncome": 26650,
        "interestExpense": 207,
        "interestIncomeExpense": 1274,
        "minorityInterest": -361,
        "netIncome": 8610,
        "netIncomeAfterTaxes": 8971,
        "otherOperatingExpensesTotal": -710,
        "period": "2024-09-30",
        "pretaxIncome": 13026,
        "provisionforIncomeTaxes": 4055,
        "researchDevelopment": 339,
        "revenue": 87792,
        "sgaExpense": 9011,
        "totalOperatingExpense": 14898
      },
      {
        "costOfGoodsSold": 64003,
        "depreciationAmortization": 5787,
        "dilutedAverageSharesOutstanding": 4317,
        "dilutedEPS": 2.14,
        "ebit": 12192,
        "grossIncome": 25983,
        "interestExpense": 271,
        "interestIncomeExpense": 1473,
        "minorityInterest": -331,
        "netIncome": 9240,
        "netIncomeAfterTaxes": 9571,
        "otherOperatingExpensesTotal": -1296,
        "period": "2024-06-30",
        "pretaxIncome": 13665,
        "provisionforIncomeTaxes": 4094,
        "researchDevelopment": 153,
        "revenue": 89986,
        "sgaExpense": 9147,
        "totalOperatingExpense": 13791
      },
      {
        "costOfGoodsSold": 56692,
        "depreciationAmortization": 4812,
        "dilutedAverageSharesOutstanding": 3998,
        "dilutedEPS": 2.06,
        "ebit": 10748,
        "grossIncome": 23719,
        "interestExpense": 221,
        "interestIncomeExpense": 1621,
        "minorityInterest": -346,
        "netIncome": 8220,
        "netIncomeAfterTaxes": 8566,
        "otherOperatingExpensesTotal": -807,
        "period": "2024-03-31",
        "pretaxIncome": 12369,
        "provisionforIncomeTaxes": 3803,
        "researchDevelopment": 148,
        "revenue": 80411,
        "sgaExpense": 8818,
        "totalOperatingExpense": 12971
      },
      {
        "costOfGoodsSold": 56245,
        "depreciationAmortization": 7740,
        "dilutedAverageSharesOutstanding": 4016,
        "dilutedEPS": 1.89,
        "ebit": 9732,
        "grossIncome": 25443,
        "interestExpense": 272,
        "interestIncomeExpense": 893,
        "minorityInterest": -382,
        "netIncome": 7630,
        "netIncomeAfterTaxes": 7988,
        "otherOperatingExpensesTotal": -1274,
        "period": "2023-12-31",
        "pretaxIncome": 10625,
        "provisionforIncomeTaxes": 2637,
        "researchDevelopment": 139,
        "revenue": 81688,
        "sgaExpense": 9106,
        "totalOperatingExpense": 15711
      },
      {
        "costOfGoodsSold": 61772,
        "depreciationAmortization": 4415,
        "dilutedAverageSharesOutstanding": 4025,
        "dilutedEPS": 2.25,
        "ebit": 12411,
        "grossIncome": 26798,
        "interestExpense": 169,
        "interestIncomeExpense": 1288,
        "minorityInterest": -276,
        "netIncome": 9070,
        "netIncomeAfterTaxes": 9346,
        "otherOperatingExpensesTotal": -567,
        "period": "2023-09-30",
        "pretaxIncome": 13699,
        "provisionforIncomeTaxes": 4353,
        "researchDevelopment": 338,
        "revenue": 88570,
        "sgaExpense": 10201,
        "totalOperatingExpense": 14387
      },
      {
        "costOfGoodsSold": 56458,
        "depreciationAmortization": 4242,
        "dilutedAverageSharesOutstanding": 4066,
        "dilutedEPS": 1.94,
        "ebit": 10523,
        "grossIncome": 24337,
        "interestExpense": 249,
        "interestIncomeExpense": 1133,
        "minorityInterest": -273,
        "netIncome": 7880,
        "netIncomeAfterTaxes": 8153,
        "otherOperatingExpensesTotal": -573,
        "period": "2023-06-30",
        "pretaxIncome": 11656,
        "provisionforIncomeTaxes": 3503,
        "researchDevelopment": 133,
        "revenue": 80795,
        "sgaExpense": 10012,
        "totalOperatingExpense": 13814
      },
      {
        "costOfGoodsSold": 55439,
        "depreciationAmortization": 4244,
        "dilutedAverageSharesOutstanding": 4102,
        "dilutedEPS": 2.79,
        "ebit": 14581,
        "grossIncome": 28205,
        "interestExpense": 159,
        "interestIncomeExpense": 2222,
        "minorityInterest": -413,
        "netIncome": 11430,
        "netIncomeAfterTaxes": 11843,
        "otherOperatingExpensesTotal": -372,
        "period": "2023-03-31",
        "pretaxIncome": 16803,
        "provisionforIncomeTaxes": 4960,
        "researchDevelopment": 141,
        "revenue": 83644,
        "sgaExpense": 9611,
        "totalOperatingExpense": 13624
      },
      {
        "costOfGoodsSold": 61126,
        "depreciationAmortization": 5064,
        "dilutedAverageSharesOutstanding": 4139,
        "dilutedEPS": 3.07,
        "ebit": 18444,
        "grossIncome": 32038,
        "interestExpense": 207,
        "interestIncomeExpense": 398,
        "minorityInterest": -305,
        "netIncome": 12750,
        "netIncomeAfterTaxes": 13025,
        "nonRecurringItems": 0,
        "otherOperatingExpensesTotal": -1560,
        "period": "2022-12-31",
        "pretaxIncome": 18842,
        "provisionforIncomeTaxes": 5817,
        "researchDevelopment": 348,
        "revenue": 93164,
        "sgaExpense": 9742,
        "totalOperatingExpense": 13594
      },
      {
        "costOfGoodsSold": 71514,
        "depreciationAmortization": 5642,
        "dilutedAverageSharesOutstanding": 4185,
        "dilutedEPS": 4.7,
        "ebit": 20999,
        "grossIncome": 34998,
        "interestExpense": 209,
        "interestIncomeExpense": 4423,
        "minorityInterest": -538,
        "netIncome": 19660,
        "netIncomeAfterTaxes": 20198,
        "nonRecurringItems": 0,
        "otherOperatingExpensesTotal": -772,
        "period": "2022-09-30",
        "pretaxIncome": 25422,
        "provisionforIncomeTaxes": 5224,
        "researchDevelopment": 218,
        "revenue": 106512,
        "sgaExpense": 8911,
        "totalOperatingExpense": 13999
      },
      {
        "costOfGoodsSold": 76299,
        "depreciationAmortization": 4451,
        "dilutedAverageSharesOutstanding": 4233,
        "dilutedEPS": 4.22,
        "ebit": 21439,
        "grossIncome": 34966,
        "interestExpense": 194,
        "interestIncomeExpense": 3494,
        "minorityInterest": -724,
        "netIncome": 17850,
        "netIncomeAfterTaxes": 18574,
        "nonRecurringItems": 0,
        "otherOperatingExpensesTotal": -608,
        "period": "2022-06-30",
        "pretaxIncome": 24933,
        "provisionforIncomeTaxes": 6359,
        "researchDevelopment": 286,
        "revenue": 111265,
        "sgaExpense": 9398,
        "totalOperatingExpense": 13527
      },
      {
        "costOfGoodsSold": 62629,
        "depreciationAmortization": 4283,
        "dilutedAverageSharesOutstanding": 4266,
        "dilutedEPS": 1.28,
        "ebit": 10806,
        "grossIncome": 25105,
        "interestExpense": 188,
        "interestIncomeExpense": 2350,
        "minorityInterest": -270,
        "netIncome": 5480,
        "netIncomeAfterTaxes": 5750,
        "nonRecurringItems": -4600,
        "otherOperatingExpensesTotal": -120,
        "period": "2022-03-31",
        "pretaxIncome": 8556,
        "provisionforIncomeTaxes": 2806,
        "researchDevelopment": 173,
        "revenue": 87734,
        "sgaExpense": 9963,
        "totalOperatingExpense": 14299
      },
      {
        "costOfGoodsSold": 56272,
        "depreciationAmortization": 5661,
        "dilutedAverageSharesOutstanding": 4275,
        "dilutedEPS": 2.06,
        "ebit": 9872,
        "grossIncome": 25033,
        "interestExpense": 221,
        "interestIncomeExpense": 1857,
        "minorityInterest": -209,
        "netIncome": 8870,
        "netIncomeAfterTaxes": 9026,
        "otherOperatingExpensesTotal": -1482,
        "period": "2021-12-31",
        "pretaxIncome": 11729,
        "provisionforIncomeTaxes": 2703,
        "researchDevelopment": 524,
        "revenue": 81305,
        "sgaExpense": 10458,
        "totalOperatingExpense": 15161
      },
      {
        "costOfGoodsSold": 48464,
        "depreciationAmortization": 4990,
        "dilutedAverageSharesOutstanding": 4276,
        "dilutedEPS": 1.58,
        "ebit": 8150,
        "grossIncome": 23428,
        "interestExpense": 214,
        "interestIncomeExpense": 1456,
        "minorityInterest": -192,
        "netIncome": 6750,
        "netIncomeAfterTaxes": 6942,
        "otherOperatingExpensesTotal": -78,
        "period": "2021-09-30",
        "pretaxIncome": 9606,
        "provisionforIncomeTaxes": 2664,
        "researchDevelopment": 190,
        "revenue": 71892,
        "sgaExpense": 10176,
        "totalOperatingExpense": 15278
      },
      {
        "costOfGoodsSold": 45800,
        "depreciationAmortization": 4952,
        "dilutedAverageSharesOutstanding": 4276,
        "dilutedEPS": 1.1,
        "ebit": 5125,
        "grossIncome": 20143,
        "interestExpense": 254,
        "interestIncomeExpense": 1182,
        "minorityInterest": -91,
        "netIncome": 4690,
        "netIncomeAfterTaxes": 4781,
        "otherOperatingExpensesTotal": -201,
        "period": "2021-06-30",
        "pretaxIncome": 6307,
        "provisionforIncomeTaxes": 1526,
        "researchDevelopment": 176,
        "revenue": 65943,
        "sgaExpense": 10091,
        "totalOperatingExpense": 15018
      },
      {
        "costOfGoodsSold": 40663,
        "depreciationAmortization": 5004,
        "dilutedAverageSharesOutstanding": 4265.625,
        "dilutedEPS": 0.64,
        "ebit": 2377,
        "grossIncome": 16889,
        "interestExpense": 258,
        "interestIncomeExpense": 1215,
        "minorityInterest": -66,
        "netIncome": 2730,
        "netIncomeAfterTaxes": 2796,
        "otherOperatingExpensesTotal": 256,
        "period": "2021-03-31",
        "pretaxIncome": 3592,
        "provisionforIncomeTaxes": 796,
        "researchDevelopment": 164,
        "revenue": 57552,
        "sgaExpense": 9088,
        "totalOperatingExpense": 14512
      },
      {
        "costOfGoodsSold": 32041,
        "depreciationAmortization": 5416,
        "dilutedAverageSharesOutstanding": 4274,
        "dilutedEPS": -4.7,
        "ebit": -1762,
        "grossIncome": 13697,
        "interestExpense": 313,
        "interestIncomeExpense": 24,
        "minorityInterest": 533,
        "netIncome": -20070,
        "netIncomeAfterTaxes": -20628,
        "nonRecurringItems": -24875,
        "otherOperatingExpensesTotal": -72,
        "period": "2020-12-31",
        "pretaxIncome": -26613,
        "provisionforIncomeTaxes": -5985,
        "researchDevelopment": 595,
        "revenue": 45738,
        "sgaExpense": 9520,
        "totalOperatingExpense": 15459
      },
      {
        "costOfGoodsSold": 31053,
        "depreciationAmortization": 4921,
        "dilutedAverageSharesOutstanding": 4271,
        "dilutedEPS": -0.16,
        "ebit": -548,
        "grossIncome": 14372,
        "interestExpense": 279,
        "interestIncomeExpense": 238,
        "minorityInterest": 29,
        "netIncome": -680,
        "netIncomeAfterTaxes": -709,
        "nonRecurringItems": -62,
        "otherOperatingExpensesTotal": 15,
        "period": "2020-09-30",
        "pretaxIncome": -372,
        "provisionforIncomeTaxes": 337,
        "researchDevelopment": 188,
        "revenue": 45425,
        "sgaExpense": 9796,
        "totalOperatingExpense": 14920
      },
      {
        "costOfGoodsSold": 20964,
        "depreciationAmortization": 4852,
        "dilutedAverageSharesOutstanding": 4271,
        "dilutedEPS": -0.25,
        "ebit": -1362,
        "grossIncome": 11313,
        "interestExpense": 317,
        "interestIncomeExpense": -214,
        "minorityInterest": 89,
        "netIncome": -1080,
        "netIncomeAfterTaxes": -1169,
        "nonRecurringItems": -64,
        "otherOperatingExpensesTotal": 46,
        "period": "2020-06-30",
        "pretaxIncome": -1640,
        "provisionforIncomeTaxes": -471,
        "researchDevelopment": 214,
        "revenue": 32277,
        "sgaExpense": 7563,
        "totalOperatingExpense": 12675
      },
      {
        "costOfGoodsSold": 40380,
        "depreciationAmortization": 4909,
        "dilutedAverageSharesOutstanding": 4270,
        "dilutedEPS": -0.14,
        "ebit": 126,
        "grossIncome": 14754,
        "interestExpense": 249,
        "interestIncomeExpense": 526,
        "minorityInterest": 160,
        "netIncome": -610,
        "netIncomeAfterTaxes": -770,
        "nonRecurringItems": -910,
        "otherOperatingExpensesTotal": 20,
        "period": "2020-03-31",
        "pretaxIncome": -258,
        "provisionforIncomeTaxes": 512,
        "researchDevelopment": 288,
        "revenue": 55134,
        "sgaExpense": 9411,
        "totalOperatingExpense": 14628
      },
      {
        "costOfGoodsSold": 44254,
        "depreciationAmortization": 4923,
        "dilutedAverageSharesOutstanding": 4270,
        "dilutedEPS": 1.33,
        "ebit": 5438,
        "grossIncome": 18770,
        "interestExpense": 201,
        "interestIncomeExpense": 976,
        "minorityInterest": -40,
        "netIncome": 5690,
        "netIncomeAfterTaxes": 4990,
        "otherOperatingExpensesTotal": -2765,
        "period": "2019-12-31",
        "pretaxIncome": 6414,
        "provisionforIncomeTaxes": 1424,
        "researchDevelopment": 357,
        "revenue": 63024,
        "sgaExpense": 10817,
        "totalOperatingExpense": 13332
      },
      {
        "costOfGoodsSold": 44138,
        "depreciationAmortization": 4873,
        "dilutedAverageSharesOutstanding": 4271,
        "dilutedEPS": 0.74,
        "ebit": 3361,
        "grossIncome": 19284,
        "interestExpense": 267,
        "interestIncomeExpense": 929,
        "minorityInterest": -77,
        "netIncome": 3170,
        "netIncomeAfterTaxes": 3247,
        "otherOperatingExpensesTotal": 357,
        "period": "2019-09-30",
        "pretaxIncome": 4721,
        "provisionforIncomeTaxes": 1474,
        "researchDevelopment": 299,
        "revenue": 63422,
        "sgaExpense": 10394,
        "totalOperatingExpense": 15923,
        "totalOtherIncomeExpenseNet": 431
      },
      {
        "costOfGoodsSold": 48464,
        "depreciationAmortization": 4631,
        "dilutedAverageSharesOutstanding": 4271,
        "dilutedEPS": 0.73,
        "ebit": 3284,
        "grossIncome": 19027,
        "interestExpense": 252,
        "interestIncomeExpense": 1107,
        "minorityInterest": -261,
        "netIncome": 3130,
        "netIncomeAfterTaxes": 3391,
        "otherOperatingExpensesTotal": 313,
        "period": "2019-06-30",
        "pretaxIncome": 4632,
        "provisionforIncomeTaxes": 1241,
        "researchDevelopment": 333,
        "revenue": 67491,
        "sgaExpense": 10466,
        "totalOperatingExpense": 15743,
        "totalOtherIncomeExpenseNet": 241
      },
      {
        "costOfGoodsSold": 43771,
        "depreciationAmortization": 4571,
        "dilutedAverageSharesOutstanding": 4270,
        "dilutedEPS": 0.55,
        "ebit": 2522,
        "grossIncome": 17875,
        "interestExpense": 212,
        "interestIncomeExpense": 1497,
        "minorityInterest": -56,
        "netIncome": 2350,
        "netIncomeAfterTaxes": 2406,
        "otherOperatingExpensesTotal": 358,
        "period": "2019-03-31",
        "pretaxIncome": 4289,
        "provisionforIncomeTaxes": 1883,
        "researchDevelopment": 280,
        "revenue": 61646,
        "sgaExpense": 10144,
        "totalOperatingExpense": 15353,
        "totalOtherIncomeExpenseNet": 270
      },
      {
        "costOfGoodsSold": 46957,
        "depreciationAmortization": 5028,
        "dilutedAverageSharesOutstanding": 4267,
        "dilutedEPS": 1.4,
        "ebit": 4694,
        "grossIncome": 21296,
        "interestExpense": 215,
        "interestIncomeExpense": 1541,
        "minorityInterest": -206,
        "netIncome": 6000,
        "netIncomeAfterTaxes": 6185,
        "otherOperatingExpensesTotal": 333,
        "period": "2018-12-31",
        "pretaxIncome": 8121,
        "provisionforIncomeTaxes": 1936,
        "researchDevelopment": 555,
        "revenue": 68253,
        "sgaExpense": 10686,
        "totalOperatingExpense": 16602,
        "totalOtherIncomeExpenseNet": 1886
      },
      {
        "costOfGoodsSold": 50873,
        "depreciationAmortization": 4658,
        "dilutedAverageSharesOutstanding": 4271,
        "dilutedEPS": 1.46,
        "ebit": 6862,
        "grossIncome": 23314,
        "interestExpense": 200,
        "interestIncomeExpense": 1760,
        "minorityInterest": -206,
        "netIncome": 6240,
        "netIncomeAfterTaxes": 6176,
        "otherOperatingExpensesTotal": 307,
        "period": "2018-09-30",
        "pretaxIncome": 9080,
        "provisionforIncomeTaxes": 2904,
        "researchDevelopment": 292,
        "revenue": 74187,
        "sgaExpense": 11195,
        "totalOperatingExpense": 16452,
        "totalOtherIncomeExpenseNet": 458
      },
      {
        "costOfGoodsSold": 50245,
        "depreciationAmortization": 4589,
        "dilutedAverageSharesOutstanding": 4271,
        "dilutedEPS": 0.92,
        "ebit": 4614,
        "grossIncome": 21211,
        "interestExpense": 147,
        "interestIncomeExpense": 1582,
        "minorityInterest": -36,
        "netIncome": 3950,
        "netIncomeAfterTaxes": 3986,
        "otherOperatingExpensesTotal": 308,
        "period": "2018-06-30",
        "pretaxIncome": 6512,
        "provisionforIncomeTaxes": 2526,
        "researchDevelopment": 332,
        "revenue": 71456,
        "sgaExpense": 11368,
        "totalOperatingExpense": 16597,
        "totalOtherIncomeExpenseNet": 316
      },
      {
        "costOfGoodsSold": 44779,
        "depreciationAmortization": 4470,
        "dilutedAverageSharesOutstanding": 4270,
        "dilutedEPS": 1.09,
        "ebit": 4669,
        "grossIncome": 20657,
        "interestExpense": 204,
        "interestIncomeExpense": 1706,
        "minorityInterest": -133,
        "netIncome": 4650,
        "netIncomeAfterTaxes": 4783,
        "otherOperatingExpensesTotal": 337,
        "period": "2018-03-31",
        "pretaxIncome": 7240,
        "provisionforIncomeTaxes": 2457,
        "researchDevelopment": 287,
        "revenue": 65436,
        "sgaExpense": 10894,
        "totalOperatingExpense": 15988,
        "totalOtherIncomeExpenseNet": 865
      },
      {
        "costOfGoodsSold": 28979,
        "depreciationAmortization": 5842,
        "dilutedAverageSharesOutstanding": 4268,
        "dilutedEPS": 1.96,
        "ebit": 2000,
        "grossIncome": 21853,
        "interestExpense": 186,
        "interestIncomeExpense": 487,
        "minorityInterest": -29,
        "netIncome": 8380,
        "netIncomeAfterTaxes": 2467,
        "period": "2017-12-31",
        "pretaxIncome": 3017,
        "provisionforIncomeTaxes": 550,
        "researchDevelopment": 703,
        "revenue": 50832,
        "sgaExpense": 13308,
        "totalOperatingExpense": 19853,
        "totalOtherIncomeExpenseNet": 530
      },
      {
        "costOfGoodsSold": 39384,
        "depreciationAmortization": 4880,
        "dilutedAverageSharesOutstanding": 4271,
        "dilutedEPS": 0.93,
        "ebit": 3944,
        "grossIncome": 19966,
        "interestExpense": 111,
        "interestIncomeExpense": 1361,
        "minorityInterest": -115,
        "netIncome": 3970,
        "netIncomeAfterTaxes": 4085,
        "otherOperatingExpensesTotal": 475,
        "period": "2017-09-30",
        "pretaxIncome": 5583,
        "provisionforIncomeTaxes": 1498,
        "researchDevelopment": 284,
        "revenue": 59350,
        "sgaExpense": 10383,
        "totalOperatingExpense": 16022,
        "totalOtherIncomeExpenseNet": 278
      },
      {
        "costOfGoodsSold": 38254,
        "depreciationAmortization": 4652,
        "dilutedAverageSharesOutstanding": 4271,
        "dilutedEPS": 0.78,
        "ebit": 2263,
        "grossIncome": 17772,
        "interestExpense": 158,
        "interestIncomeExpense": 1367,
        "minorityInterest": 86,
        "netIncome": 3350,
        "netIncomeAfterTaxes": 3264,
        "otherOperatingExpensesTotal": 419,
        "period": "2017-06-30",
        "pretaxIncome": 4156,
        "provisionforIncomeTaxes": 892,
        "researchDevelopment": 514,
        "revenue": 56026,
        "sgaExpense": 9924,
        "totalOperatingExpense": 15509,
        "totalOtherIncomeExpenseNet": 526
      },
      {
        "costOfGoodsSold": 37925,
        "depreciationAmortization": 4519,
        "dilutedAverageSharesOutstanding": 4223,
        "dilutedEPS": 0.95,
        "ebit": 3867,
        "grossIncome": 18549,
        "interestExpense": 146,
        "interestIncomeExpense": 1564,
        "minorityInterest": -80,
        "netIncome": 4010,
        "netIncomeAfterTaxes": 4090,
        "otherOperatingExpensesTotal": 373,
        "period": "2017-03-31",
        "pretaxIncome": 5918,
        "provisionforIncomeTaxes": 1828,
        "researchDevelopment": 289,
        "revenue": 56474,
        "sgaExpense": 9501,
        "totalOperatingExpense": 14682,
        "totalOtherIncomeExpenseNet": 487
      },
      {
        "costOfGoodsSold": 21193,
        "depreciationAmortization": 8117,
        "dilutedAverageSharesOutstanding": 4174,
        "dilutedEPS": 0.4,
        "ebit": -1828,
        "grossIncome": 19203,
        "interestExpense": 195,
        "interestIncomeExpense": 1133,
        "minorityInterest": -344,
        "netIncome": 1680,
        "netIncomeAfterTaxes": 2024,
        "period": "2016-12-31",
        "pretaxIncome": 617,
        "provisionforIncomeTaxes": -1407,
        "researchDevelopment": 340,
        "revenue": 40396,
        "sgaExpense": 12574,
        "totalOperatingExpense": 21031,
        "totalOtherIncomeExpenseNet": 1312
      },
      {
        "costOfGoodsSold": 41181,
        "depreciationAmortization": 4605,
        "dilutedAverageSharesOutstanding": 4178,
        "dilutedEPS": 0.63,
        "ebit": 1422,
        "grossIncome": 15586,
        "interestExpense": 106,
        "interestIncomeExpense": 997,
        "minorityInterest": -239,
        "netIncome": 2650,
        "netIncomeAfterTaxes": 2889,
        "period": "2016-09-30",
        "pretaxIncome": 3226,
        "provisionforIncomeTaxes": 337,
        "researchDevelopment": 327,
        "revenue": 56767,
        "sgaExpense": 9232,
        "totalOperatingExpense": 14164,
        "totalOtherIncomeExpenseNet": 807
      },
      {
        "costOfGoodsSold": 40641,
        "depreciationAmortization": 4821,
        "dilutedAverageSharesOutstanding": 4178,
        "dilutedEPS": 0.41,
        "ebit": 1137,
        "grossIncome": 15719,
        "interestExpense": 75,
        "interestIncomeExpense": 1049,
        "minorityInterest": 19,
        "netIncome": 1700,
        "netIncomeAfterTaxes": 1681,
        "period": "2016-06-30",
        "pretaxIncome": 2396,
        "provisionforIncomeTaxes": 715,
        "researchDevelopment": 445,
        "revenue": 56360,
        "sgaExpense": 9316,
        "totalOperatingExpense": 14582,
        "totalOtherIncomeExpenseNet": 210
      },
      {
        "costOfGoodsSold": 33083,
        "depreciationAmortization": 4765,
        "dilutedAverageSharesOutstanding": 4178,
        "dilutedEPS": 0.43,
        "ebit": 205,
        "grossIncome": 14022,
        "interestExpense": 77,
        "interestIncomeExpense": 1174,
        "minorityInterest": 29,
        "netIncome": 1810,
        "netIncomeAfterTaxes": 1781,
        "period": "2016-03-31",
        "pretaxIncome": 1730,
        "provisionforIncomeTaxes": -51,
        "researchDevelopment": 355,
        "revenue": 47105,
        "sgaExpense": 8697,
        "totalOperatingExpense": 13817,
        "totalOtherIncomeExpenseNet": 351
      },
      {
        "costOfGoodsSold": 19417,
        "depreciationAmortization": 4755,
        "dilutedAverageSharesOutstanding": 4181,
        "dilutedEPS": 0.66,
        "ebit": 572,
        "grossIncome": 18640,
        "interestExpense": 60,
        "interestIncomeExpense": 1459,
        "minorityInterest": -50,
        "netIncome": 2780,
        "netIncomeAfterTaxes": 2830,
        "period": "2015-12-31",
        "pretaxIncome": 2628,
        "provisionforIncomeTaxes": -202,
        "researchDevelopment": 518,
        "revenue": 38057,
        "sgaExpense": 12795,
        "totalOperatingExpense": 18068,
        "totalOtherIncomeExpenseNet": 597
      },
      {
        "costOfGoodsSold": 46703,
        "depreciationAmortization": 4542,
        "dilutedAverageSharesOutstanding": 4190,
        "dilutedEPS": 1.01,
        "ebit": 4162,
        "grossIncome": 18976,
        "interestExpense": 78,
        "interestIncomeExpense": 1705,
        "minorityInterest": -144,
        "netIncome": 4240,
        "netIncomeAfterTaxes": 4384,
        "period": "2015-09-30",
        "pretaxIncome": 5749,
        "provisionforIncomeTaxes": 1365,
        "researchDevelopment": 324,
        "revenue": 65679,
        "sgaExpense": 9948,
        "totalOperatingExpense": 14814,
        "totalOtherIncomeExpenseNet": -118
      }
    ],
    "symbol": "XOM"
  }
}