{
  "symbol": "BRK.B",
  "statement": "ic",
  "frequency": "quarterly",
  "timestamp": "2025-09-19T13:56:43.983732",
  "data": {
    "financials": [
      {
        "costOfGoodsSold": 69049,
        "dilutedAverageSharesOutstanding": 1.438,
        "dilutedEPS": 8602.22,
        "ebit": 14384,
        "grossIncome": 23466,
        "interestIncomeExpense": 4126,
        "minorityInterest": -87,
        "netIncome": 12370,
        "netIncomeAfterTaxes": 12457,
        "nonRecurringItems": -3760,
        "otherOperatingExpensesTotal": 1151,
        "period": "2025-06-30",
        "pretaxIncome": 14750,
        "provisionforIncomeTaxes": 2293,
        "revenue": 92515,
        "sgaExpense": 7931,
        "totalOperatingExpense": 9082
      },
      {
        "costOfGoodsSold": 68484,
        "dilutedAverageSharesOutstanding": 1.438,
        "dilutedEPS": 3200.97,
        "ebit": 12714,
        "grossIncome": 21241,
        "interestExpense": 1257,
        "interestIncomeExpense": -7566,
        "minorityInterest": -69,
        "netIncome": 4603,
        "netIncomeAfterTaxes": 4672,
        "otherOperatingExpensesTotal": 846,
        "period": "2025-03-31",
        "pretaxIncome": 5148,
        "provisionforIncomeTaxes": 476,
        "revenue": 89725,
        "sgaExpense": 7681,
        "totalOperatingExpense": 8527
      },
      {
        "costOfGoodsSold": 98235,
        "dilutedAverageSharesOutstanding": 1.438,
        "dilutedEPS": 13695.41,
        "ebit": 18039,
        "grossIncome": -3319,
        "interestExpense": 1440,
        "interestIncomeExpense": 5986,
        "minorityInterest": -57,
        "netIncome": 19694,
        "netIncomeAfterTaxes": 19751,
        "otherOperatingExpensesTotal": -29708,
        "period": "2024-12-31",
        "pretaxIncome": 24025,
        "provisionforIncomeTaxes": 4274,
        "revenue": 94916,
        "sgaExpense": 8350,
        "totalOperatingExpense": -21358
      },
      {
        "costOfGoodsSold": 71581,
        "dilutedAverageSharesOutstanding": 1.437,
        "dilutedEPS": 18267.91,
        "ebit": 12986,
        "grossIncome": 21414,
        "interestExpense": 1214,
        "interestIncomeExpense": 19522,
        "minorityInterest": -229,
        "netIncome": 26251,
        "netIncomeAfterTaxes": 26480,
        "otherOperatingExpensesTotal": 1104,
        "period": "2024-09-30",
        "pretaxIncome": 32508,
        "provisionforIncomeTaxes": 6028,
        "revenue": 92995,
        "sgaExpense": 7324,
        "totalOperatingExpense": 8428
      },
      {
        "costOfGoodsSold": 71130,
        "dilutedAverageSharesOutstanding": 1.437,
        "dilutedEPS": 21118.99,
        "ebit": 15258,
        "grossIncome": 22523,
        "interestExpense": 1230,
        "interestIncomeExpense": 22879,
        "minorityInterest": -150,
        "netIncome": 30348,
        "netIncomeAfterTaxes": 30498,
        "otherOperatingExpensesTotal": 1232,
        "period": "2024-06-30",
        "pretaxIncome": 38137,
        "provisionforIncomeTaxes": 7639,
        "revenue": 93653,
        "sgaExpense": 6033,
        "totalOperatingExpense": 7265
      },
      {
        "costOfGoodsSold": 68670,
        "dilutedAverageSharesOutstanding": 1.439,
        "dilutedEPS": 8826.96,
        "ebit": 14653,
        "grossIncome": 21199,
        "interestExpense": 1316,
        "interestIncomeExpense": 1053,
        "minorityInterest": -130,
        "netIncome": 12702,
        "netIncomeAfterTaxes": 12832,
        "otherOperatingExpensesTotal": 1005,
        "period": "2024-03-31",
        "pretaxIncome": 15706,
        "provisionforIncomeTaxes": 2874,
        "revenue": 89869,
        "sgaExpense": 5541,
        "totalOperatingExpense": 6546
      },
      {
        "costOfGoodsSold": 74743,
        "dilutedAverageSharesOutstanding": 1.443,
        "dilutedEPS": 26038.8,
        "ebit": 10888,
        "grossIncome": 18633,
        "interestExpense": 1276,
        "interestIncomeExpense": 36050,
        "minorityInterest": -184,
        "netIncome": 37574,
        "netIncomeAfterTaxes": 37758,
        "otherOperatingExpensesTotal": 867,
        "period": "2023-12-31",
        "pretaxIncome": 46938,
        "provisionforIncomeTaxes": 9180,
        "revenue": 93376,
        "sgaExpense": 6878,
        "totalOperatingExpense": 7745
      },
      {
        "costOfGoodsSold": 73184,
        "dilutedAverageSharesOutstanding": 1.447,
        "dilutedEPS": -8823.08,
        "ebit": 13817,
        "grossIncome": 20026,
        "interestExpense": 1260,
        "interestIncomeExpense": -30776,
        "minorityInterest": -200,
        "netIncome": -12767,
        "netIncomeAfterTaxes": -12567,
        "otherOperatingExpensesTotal": 1089,
        "period": "2023-09-30",
        "pretaxIncome": -16959,
        "provisionforIncomeTaxes": -4392,
        "revenue": 93210,
        "sgaExpense": 5120,
        "totalOperatingExpense": 6209
      },
      {
        "costOfGoodsSold": 73197,
        "dilutedAverageSharesOutstanding": 1.45,
        "dilutedEPS": 24766.89,
        "ebit": 13112,
        "grossIncome": 19306,
        "interestExpense": 1249,
        "interestIncomeExpense": 32323,
        "minorityInterest": -287,
        "netIncome": 35912,
        "netIncomeAfterTaxes": 36199,
        "otherOperatingExpensesTotal": 1189,
        "period": "2023-06-30",
        "pretaxIncome": 45435,
        "provisionforIncomeTaxes": 9236,
        "revenue": 92503,
        "sgaExpense": 5005,
        "totalOperatingExpense": 6194
      },
      {
        "costOfGoodsSold": 68396,
        "dilutedAverageSharesOutstanding": 1.456,
        "dilutedEPS": 24384.61,
        "ebit": 10524,
        "grossIncome": 16997,
        "interestExpense": 1218,
        "interestIncomeExpense": 34228,
        "minorityInterest": -253,
        "netIncome": 35504,
        "netIncomeAfterTaxes": 35757,
        "otherOperatingExpensesTotal": 871,
        "period": "2023-03-31",
        "pretaxIncome": 44752,
        "provisionforIncomeTaxes": 8995,
        "revenue": 85393,
        "sgaExpense": 5602,
        "totalOperatingExpense": 6473
      },
      {
        "costOfGoodsSold": 61786,
        "dilutedAverageSharesOutstanding": 1.463,
        "dilutedEPS": 12358.16,
        "ebit": 7880,
        "grossIncome": 16286,
        "interestExpense": 1139,
        "interestIncomeExpense": 14229,
        "minorityInterest": -157,
        "netIncome": 18080,
        "netIncomeAfterTaxes": 18237,
        "otherOperatingExpensesTotal": 981,
        "period": "2022-12-31",
        "pretaxIncome": 22109,
        "provisionforIncomeTaxes": 3872,
        "revenue": 78072,
        "sgaExpense": 7425,
        "totalOperatingExpense": 8406
      },
      {
        "costOfGoodsSold": 61632,
        "dilutedAverageSharesOutstanding": 1.467,
        "dilutedEPS": -1907.29,
        "ebit": 9884,
        "grossIncome": 15272,
        "interestExpense": 1092,
        "interestIncomeExpense": -14142,
        "minorityInterest": -100,
        "netIncome": -2798,
        "netIncomeAfterTaxes": -2698,
        "otherOperatingExpensesTotal": 1320,
        "period": "2022-09-30",
        "pretaxIncome": -4258,
        "provisionforIncomeTaxes": -1560,
        "revenue": 76904,
        "sgaExpense": 4068,
        "totalOperatingExpense": 5388
      },
      {
        "costOfGoodsSold": 58418,
        "dilutedAverageSharesOutstanding": 1.471,
        "dilutedEPS": -29653.97,
        "ebit": 12494,
        "grossIncome": 17783,
        "interestExpense": 1087,
        "interestIncomeExpense": -67802,
        "minorityInterest": -379,
        "netIncome": -43621,
        "netIncomeAfterTaxes": -43242,
        "otherOperatingExpensesTotal": 1527,
        "period": "2022-06-30",
        "pretaxIncome": -55308,
        "provisionforIncomeTaxes": -12066,
        "revenue": 76201,
        "sgaExpense": 3762,
        "totalOperatingExpense": 5289
      },
      {
        "costOfGoodsSold": 55806,
        "dilutedAverageSharesOutstanding": 1.475,
        "dilutedEPS": 3783.05,
        "ebit": 9630,
        "grossIncome": 15037,
        "interestExpense": 1034,
        "interestIncomeExpense": -2673,
        "minorityInterest": -125,
        "netIncome": 5580,
        "netIncomeAfterTaxes": 5705,
        "otherOperatingExpensesTotal": 1156,
        "period": "2022-03-31",
        "pretaxIncome": 6957,
        "provisionforIncomeTaxes": 1252,
        "revenue": 70843,
        "sgaExpense": 4251,
        "totalOperatingExpense": 5407
      },
      {
        "costOfGoodsSold": 56033,
        "dilutedAverageSharesOutstanding": 1.485,
        "dilutedEPS": 26793.26,
        "ebit": 9480,
        "grossIncome": 15856,
        "interestExpense": 990,
        "interestIncomeExpense": 39648,
        "minorityInterest": -252,
        "netIncome": 39788,
        "netIncomeAfterTaxes": 40040,
        "otherOperatingExpensesTotal": 1377,
        "period": "2021-12-31",
        "pretaxIncome": 49128,
        "provisionforIncomeTaxes": 9088,
        "revenue": 71889,
        "sgaExpense": 4999,
        "totalOperatingExpense": 6376
      },
      {
        "costOfGoodsSold": 55870,
        "dilutedAverageSharesOutstanding": 1.503,
        "dilutedEPS": 6882.23,
        "ebit": 8242,
        "grossIncome": 14713,
        "interestExpense": 1056,
        "interestIncomeExpense": 4242,
        "minorityInterest": -300,
        "netIncome": 10344,
        "netIncomeAfterTaxes": 10644,
        "nonRecurringItems": 0,
        "otherOperatingExpensesTotal": 1582,
        "period": "2021-09-30",
        "pretaxIncome": 12484,
        "provisionforIncomeTaxes": 1840,
        "revenue": 70583,
        "sgaExpense": 4889,
        "totalOperatingExpense": 6471
      },
      {
        "costOfGoodsSold": 53250,
        "dilutedAverageSharesOutstanding": 1.52,
        "dilutedEPS": 18482.89,
        "ebit": 9256,
        "grossIncome": 15864,
        "interestExpense": 1076,
        "interestIncomeExpense": 26465,
        "minorityInterest": -331,
        "netIncome": 28094,
        "netIncomeAfterTaxes": 28425,
        "nonRecurringItems": 0,
        "otherOperatingExpensesTotal": 1563,
        "period": "2021-06-30",
        "pretaxIncome": 35721,
        "provisionforIncomeTaxes": 7296,
        "revenue": 69114,
        "sgaExpense": 5045,
        "totalOperatingExpense": 6608
      },
      {
        "costOfGoodsSold": 49969,
        "dilutedAverageSharesOutstanding": 1.533,
        "dilutedEPS": 7639.26,
        "ebit": 9627,
        "grossIncome": 14630,
        "interestExpense": 1050,
        "interestIncomeExpense": 4901,
        "minorityInterest": -129,
        "netIncome": 11711,
        "netIncomeAfterTaxes": 11840,
        "otherOperatingExpensesTotal": 1093,
        "period": "2021-03-31",
        "pretaxIncome": 14528,
        "provisionforIncomeTaxes": 2688,
        "revenue": 64599,
        "sgaExpense": 3910,
        "totalOperatingExpense": 5003
      },
      {
        "costOfGoodsSold": 50777,
        "dilutedAverageSharesOutstanding": 1.557,
        "dilutedEPS": 23015.41,
        "ebit": 6794,
        "grossIncome": 13673,
        "interestExpense": 1057,
        "interestIncomeExpense": 38621,
        "minorityInterest": -295,
        "netIncome": 35835,
        "netIncomeAfterTaxes": 36130,
        "nonRecurringItems": -12,
        "otherOperatingExpensesTotal": 1374,
        "period": "2020-12-31",
        "pretaxIncome": 45403,
        "provisionforIncomeTaxes": 9273,
        "revenue": 64450,
        "sgaExpense": 5505,
        "totalOperatingExpense": 6879
      },
      {
        "costOfGoodsSold": 49279,
        "dilutedAverageSharesOutstanding": 1.587,
        "dilutedEPS": 18989.91,
        "ebit": 7083,
        "grossIncome": 13745,
        "interestExpense": 1000,
        "interestIncomeExpense": 30872,
        "minorityInterest": -276,
        "netIncome": 30137,
        "netIncomeAfterTaxes": 30413,
        "nonRecurringItems": -25,
        "otherOperatingExpensesTotal": 1481,
        "period": "2020-09-30",
        "pretaxIncome": 37930,
        "provisionforIncomeTaxes": 7517,
        "revenue": 63024,
        "sgaExpense": 5181,
        "totalOperatingExpense": 6662
      },
      {
        "costOfGoodsSold": 43879,
        "dilutedAverageSharesOutstanding": 1.612,
        "dilutedEPS": 16312.03,
        "ebit": 7217,
        "grossIncome": 12961,
        "interestExpense": 1002,
        "interestIncomeExpense": 38826,
        "minorityInterest": -112,
        "netIncome": 26295,
        "netIncomeAfterTaxes": 26407,
        "nonRecurringItems": -10634,
        "otherOperatingExpensesTotal": 1092,
        "period": "2020-06-30",
        "pretaxIncome": 35409,
        "provisionforIncomeTaxes": 9002,
        "revenue": 56840,
        "sgaExpense": 4652,
        "totalOperatingExpense": 5744
      },
      {
        "costOfGoodsSold": 47995,
        "dilutedAverageSharesOutstanding": 1.623,
        "dilutedEPS": -30650.64,
        "ebit": 7950,
        "grossIncome": 13270,
        "interestExpense": 1024,
        "interestIncomeExpense": -70999,
        "minorityInterest": -49,
        "netIncome": -49746,
        "netIncomeAfterTaxes": -49697,
        "otherOperatingExpensesTotal": 849,
        "period": "2020-03-31",
        "pretaxIncome": -63049,
        "provisionforIncomeTaxes": -13352,
        "revenue": 61265,
        "sgaExpense": 4471,
        "totalOperatingExpense": 5320
      },
      {
        "costOfGoodsSold": 52436,
        "dilutedAverageSharesOutstanding": 1.628,
        "dilutedEPS": 17910.93,
        "ebit": 6243,
        "grossIncome": 12932,
        "interestExpense": 993,
        "interestIncomeExpense": 30558,
        "minorityInterest": -71,
        "netIncome": 29159,
        "netIncomeAfterTaxes": 29230,
        "otherOperatingExpensesTotal": 1012,
        "period": "2019-12-31",
        "pretaxIncome": 36801,
        "provisionforIncomeTaxes": 7571,
        "revenue": 65368,
        "sgaExpense": 5677,
        "totalOperatingExpense": 6689
      },
      {
        "costOfGoodsSold": 49522,
        "dilutedAverageSharesOutstanding": 1.633,
        "dilutedEPS": 10118.79,
        "ebit": 9904,
        "grossIncome": 15450,
        "interestExpense": 985,
        "interestIncomeExpense": 10585,
        "minorityInterest": -133,
        "netIncome": 16524,
        "netIncomeAfterTaxes": 16657,
        "otherOperatingExpensesTotal": 1162,
        "period": "2019-09-30",
        "pretaxIncome": 20489,
        "provisionforIncomeTaxes": 3832,
        "revenue": 64972,
        "sgaExpense": 4384,
        "totalOperatingExpense": 5546
      },
      {
        "costOfGoodsSold": 49015,
        "dilutedAverageSharesOutstanding": 1.635,
        "dilutedEPS": 8607.33,
        "ebit": 8579,
        "grossIncome": 14583,
        "interestExpense": 992,
        "interestIncomeExpense": 9180,
        "minorityInterest": -100,
        "netIncome": 14073,
        "netIncomeAfterTaxes": 14173,
        "otherOperatingExpensesTotal": 1175,
        "period": "2019-06-30",
        "pretaxIncome": 17759,
        "provisionforIncomeTaxes": 3586,
        "revenue": 63598,
        "sgaExpense": 4829,
        "totalOperatingExpense": 6004
      },
      {
        "costOfGoodsSold": 47445,
        "dilutedAverageSharesOutstanding": 1.64,
        "dilutedEPS": 13207.92,
        "ebit": 8148,
        "grossIncome": 13233,
        "interestExpense": 991,
        "interestIncomeExpense": 19499,
        "minorityInterest": -71,
        "netIncome": 21661,
        "netIncomeAfterTaxes": 21732,
        "otherOperatingExpensesTotal": 653,
        "period": "2019-03-31",
        "pretaxIncome": 27647,
        "provisionforIncomeTaxes": 5915,
        "revenue": 60678,
        "sgaExpense": 4432,
        "totalOperatingExpense": 5085
      },
      {
        "costOfGoodsSold": 48046,
        "dilutedAverageSharesOutstanding": 1.644,
        "dilutedEPS": -15445.25,
        "ebit": 7242,
        "grossIncome": 15668,
        "interestExpense": 1244,
        "interestIncomeExpense": -39963,
        "minorityInterest": -1,
        "netIncome": -25392,
        "netIncomeAfterTaxes": -25693,
        "otherOperatingExpensesTotal": 3895,
        "period": "2018-12-31",
        "pretaxIncome": -32721,
        "provisionforIncomeTaxes": -7028,
        "revenue": 63714,
        "sgaExpense": 4531,
        "totalOperatingExpense": 8426
      },
      {
        "costOfGoodsSold": 48787,
        "dilutedAverageSharesOutstanding": 1.644,
        "dilutedEPS": 11277.37,
        "ebit": 9075,
        "grossIncome": 14663,
        "interestExpense": 950,
        "interestIncomeExpense": 14072,
        "minorityInterest": -167,
        "netIncome": 18540,
        "netIncomeAfterTaxes": 18707,
        "otherOperatingExpensesTotal": 1094,
        "period": "2018-09-30",
        "pretaxIncome": 23147,
        "provisionforIncomeTaxes": 4440,
        "revenue": 63450,
        "sgaExpense": 4494,
        "totalOperatingExpense": 5588
      },
      {
        "costOfGoodsSold": 47469,
        "dilutedAverageSharesOutstanding": 1.645,
        "dilutedEPS": 7301.51,
        "ebit": 9366,
        "grossIncome": 14731,
        "interestExpense": 957,
        "interestIncomeExpense": 5732,
        "minorityInterest": -66,
        "netIncome": 12011,
        "netIncomeAfterTaxes": 12077,
        "otherOperatingExpensesTotal": 1133,
        "period": "2018-06-30",
        "pretaxIncome": 15098,
        "provisionforIncomeTaxes": 3021,
        "revenue": 62200,
        "sgaExpense": 4232,
        "totalOperatingExpense": 5365
      },
      {
        "costOfGoodsSold": 45950,
        "dilutedAverageSharesOutstanding": 1.645,
        "dilutedEPS": -691.81,
        "ebit": 7066,
        "grossIncome": 12523,
        "interestExpense": 975,
        "interestIncomeExpense": -8589,
        "minorityInterest": -67,
        "netIncome": -1138,
        "netIncomeAfterTaxes": -1071,
        "otherOperatingExpensesTotal": 749,
        "period": "2018-03-31",
        "pretaxIncome": -1523,
        "provisionforIncomeTaxes": -452,
        "revenue": 58473,
        "sgaExpense": 4708,
        "totalOperatingExpense": 5457
      },
      {
        "costOfGoodsSold": 57988,
        "dilutedAverageSharesOutstanding": 1.645,
        "dilutedEPS": 19787.84,
        "ebit": 4732,
        "grossIncome": 812,
        "interestExpense": 1164,
        "interestIncomeExpense": 1659,
        "minorityInterest": -105,
        "netIncome": 32551,
        "netIncomeAfterTaxes": 4456,
        "otherOperatingExpensesTotal": -11008,
        "period": "2017-12-31",
        "pretaxIncome": 6391,
        "provisionforIncomeTaxes": 1935,
        "revenue": 58800,
        "sgaExpense": 7088,
        "totalOperatingExpense": -3920
      },
      {
        "costOfGoodsSold": 49418,
        "dilutedAverageSharesOutstanding": 1.645,
        "dilutedEPS": 2472.34,
        "ebit": 5593,
        "grossIncome": 10089,
        "interestExpense": 1233,
        "interestIncomeExpense": 37,
        "minorityInterest": -136,
        "netIncome": 4067,
        "netIncomeAfterTaxes": 4203,
        "period": "2017-09-30",
        "pretaxIncome": 5630,
        "provisionforIncomeTaxes": 1427,
        "revenue": 59507,
        "sgaExpense": 4496,
        "totalOperatingExpense": 4496
      },
      {
        "costOfGoodsSold": 45709,
        "dilutedAverageSharesOutstanding": 1.645,
        "dilutedEPS": 2590.88,
        "ebit": 7058,
        "grossIncome": 11547,
        "interestExpense": 1500,
        "interestIncomeExpense": -929,
        "minorityInterest": -93,
        "netIncome": 4262,
        "netIncomeAfterTaxes": 4355,
        "period": "2017-06-30",
        "pretaxIncome": 6129,
        "provisionforIncomeTaxes": 1774,
        "revenue": 57256,
        "sgaExpense": 4489,
        "totalOperatingExpense": 4489
      },
      {
        "costOfGoodsSold": 54113,
        "dilutedAverageSharesOutstanding": 1.644,
        "dilutedEPS": 2469.58,
        "ebit": 5699,
        "grossIncome": 10257,
        "interestExpense": 1067,
        "interestIncomeExpense": -11,
        "minorityInterest": -79,
        "netIncome": 4060,
        "netIncomeAfterTaxes": 4139,
        "period": "2017-03-31",
        "pretaxIncome": 5688,
        "provisionforIncomeTaxes": 1549,
        "revenue": 64370,
        "sgaExpense": 4558,
        "totalOperatingExpense": 4558
      },
      {
        "costOfGoodsSold": 43559,
        "dilutedAverageSharesOutstanding": 1.644,
        "dilutedEPS": 3823.6,
        "ebit": 8945,
        "grossIncome": 14114,
        "interestExpense": 783,
        "interestIncomeExpense": 369,
        "minorityInterest": -69,
        "netIncome": 6286,
        "netIncomeAfterTaxes": 6355,
        "period": "2016-12-31",
        "pretaxIncome": 9314,
        "provisionforIncomeTaxes": 2959,
        "revenue": 57673,
        "sgaExpense": 5169,
        "totalOperatingExpense": 5169
      },
      {
        "costOfGoodsSold": 43076,
        "dilutedAverageSharesOutstanding": 1.644,
        "dilutedEPS": 4378.34,
        "ebit": 11343,
        "grossIncome": 15767,
        "interestExpense": 1043,
        "interestIncomeExpense": -818,
        "minorityInterest": -135,
        "netIncome": 7198,
        "netIncomeAfterTaxes": 7333,
        "period": "2016-09-30",
        "pretaxIncome": 10525,
        "provisionforIncomeTaxes": 3192,
        "revenue": 58843,
        "sgaExpense": 4424,
        "totalOperatingExpense": 4424
      },
      {
        "costOfGoodsSold": 41852,
        "dilutedAverageSharesOutstanding": 1.644,
        "dilutedEPS": 3041.97,
        "ebit": 7893,
        "grossIncome": 12402,
        "interestExpense": 727,
        "interestIncomeExpense": -521,
        "minorityInterest": -81,
        "netIncome": 5001,
        "netIncomeAfterTaxes": 5082,
        "period": "2016-06-30",
        "pretaxIncome": 7372,
        "provisionforIncomeTaxes": 2290,
        "revenue": 54254,
        "sgaExpense": 4509,
        "totalOperatingExpense": 4509
      },
      {
        "costOfGoodsSold": 40659,
        "dilutedAverageSharesOutstanding": 1.643,
        "dilutedEPS": 3401.7,
        "ebit": 7389,
        "grossIncome": 11504,
        "interestExpense": 1173,
        "interestIncomeExpense": -933,
        "minorityInterest": -68,
        "netIncome": 5589,
        "netIncomeAfterTaxes": 5657,
        "period": "2016-03-31",
        "pretaxIncome": 6456,
        "provisionforIncomeTaxes": 799,
        "revenue": 52163,
        "sgaExpense": 4115,
        "totalOperatingExpense": 4115
      },
      {
        "costOfGoodsSold": 39675,
        "dilutedAverageSharesOutstanding": 1.643,
        "dilutedEPS": 3334.14,
        "ebit": 8311,
        "grossIncome": 12267,
        "interestExpense": 808,
        "interestIncomeExpense": -930,
        "minorityInterest": -69,
        "netIncome": 5478,
        "netIncomeAfterTaxes": 5547,
        "period": "2015-12-31",
        "pretaxIncome": 7381,
        "provisionforIncomeTaxes": 1834,
        "revenue": 51942,
        "sgaExpense": 3956,
        "totalOperatingExpense": 3956
      },
      {
        "costOfGoodsSold": 39922,
        "dilutedAverageSharesOutstanding": 1.643,
        "dilutedEPS": 5738.28,
        "ebit": 14937,
        "grossIncome": 19067,
        "interestExpense": 865,
        "interestIncomeExpense": -865,
        "minorityInterest": -99,
        "netIncome": 9428,
        "netIncomeAfterTaxes": 9527,
        "period": "2015-09-30",
        "pretaxIncome": 14072,
        "provisionforIncomeTaxes": 4545,
        "revenue": 58989,
        "sgaExpense": 4130,
        "totalOperatingExpense": 4130
      }
    ],
    "symbol": "BRK.A"
  }
}