{
  "symbol": "CNC",
  "statement": "ic",
  "frequency": "quarterly",
  "timestamp": "2025-09-19T13:57:38.557835",
  "data": {
    "financials": [
      {
        "costOfGoodsSold": 45795,
        "depreciationAmortization": 314,
        "dilutedAverageSharesOutstanding": 493.548,
        "dilutedEPS": -0.5126,
        "ebit": -402,
        "grossIncome": 2947,
        "interestExpense": 170,
        "interestIncomeExpense": -170,
        "minorityInterest": 6,
        "netIncome": -253,
        "netIncomeAfterTaxes": -259,
        "nonRecurringItems": -56,
        "period": "2025-06-30",
        "pretaxIncome": -257,
        "provisionforIncomeTaxes": 2,
        "revenue": 48742,
        "sgaExpense": 3035,
        "totalOperatingExpense": 3349,
        "totalOtherIncomeExpenseNet": 371
      },
      {
        "costOfGoodsSold": 41418,
        "depreciationAmortization": 315,
        "dilutedAverageSharesOutstanding": 498.18,
        "dilutedEPS": 2.6316,
        "ebit": 1534,
        "grossIncome": 5202,
        "interestExpense": 170,
        "interestIncomeExpense": -170,
        "minorityInterest": -3,
        "netIncome": 1311,
        "netIncomeAfterTaxes": 1314,
        "nonRecurringItems": 0,
        "period": "2025-03-31",
        "pretaxIncome": 1746,
        "provisionforIncomeTaxes": 432,
        "revenue": 46620,
        "sgaExpense": 3353,
        "totalOperatingExpense": 3668,
        "totalOtherIncomeExpenseNet": 382
      },
      {
        "costOfGoodsSold": 37085,
        "depreciationAmortization": 314,
        "dilutedAverageSharesOutstanding": 502.231,
        "dilutedEPS": 0.5635,
        "ebit": 182,
        "grossIncome": 3720,
        "interestExpense": 172,
        "interestIncomeExpense": -172,
        "minorityInterest": 3,
        "netIncome": 283,
        "netIncomeAfterTaxes": 280,
        "nonRecurringItems": -7,
        "period": "2024-12-31",
        "pretaxIncome": 347,
        "provisionforIncomeTaxes": 67,
        "revenue": 40805,
        "sgaExpense": 3224,
        "totalOperatingExpense": 3538,
        "totalOtherIncomeExpenseNet": 344
      },
      {
        "costOfGoodsSold": 37988,
        "depreciationAmortization": 313,
        "dilutedAverageSharesOutstanding": 523.542,
        "dilutedEPS": 1.3619,
        "ebit": 673,
        "grossIncome": 4035,
        "interestExpense": 176,
        "interestIncomeExpense": -176,
        "minorityInterest": 3,
        "netIncome": 713,
        "netIncomeAfterTaxes": 710,
        "nonRecurringItems": -8,
        "period": "2024-09-30",
        "pretaxIncome": 921,
        "provisionforIncomeTaxes": 211,
        "revenue": 42023,
        "sgaExpense": 3049,
        "totalOperatingExpense": 3362,
        "totalOtherIncomeExpenseNet": 432
      },
      {
        "costOfGoodsSold": 35407,
        "depreciationAmortization": 306,
        "dilutedAverageSharesOutstanding": 530.755,
        "dilutedEPS": 2.1592,
        "ebit": 1239,
        "grossIncome": 4429,
        "interestExpense": 176,
        "interestIncomeExpense": -176,
        "minorityInterest": 0,
        "netIncome": 1146,
        "netIncomeAfterTaxes": 1146,
        "nonRecurringItems": -10,
        "period": "2024-06-30",
        "pretaxIncome": 1516,
        "provisionforIncomeTaxes": 370,
        "revenue": 39836,
        "sgaExpense": 2884,
        "totalOperatingExpense": 3190,
        "totalOtherIncomeExpenseNet": 463
      },
      {
        "costOfGoodsSold": 35762,
        "depreciationAmortization": 308,
        "dilutedAverageSharesOutstanding": 538.06,
        "dilutedEPS": 2.1615,
        "ebit": 1189,
        "grossIncome": 4645,
        "interestExpense": 178,
        "interestIncomeExpense": -178,
        "minorityInterest": 5,
        "netIncome": 1163,
        "netIncomeAfterTaxes": 1158,
        "nonRecurringItems": -83,
        "period": "2024-03-31",
        "pretaxIncome": 1473,
        "provisionforIncomeTaxes": 315,
        "revenue": 40407,
        "sgaExpense": 3148,
        "totalOperatingExpense": 3456,
        "totalOtherIncomeExpenseNet": 545
      },
      {
        "costOfGoodsSold": 35800,
        "depreciationAmortization": 315,
        "dilutedAverageSharesOutstanding": 537.58,
        "dilutedEPS": 0.0837,
        "ebit": -69,
        "grossIncome": 3660,
        "interestExpense": 183,
        "interestIncomeExpense": -183,
        "minorityInterest": 6,
        "netIncome": 45,
        "netIncomeAfterTaxes": 39,
        "nonRecurringItems": -125,
        "period": "2023-12-31",
        "pretaxIncome": 24,
        "provisionforIncomeTaxes": -15,
        "revenue": 39460,
        "sgaExpense": 3414,
        "totalOperatingExpense": 3729,
        "totalOtherIncomeExpenseNet": 401
      },
      {
        "costOfGoodsSold": 33491,
        "depreciationAmortization": 328,
        "dilutedAverageSharesOutstanding": 541.27,
        "dilutedEPS": 0.8665,
        "ebit": 1213,
        "grossIncome": 4551,
        "interestExpense": 181,
        "interestIncomeExpense": -181,
        "minorityInterest": -6,
        "netIncome": 469,
        "netIncomeAfterTaxes": 475,
        "nonRecurringItems": -478,
        "period": "2023-09-30",
        "pretaxIncome": 768,
        "provisionforIncomeTaxes": 293,
        "revenue": 38042,
        "sgaExpense": 3010,
        "totalOperatingExpense": 3338,
        "totalOtherIncomeExpenseNet": 214
      },
      {
        "costOfGoodsSold": 33078,
        "depreciationAmortization": 325,
        "dilutedAverageSharesOutstanding": 550.308,
        "dilutedEPS": 1.9226,
        "ebit": 1202,
        "grossIncome": 4530,
        "interestExpense": 181,
        "interestIncomeExpense": -181,
        "minorityInterest": 3,
        "netIncome": 1058,
        "netIncomeAfterTaxes": 1055,
        "nonRecurringItems": -31,
        "period": "2023-06-30",
        "pretaxIncome": 1415,
        "provisionforIncomeTaxes": 360,
        "revenue": 37608,
        "sgaExpense": 3003,
        "totalOperatingExpense": 3328,
        "totalOtherIncomeExpenseNet": 425
      },
      {
        "costOfGoodsSold": 34315,
        "depreciationAmortization": 325,
        "dilutedAverageSharesOutstanding": 553.845,
        "dilutedEPS": 2.0403,
        "ebit": 1261,
        "grossIncome": 4574,
        "interestExpense": 180,
        "interestIncomeExpense": -180,
        "minorityInterest": 0,
        "netIncome": 1130,
        "netIncomeAfterTaxes": 1130,
        "nonRecurringItems": -43,
        "period": "2023-03-31",
        "pretaxIncome": 1391,
        "provisionforIncomeTaxes": 261,
        "revenue": 38889,
        "sgaExpense": 2988,
        "totalOperatingExpense": 3313,
        "totalOtherIncomeExpenseNet": 353
      },
      {
        "costOfGoodsSold": 31714,
        "depreciationAmortization": 352,
        "dilutedAverageSharesOutstanding": 559.933,
        "dilutedEPS": -0.3804,
        "ebit": 351,
        "grossIncome": 3847,
        "interestExpense": 174,
        "interestIncomeExpense": -174,
        "minorityInterest": 6,
        "netIncome": -213,
        "netIncomeAfterTaxes": -219,
        "nonRecurringItems": -629,
        "period": "2022-12-31",
        "pretaxIncome": 41,
        "provisionforIncomeTaxes": 260,
        "revenue": 35561,
        "sgaExpense": 3144,
        "totalOperatingExpense": 3496,
        "totalOtherIncomeExpenseNet": 493
      },
      {
        "costOfGoodsSold": 31893,
        "depreciationAmortization": 361,
        "dilutedAverageSharesOutstanding": 580.607,
        "dilutedEPS": 1.2711,
        "ebit": 794,
        "grossIncome": 3972,
        "interestExpense": 169,
        "interestIncomeExpense": -169,
        "minorityInterest": -2,
        "netIncome": 738,
        "netIncomeAfterTaxes": 740,
        "nonRecurringItems": -308,
        "period": "2022-09-30",
        "pretaxIncome": 1009,
        "provisionforIncomeTaxes": 269,
        "revenue": 35865,
        "sgaExpense": 2817,
        "totalOperatingExpense": 3178,
        "totalOtherIncomeExpenseNet": 692
      },
      {
        "benefitsClaimsLossAdjustment": 2099,
        "depreciationAmortization": 363,
        "dilutedAverageSharesOutstanding": 583.644,
        "dilutedEPS": -0.2947,
        "ebit": 1345,
        "grossPremiumsEarned": 33478,
        "interestExpense": 162,
        "interestIncomeExpense": -162,
        "minorityInterest": -1,
        "netIncome": -172,
        "netIncomeAfterTaxes": -171,
        "nonRecurringItems": -1461,
        "otherOperatingExpensesTotal": 27312,
        "otherRevenue": 2458,
        "period": "2022-06-30",
        "pretaxIncome": -236,
        "provisionforIncomeTaxes": -65,
        "revenue": 35936,
        "sgaExpense": 4817,
        "totalOperatingExpense": 34591,
        "totalOtherIncomeExpenseNet": 42
      },
      {
        "benefitsClaimsLossAdjustment": 1988,
        "depreciationAmortization": 355,
        "dilutedAverageSharesOutstanding": 590.658,
        "dilutedEPS": 1.4374,
        "ebit": 1354,
        "grossPremiumsEarned": 34842,
        "interestExpense": 160,
        "interestIncomeExpense": -160,
        "minorityInterest": -3,
        "netIncome": 849,
        "netIncomeAfterTaxes": 852,
        "nonRecurringItems": -98,
        "otherOperatingExpensesTotal": 27838,
        "otherRevenue": 2343,
        "period": "2022-03-31",
        "pretaxIncome": 1148,
        "provisionforIncomeTaxes": 296,
        "revenue": 37185,
        "sgaExpense": 5650,
        "totalOperatingExpense": 35831,
        "totalOtherIncomeExpenseNet": 52
      },
      {
        "benefitsClaimsLossAdjustment": 1384,
        "depreciationAmortization": 189,
        "dilutedAverageSharesOutstanding": 591.602,
        "dilutedEPS": 1.0125,
        "ebit": 632,
        "grossPremiumsEarned": 30958,
        "interestExpense": 162,
        "interestIncomeExpense": -162,
        "minorityInterest": 6,
        "netIncome": 599,
        "netIncomeAfterTaxes": 593,
        "nonRecurringItems": -29,
        "otherOperatingExpensesTotal": 25392,
        "otherRevenue": 1610,
        "period": "2021-12-31",
        "pretaxIncome": 694,
        "provisionforIncomeTaxes": 101,
        "revenue": 32568,
        "sgaExpense": 4971,
        "totalOperatingExpense": 31936,
        "totalOtherIncomeExpenseNet": 253
      },
      {
        "depreciationAmortization": 198,
        "dilutedAverageSharesOutstanding": 590.702,
        "dilutedEPS": 0.9887,
        "ebit": 827,
        "grossPremiumsEarned": 30768,
        "interestExpense": 170,
        "interestIncomeExpense": -170,
        "minorityInterest": 3,
        "netIncome": 584,
        "netIncomeAfterTaxes": 581,
        "nonRecurringItems": -52,
        "otherOperatingExpensesTotal": 26785,
        "otherRevenue": 1638,
        "period": "2021-09-30",
        "pretaxIncome": 720,
        "provisionforIncomeTaxes": 139,
        "revenue": 32406,
        "sgaExpense": 4596,
        "totalOperatingExpense": 31579,
        "totalOtherIncomeExpenseNet": 115
      },
      {
        "depreciationAmortization": 188,
        "dilutedAverageSharesOutstanding": 582.804,
        "dilutedEPS": -0.918,
        "ebit": 873,
        "grossPremiumsEarned": 29790,
        "interestExpense": 163,
        "interestIncomeExpense": -163,
        "minorityInterest": 0,
        "netIncome": -535,
        "netIncomeAfterTaxes": -535,
        "nonRecurringItems": -1229,
        "otherOperatingExpensesTotal": 25496,
        "otherRevenue": 1235,
        "period": "2021-06-30",
        "pretaxIncome": -542,
        "provisionforIncomeTaxes": -7,
        "revenue": 31025,
        "sgaExpense": 4468,
        "totalOperatingExpense": 30152,
        "totalOtherIncomeExpenseNet": -23
      },
      {
        "depreciationAmortization": 195,
        "dilutedAverageSharesOutstanding": 589,
        "dilutedEPS": 1.19,
        "ebit": 1156,
        "grossPremiumsEarned": 28802,
        "interestExpense": 170,
        "interestIncomeExpense": -170,
        "minorityInterest": 2,
        "netIncome": 699,
        "netIncomeAfterTaxes": 697,
        "nonRecurringItems": -84,
        "otherOperatingExpensesTotal": 24439,
        "otherRevenue": 1181,
        "period": "2021-03-31",
        "pretaxIncome": 941,
        "provisionforIncomeTaxes": 244,
        "revenue": 29983,
        "sgaExpense": 4193,
        "totalOperatingExpense": 28827,
        "totalOtherIncomeExpenseNet": 39
      },
      {
        "benefitsClaimsLossAdjustment": 376,
        "depreciationAmortization": 192,
        "dilutedAverageSharesOutstanding": 580,
        "dilutedEPS": -0.02,
        "ebit": 169,
        "grossPremiumsEarned": 27402,
        "interestExpense": 177,
        "interestIncomeExpense": -177,
        "minorityInterest": 7,
        "netIncome": -12,
        "netIncomeAfterTaxes": -19,
        "nonRecurringItems": -171,
        "otherOperatingExpensesTotal": 23389,
        "otherRevenue": 886,
        "period": "2020-12-31",
        "pretaxIncome": -74,
        "provisionforIncomeTaxes": -55,
        "revenue": 28288,
        "sgaExpense": 4162,
        "totalOperatingExpense": 28119,
        "totalOtherIncomeExpenseNet": 105
      },
      {
        "benefitsClaimsLossAdjustment": 376,
        "depreciationAmortization": 164,
        "dilutedAverageSharesOutstanding": 588,
        "dilutedEPS": 0.97,
        "ebit": 922,
        "grossPremiumsEarned": 28168,
        "interestExpense": 184,
        "interestIncomeExpense": -184,
        "minorityInterest": 3,
        "netIncome": 568,
        "netIncomeAfterTaxes": 565,
        "nonRecurringItems": -60,
        "otherOperatingExpensesTotal": 23793,
        "otherRevenue": 922,
        "period": "2020-09-30",
        "pretaxIncome": 772,
        "provisionforIncomeTaxes": 207,
        "revenue": 29090,
        "sgaExpense": 3835,
        "totalOperatingExpense": 28168,
        "totalOtherIncomeExpenseNet": 94
      },
      {
        "benefitsClaimsLossAdjustment": 379,
        "depreciationAmortization": 197,
        "dilutedAverageSharesOutstanding": 587,
        "dilutedEPS": 2.05,
        "ebit": 2088,
        "grossPremiumsEarned": 26733,
        "interestExpense": 187,
        "interestIncomeExpense": -187,
        "minorityInterest": 4,
        "netIncome": 1206,
        "netIncomeAfterTaxes": 1202,
        "nonRecurringItems": -59,
        "otherOperatingExpensesTotal": 21140,
        "otherRevenue": 979,
        "period": "2020-06-30",
        "pretaxIncome": 1944,
        "provisionforIncomeTaxes": 742,
        "revenue": 27712,
        "sgaExpense": 3908,
        "totalOperatingExpense": 25624,
        "totalOtherIncomeExpenseNet": 102
      },
      {
        "depreciationAmortization": 166,
        "dilutedAverageSharesOutstanding": 552,
        "dilutedEPS": 0.08,
        "ebit": 555,
        "grossPremiumsEarned": 25067,
        "interestExpense": 180,
        "interestIncomeExpense": -180,
        "minorityInterest": 0,
        "netIncome": 46,
        "netIncomeAfterTaxes": 46,
        "nonRecurringItems": -318,
        "otherOperatingExpensesTotal": 21590,
        "otherRevenue": 958,
        "period": "2020-03-31",
        "pretaxIncome": 131,
        "provisionforIncomeTaxes": 85,
        "revenue": 26025,
        "sgaExpense": 3714,
        "totalOperatingExpense": 25470,
        "totalOtherIncomeExpenseNet": 74
      },
      {
        "benefitsClaimsLossAdjustment": 0,
        "depreciationAmortization": 64,
        "dilutedAverageSharesOutstanding": 423,
        "dilutedEPS": 0.49,
        "ebit": 301,
        "grossPremiumsEarned": 18061,
        "interestExpense": 113,
        "interestIncomeExpense": -113,
        "minorityInterest": 7,
        "netIncome": 209,
        "netIncomeAfterTaxes": 202,
        "nonRecurringItems": -54,
        "otherOperatingExpensesTotal": 15907,
        "otherRevenue": 802,
        "period": "2019-12-31",
        "pretaxIncome": 260,
        "provisionforIncomeTaxes": 58,
        "revenue": 18863,
        "sgaExpense": 2591,
        "totalOperatingExpense": 18562,
        "totalOtherIncomeExpenseNet": 126
      },
      {
        "benefitsClaimsLossAdjustment": 0,
        "depreciationAmortization": 65,
        "dilutedAverageSharesOutstanding": 420,
        "dilutedEPS": 0.23,
        "ebit": 470,
        "grossPremiumsEarned": 18233,
        "interestExpense": 99,
        "interestIncomeExpense": -99,
        "minorityInterest": -1,
        "netIncome": 95,
        "netIncomeAfterTaxes": 96,
        "nonRecurringItems": -294,
        "otherOperatingExpensesTotal": 16025,
        "otherRevenue": 743,
        "period": "2019-09-30",
        "pretaxIncome": 175,
        "provisionforIncomeTaxes": 79,
        "revenue": 18976,
        "sgaExpense": 2416,
        "totalOperatingExpense": 18506,
        "totalOtherIncomeExpenseNet": 98
      },
      {
        "benefitsClaimsLossAdjustment": 0,
        "depreciationAmortization": 64,
        "dilutedAverageSharesOutstanding": 420,
        "dilutedEPS": 1.18,
        "ebit": 664,
        "grossPremiumsEarned": 17611,
        "interestExpense": 101,
        "interestIncomeExpense": -101,
        "minorityInterest": 3,
        "netIncome": 495,
        "netIncomeAfterTaxes": 492,
        "nonRecurringItems": -21,
        "otherOperatingExpensesTotal": 14969,
        "otherRevenue": 745,
        "period": "2019-06-30",
        "pretaxIncome": 662,
        "provisionforIncomeTaxes": 170,
        "revenue": 18356,
        "sgaExpense": 2659,
        "totalOperatingExpense": 17692,
        "totalOtherIncomeExpenseNet": 120
      },
      {
        "benefitsClaimsLossAdjustment": 0,
        "depreciationAmortization": 65,
        "dilutedAverageSharesOutstanding": 420,
        "dilutedEPS": 1.24,
        "ebit": 702,
        "grossPremiumsEarned": 17809,
        "interestExpense": 99,
        "interestIncomeExpense": -99,
        "minorityInterest": 3,
        "netIncome": 522,
        "netIncomeAfterTaxes": 519,
        "nonRecurringItems": -17,
        "otherOperatingExpensesTotal": 14426,
        "otherRevenue": 635,
        "period": "2019-03-31",
        "pretaxIncome": 685,
        "provisionforIncomeTaxes": 166,
        "revenue": 18444,
        "sgaExpense": 3251,
        "totalOperatingExpense": 17742,
        "totalOtherIncomeExpenseNet": 99
      },
      {
        "benefitsClaimsLossAdjustment": 177,
        "depreciationAmortization": 62,
        "dilutedAverageSharesOutstanding": 420,
        "dilutedEPS": 0.57,
        "ebit": 388,
        "grossPremiumsEarned": 15900,
        "interestExpense": 98,
        "interestIncomeExpense": -98,
        "minorityInterest": 0,
        "netIncome": 241,
        "netIncomeAfterTaxes": 241,
        "nonRecurringItems": 0,
        "otherOperatingExpensesTotal": 13575,
        "otherRevenue": 659,
        "period": "2018-12-31",
        "pretaxIncome": 357,
        "provisionforIncomeTaxes": 116,
        "revenue": 16559,
        "sgaExpense": 2357,
        "totalOperatingExpense": 16171,
        "totalOtherIncomeExpenseNet": 67
      },
      {
        "benefitsClaimsLossAdjustment": 178,
        "depreciationAmortization": 65,
        "dilutedAverageSharesOutstanding": 419,
        "dilutedEPS": 0.05,
        "ebit": 440,
        "grossPremiumsEarned": 15450,
        "interestExpense": 97,
        "interestIncomeExpense": -97,
        "minorityInterest": 3,
        "netIncome": 19,
        "netIncomeAfterTaxes": 16,
        "nonRecurringItems": -399,
        "otherOperatingExpensesTotal": 13248,
        "otherRevenue": 732,
        "period": "2018-09-30",
        "pretaxIncome": 24,
        "provisionforIncomeTaxes": 8,
        "revenue": 16182,
        "sgaExpense": 2251,
        "totalOperatingExpense": 15742,
        "totalOtherIncomeExpenseNet": 80
      },
      {
        "benefitsClaimsLossAdjustment": 183,
        "depreciationAmortization": 45,
        "dilutedAverageSharesOutstanding": 399,
        "dilutedEPS": 0.75,
        "ebit": 490,
        "grossPremiumsEarned": 13419,
        "interestExpense": 80,
        "interestIncomeExpense": -80,
        "minorityInterest": 1,
        "netIncome": 300,
        "netIncomeAfterTaxes": 299,
        "nonRecurringItems": -1,
        "otherOperatingExpensesTotal": 11038,
        "otherRevenue": 762,
        "period": "2018-06-30",
        "pretaxIncome": 474,
        "provisionforIncomeTaxes": 175,
        "revenue": 14181,
        "sgaExpense": 2425,
        "totalOperatingExpense": 13691,
        "totalOtherIncomeExpenseNet": 65
      },
      {
        "benefitsClaimsLossAdjustment": 171,
        "depreciationAmortization": 39,
        "dilutedAverageSharesOutstanding": 355,
        "dilutedEPS": 0.96,
        "ebit": 561,
        "grossPremiumsEarned": 12541,
        "interestExpense": 68,
        "interestIncomeExpense": -68,
        "minorityInterest": 2,
        "netIncome": 340,
        "netIncomeAfterTaxes": 338,
        "nonRecurringItems": -21,
        "otherOperatingExpensesTotal": 10582,
        "otherRevenue": 653,
        "period": "2018-03-31",
        "pretaxIncome": 513,
        "provisionforIncomeTaxes": 175,
        "revenue": 13194,
        "sgaExpense": 1841,
        "totalOperatingExpense": 12633,
        "totalOtherIncomeExpenseNet": 41
      },
      {
        "benefitsClaimsLossAdjustment": 0,
        "depreciationAmortization": 39,
        "dilutedAverageSharesOutstanding": 355,
        "dilutedEPS": 0.64,
        "ebit": 228,
        "grossPremiumsEarned": 12173,
        "interestExpense": 66,
        "interestIncomeExpense": -66,
        "minorityInterest": 7,
        "netIncome": 230,
        "netIncomeAfterTaxes": 98,
        "nonRecurringItems": -47,
        "otherOperatingExpensesTotal": 10086,
        "otherRevenue": 633,
        "period": "2017-12-31",
        "pretaxIncome": 168,
        "provisionforIncomeTaxes": 70,
        "revenue": 12806,
        "sgaExpense": 2453,
        "totalOperatingExpense": 12578,
        "totalOtherIncomeExpenseNet": 53
      },
      {
        "benefitsClaimsLossAdjustment": 0,
        "depreciationAmortization": 38,
        "dilutedAverageSharesOutstanding": 354,
        "dilutedEPS": 0.58,
        "ebit": 356,
        "grossPremiumsEarned": 11327,
        "interestExpense": 65,
        "interestIncomeExpense": -65,
        "minorityInterest": 4,
        "netIncome": 205,
        "netIncomeAfterTaxes": 201,
        "nonRecurringItems": -16,
        "otherOperatingExpensesTotal": 9980,
        "otherRevenue": 571,
        "period": "2017-09-30",
        "pretaxIncome": 326,
        "provisionforIncomeTaxes": 125,
        "revenue": 11898,
        "sgaExpense": 1524,
        "totalOperatingExpense": 11542,
        "totalOtherIncomeExpenseNet": 51
      },
      {
        "benefitsClaimsLossAdjustment": 0,
        "depreciationAmortization": 39,
        "dilutedAverageSharesOutstanding": 353,
        "dilutedEPS": 0.72,
        "ebit": 439,
        "grossPremiumsEarned": 11418,
        "interestExpense": 62,
        "interestIncomeExpense": -62,
        "minorityInterest": 2,
        "netIncome": 254,
        "netIncomeAfterTaxes": 252,
        "nonRecurringItems": -1,
        "otherOperatingExpensesTotal": 9869,
        "otherRevenue": 536,
        "period": "2017-06-30",
        "pretaxIncome": 421,
        "provisionforIncomeTaxes": 169,
        "revenue": 11954,
        "sgaExpense": 1607,
        "totalOperatingExpense": 11515,
        "totalOtherIncomeExpenseNet": 45
      },
      {
        "benefitsClaimsLossAdjustment": 0,
        "depreciationAmortization": 40,
        "dilutedAverageSharesOutstanding": 352,
        "dilutedEPS": 0.4,
        "ebit": 292,
        "grossPremiumsEarned": 11197,
        "interestExpense": 62,
        "interestIncomeExpense": -62,
        "minorityInterest": 7,
        "netIncome": 139,
        "netIncomeAfterTaxes": 132,
        "nonRecurringItems": -52,
        "otherOperatingExpensesTotal": 9763,
        "otherRevenue": 527,
        "period": "2017-03-31",
        "pretaxIncome": 219,
        "provisionforIncomeTaxes": 87,
        "revenue": 11724,
        "sgaExpense": 1629,
        "totalOperatingExpense": 11432,
        "totalOtherIncomeExpenseNet": 41
      },
      {
        "benefitsClaimsLossAdjustment": 128,
        "depreciationAmortization": 52,
        "dilutedAverageSharesOutstanding": 358,
        "dilutedEPS": 0.74,
        "ebit": 521,
        "grossPremiumsEarned": 11334,
        "interestExpense": 75,
        "interestIncomeExpense": -75,
        "minorityInterest": 2,
        "netIncome": 265,
        "netIncomeAfterTaxes": 257,
        "otherOperatingExpensesTotal": 9042,
        "otherRevenue": 577,
        "period": "2016-12-31",
        "pretaxIncome": 480,
        "provisionforIncomeTaxes": 223,
        "revenue": 11911,
        "sgaExpense": 2168,
        "totalOperatingExpense": 11390,
        "totalOtherIncomeExpenseNet": 34
      },
      {
        "benefitsClaimsLossAdjustment": 129,
        "depreciationAmortization": 43,
        "dilutedAverageSharesOutstanding": 351,
        "dilutedEPS": 0.42,
        "ebit": 342,
        "grossPremiumsEarned": 10256,
        "interestExpense": 57,
        "interestIncomeExpense": -57,
        "minorityInterest": -1,
        "netIncome": 147,
        "netIncomeAfterTaxes": 149,
        "otherOperatingExpensesTotal": 8880,
        "otherRevenue": 590,
        "period": "2016-09-30",
        "pretaxIncome": 318,
        "provisionforIncomeTaxes": 169,
        "revenue": 10846,
        "sgaExpense": 1452,
        "totalOperatingExpense": 10504,
        "totalOtherIncomeExpenseNet": 33
      },
      {
        "benefitsClaimsLossAdjustment": 130,
        "depreciationAmortization": 43,
        "dilutedAverageSharesOutstanding": 348,
        "dilutedEPS": 0.49,
        "ebit": 377,
        "grossPremiumsEarned": 10309,
        "interestExpense": 52,
        "interestIncomeExpense": -52,
        "minorityInterest": 1,
        "netIncome": 169,
        "netIncomeAfterTaxes": 169,
        "otherOperatingExpensesTotal": 8900,
        "otherRevenue": 588,
        "period": "2016-06-30",
        "pretaxIncome": 357,
        "provisionforIncomeTaxes": 188,
        "revenue": 10897,
        "sgaExpense": 1447,
        "totalOperatingExpense": 10520,
        "totalOtherIncomeExpenseNet": 32
      },
      {
        "benefitsClaimsLossAdjustment": 74,
        "depreciationAmortization": 9,
        "dilutedAverageSharesOutstanding": 251,
        "dilutedEPS": -0.06,
        "ebit": 20,
        "grossPremiumsEarned": 6528,
        "interestExpense": 33,
        "interestIncomeExpense": -33,
        "minorityInterest": -1,
        "netIncome": -17,
        "netIncomeAfterTaxes": -15,
        "otherOperatingExpensesTotal": 5678,
        "otherRevenue": 425,
        "period": "2016-03-31",
        "pretaxIncome": 2,
        "provisionforIncomeTaxes": 17,
        "revenue": 6953,
        "sgaExpense": 1172,
        "totalOperatingExpense": 6933,
        "totalOtherIncomeExpenseNet": 15
      },
      {
        "benefitsClaimsLossAdjustment": 54,
        "dilutedAverageSharesOutstanding": 247,
        "dilutedEPS": 0.45,
        "ebit": 220,
        "grossPremiumsEarned": 5860,
        "interestExpense": 11,
        "interestIncomeExpense": -11,
        "minorityInterest": 0,
        "netIncome": 111,
        "netIncomeAfterTaxes": 112,
        "otherOperatingExpensesTotal": 5154,
        "otherRevenue": 442,
        "period": "2015-12-31",
        "pretaxIncome": 217,
        "provisionforIncomeTaxes": 105,
        "revenue": 6302,
        "sgaExpense": 874,
        "totalOperatingExpense": 6082,
        "totalOtherIncomeExpenseNet": 8
      },
      {
        "benefitsClaimsLossAdjustment": 54,
        "dilutedAverageSharesOutstanding": 246,
        "dilutedEPS": 0.37,
        "ebit": 183,
        "grossPremiumsEarned": 5341,
        "interestExpense": 11,
        "interestIncomeExpense": -11,
        "minorityInterest": -1,
        "netIncome": 93,
        "netIncomeAfterTaxes": 93,
        "otherOperatingExpensesTotal": 4846,
        "otherRevenue": 480,
        "period": "2015-09-30",
        "pretaxIncome": 180,
        "provisionforIncomeTaxes": 87,
        "revenue": 5821,
        "sgaExpense": 738,
        "totalOperatingExpense": 5638,
        "totalOtherIncomeExpenseNet": 8
      }
    ],
    "symbol": "CNC"
  }
}