{
  "symbol": "AJG",
  "statement": "ic",
  "frequency": "quarterly",
  "timestamp": "2025-09-19T13:56:19.338445",
  "data": {
    "financials": [
      {
        "costOfGoodsSold": 1739.9,
        "depreciationAmortization": 230.8,
        "dilutedAverageSharesOutstanding": 261.2857,
        "dilutedEPS": 1.4,
        "ebit": 816.7,
        "grossIncome": 1480.9,
        "interestExpense": 158.6,
        "interestIncomeExpense": -183.8,
        "minorityInterest": -0.4,
        "netIncome": 365.8,
        "netIncomeAfterTaxes": 366.2,
        "nonRecurringItems": -161.5,
        "otherOperatingExpensesTotal": 433.4,
        "period": "2025-06-30",
        "pretaxIncome": 471.4,
        "provisionforIncomeTaxes": 105.2,
        "revenue": 3220.8,
        "totalOperatingExpense": 664.2
      },
      {
        "costOfGoodsSold": 1862.5,
        "depreciationAmortization": 253.4,
        "dilutedAverageSharesOutstanding": 258.9706,
        "dilutedEPS": 2.72,
        "ebit": 1166.6,
        "grossIncome": 1864.9,
        "interestExpense": 158.4,
        "interestIncomeExpense": -181.4,
        "minorityInterest": -4.5,
        "netIncome": 704.4,
        "netIncomeAfterTaxes": 708.9,
        "nonRecurringItems": -112.5,
        "otherOperatingExpensesTotal": 444.9,
        "period": "2025-03-31",
        "pretaxIncome": 872.7,
        "provisionforIncomeTaxes": 163.8,
        "revenue": 3727.4,
        "totalOperatingExpense": 698.3
      },
      {
        "costOfGoodsSold": 1510.6,
        "depreciationAmortization": 213,
        "dilutedAverageSharesOutstanding": 231.3,
        "dilutedEPS": 1.1167,
        "ebit": 569.2,
        "grossIncome": 1205.4,
        "interestExpense": 101.9,
        "interestIncomeExpense": -118.5,
        "minorityInterest": 0.1,
        "netIncome": 258.3,
        "netIncomeAfterTaxes": 258.2,
        "nonRecurringItems": -117.5,
        "otherOperatingExpensesTotal": 423.2,
        "period": "2024-12-31",
        "pretaxIncome": 333.2,
        "provisionforIncomeTaxes": 75,
        "revenue": 2716,
        "totalOperatingExpense": 636.2
      },
      {
        "costOfGoodsSold": 1558,
        "depreciationAmortization": 210,
        "dilutedAverageSharesOutstanding": 223.9,
        "dilutedEPS": 1.3962,
        "ebit": 620,
        "grossIncome": 1248.8,
        "interestExpense": 92.9,
        "interestIncomeExpense": -78,
        "minorityInterest": -1.5,
        "netIncome": 312.6,
        "netIncomeAfterTaxes": 314.1,
        "nonRecurringItems": -138.7,
        "otherOperatingExpensesTotal": 418.8,
        "period": "2024-09-30",
        "pretaxIncome": 403.3,
        "provisionforIncomeTaxes": 89.2,
        "revenue": 2806.8,
        "totalOperatingExpense": 628.8
      },
      {
        "costOfGoodsSold": 1566.5,
        "depreciationAmortization": 211.6,
        "dilutedAverageSharesOutstanding": 222.9,
        "dilutedEPS": 1.2714,
        "ebit": 582.4,
        "grossIncome": 1208.9,
        "interestExpense": 94.3,
        "interestIncomeExpense": -92.1,
        "minorityInterest": -2,
        "netIncome": 283.4,
        "netIncomeAfterTaxes": 285.4,
        "nonRecurringItems": -124.7,
        "otherOperatingExpensesTotal": 414.9,
        "period": "2024-06-30",
        "pretaxIncome": 365.6,
        "provisionforIncomeTaxes": 80.2,
        "revenue": 2775.4,
        "totalOperatingExpense": 626.5
      },
      {
        "costOfGoodsSold": 1679.8,
        "depreciationAmortization": 207.7,
        "dilutedAverageSharesOutstanding": 222,
        "dilutedEPS": 2.7405,
        "ebit": 979.4,
        "grossIncome": 1576.9,
        "interestExpense": 92.2,
        "interestIncomeExpense": -92.8,
        "minorityInterest": -4.3,
        "netIncome": 608.4,
        "netIncomeAfterTaxes": 612.7,
        "nonRecurringItems": -113.9,
        "otherOperatingExpensesTotal": 389.8,
        "period": "2024-03-31",
        "pretaxIncome": 772.7,
        "provisionforIncomeTaxes": 160,
        "revenue": 3256.7,
        "totalOperatingExpense": 597.5
      },
      {
        "costOfGoodsSold": 1383.5,
        "depreciationAmortization": 189.7,
        "dilutedAverageSharesOutstanding": 216.1,
        "dilutedEPS": -0.149,
        "ebit": 18,
        "grossIncome": 1048.4,
        "interestExpense": 78.2,
        "interestIncomeExpense": -79.7,
        "minorityInterest": 7.4,
        "netIncome": -32.2,
        "netIncomeAfterTaxes": -39.6,
        "nonRecurringItems": -20.5,
        "otherOperatingExpensesTotal": 840.7,
        "period": "2023-12-31",
        "pretaxIncome": -82.2,
        "provisionforIncomeTaxes": -42.6,
        "revenue": 2431.9,
        "totalOperatingExpense": 1030.4
      },
      {
        "costOfGoodsSold": 1411.9,
        "depreciationAmortization": 171.7,
        "dilutedAverageSharesOutstanding": 220.2,
        "dilutedEPS": 1.27,
        "ebit": 513.8,
        "grossIncome": 1080.1,
        "interestExpense": 72.8,
        "interestIncomeExpense": -72.8,
        "minorityInterest": -2.5,
        "netIncome": 280.7,
        "netIncomeAfterTaxes": 283.2,
        "nonRecurringItems": -76.9,
        "otherOperatingExpensesTotal": 394.6,
        "period": "2023-09-30",
        "pretaxIncome": 364.1,
        "provisionforIncomeTaxes": 80.9,
        "revenue": 2492,
        "totalOperatingExpense": 566.3
      },
      {
        "costOfGoodsSold": 1369.5,
        "depreciationAmortization": 175.7,
        "dilutedAverageSharesOutstanding": 219,
        "dilutedEPS": 1.07,
        "ebit": 485.7,
        "grossIncome": 1072.4,
        "interestExpense": 77.8,
        "interestIncomeExpense": -77.8,
        "minorityInterest": -1.3,
        "netIncome": 234.5,
        "netIncomeAfterTaxes": 235.8,
        "nonRecurringItems": -110.5,
        "otherOperatingExpensesTotal": 411,
        "period": "2023-06-30",
        "pretaxIncome": 297.4,
        "provisionforIncomeTaxes": 61.6,
        "revenue": 2441.9,
        "totalOperatingExpense": 586.7
      },
      {
        "costOfGoodsSold": 1389.8,
        "depreciationAmortization": 159.4,
        "dilutedAverageSharesOutstanding": 217,
        "dilutedEPS": 2.24,
        "ebit": 732.8,
        "grossIncome": 1316.3,
        "interestExpense": 67.9,
        "interestIncomeExpense": -67.9,
        "minorityInterest": -0.1,
        "netIncome": 486.5,
        "netIncomeAfterTaxes": 486.6,
        "nonRecurringItems": -59.1,
        "otherOperatingExpensesTotal": 424.1,
        "period": "2023-03-31",
        "pretaxIncome": 605.8,
        "provisionforIncomeTaxes": 119.2,
        "revenue": 2706.1,
        "totalOperatingExpense": 583.5
      },
      {
        "costOfGoodsSold": 1152,
        "depreciationAmortization": 154,
        "dilutedAverageSharesOutstanding": 215.9,
        "dilutedEPS": 0.63,
        "ebit": 309.3,
        "grossIncome": 876.3,
        "interestExpense": 64,
        "interestIncomeExpense": -64,
        "minorityInterest": 0,
        "netIncome": 135.5,
        "netIncomeAfterTaxes": 135.5,
        "nonRecurringItems": -123.3,
        "otherOperatingExpensesTotal": 413,
        "period": "2022-12-31",
        "pretaxIncome": 122,
        "provisionforIncomeTaxes": -13.5,
        "revenue": 2028.3,
        "totalOperatingExpense": 567
      },
      {
        "costOfGoodsSold": 1159.5,
        "depreciationAmortization": 145.5,
        "dilutedAverageSharesOutstanding": 215,
        "dilutedEPS": 1.19,
        "ebit": 449.9,
        "grossIncome": 884.5,
        "interestExpense": 64.4,
        "interestIncomeExpense": -64.4,
        "minorityInterest": -0.5,
        "netIncome": 255.8,
        "netIncomeAfterTaxes": 256.3,
        "nonRecurringItems": -70.5,
        "otherOperatingExpensesTotal": 289.1,
        "period": "2022-09-30",
        "pretaxIncome": 315,
        "provisionforIncomeTaxes": 58.7,
        "revenue": 2044,
        "totalOperatingExpense": 434.6
      },
      {
        "costOfGoodsSold": 1159.7,
        "depreciationAmortization": 140.3,
        "dilutedAverageSharesOutstanding": 214.3,
        "dilutedEPS": 1.33,
        "ebit": 468.5,
        "grossIncome": 883.3,
        "interestExpense": 64.6,
        "interestIncomeExpense": -64.6,
        "minorityInterest": -0.9,
        "netIncome": 284.2,
        "netIncomeAfterTaxes": 285.1,
        "nonRecurringItems": -51.6,
        "otherOperatingExpensesTotal": 274.5,
        "period": "2022-06-30",
        "pretaxIncome": 352.3,
        "provisionforIncomeTaxes": 67.2,
        "revenue": 2043,
        "totalOperatingExpense": 414.8
      },
      {
        "costOfGoodsSold": 1290.9,
        "depreciationAmortization": 159.8,
        "dilutedAverageSharesOutstanding": 213.5,
        "dilutedEPS": 2.05,
        "ebit": 660.6,
        "grossIncome": 1144.4,
        "interestExpense": 63.9,
        "interestIncomeExpense": -63.9,
        "minorityInterest": -0.4,
        "netIncome": 438.7,
        "netIncomeAfterTaxes": 439.1,
        "nonRecurringItems": -59,
        "otherOperatingExpensesTotal": 324,
        "period": "2022-03-31",
        "pretaxIncome": 537.7,
        "provisionforIncomeTaxes": 98.6,
        "revenue": 2435.3,
        "totalOperatingExpense": 483.8
      },
      {
        "costOfGoodsSold": 1249.7,
        "depreciationAmortization": 146.5,
        "dilutedAverageSharesOutstanding": 212.7,
        "dilutedEPS": 0.51,
        "ebit": 221.6,
        "grossIncome": 723,
        "interestExpense": 61.5,
        "interestIncomeExpense": -60,
        "minorityInterest": -11.5,
        "netIncome": 109.4,
        "netIncomeAfterTaxes": 120.9,
        "nonRecurringItems": -48.6,
        "otherOperatingExpensesTotal": 334.3,
        "period": "2021-12-31",
        "pretaxIncome": 113,
        "provisionforIncomeTaxes": -7.9,
        "revenue": 1972.7,
        "sgaExpense": 20.6,
        "totalOperatingExpense": 501.4
      },
      {
        "costOfGoodsSold": 1386.7,
        "depreciationAmortization": 131.3,
        "dilutedAverageSharesOutstanding": 211.5,
        "dilutedEPS": 1.06,
        "ebit": 328.7,
        "grossIncome": 751.5,
        "interestExpense": 60.3,
        "interestIncomeExpense": -57.3,
        "minorityInterest": -13.5,
        "netIncome": 225.1,
        "netIncomeAfterTaxes": 238.6,
        "nonRecurringItems": -40,
        "otherOperatingExpensesTotal": 291.5,
        "period": "2021-09-30",
        "pretaxIncome": 231.4,
        "provisionforIncomeTaxes": -7.2,
        "revenue": 2138.2,
        "totalOperatingExpense": 422.8
      },
      {
        "costOfGoodsSold": 1228.5,
        "depreciationAmortization": 145.2,
        "dilutedAverageSharesOutstanding": 205.8,
        "dilutedEPS": 0.92,
        "ebit": 309.3,
        "grossIncome": 705,
        "interestExpense": 56.2,
        "interestIncomeExpense": -57.3,
        "minorityInterest": -11.6,
        "netIncome": 190.2,
        "netIncomeAfterTaxes": 201.8,
        "nonRecurringItems": -29.7,
        "otherOperatingExpensesTotal": 250.5,
        "period": "2021-06-30",
        "pretaxIncome": 222.3,
        "provisionforIncomeTaxes": 20.5,
        "revenue": 1933.5,
        "totalOperatingExpense": 395.7
      },
      {
        "costOfGoodsSold": 1302.9,
        "depreciationAmortization": 143.3,
        "dilutedAverageSharesOutstanding": 199.1,
        "dilutedEPS": 1.92,
        "ebit": 479,
        "grossIncome": 862.1,
        "interestExpense": 48.1,
        "interestIncomeExpense": -52.2,
        "minorityInterest": -11.6,
        "netIncome": 382.1,
        "netIncomeAfterTaxes": 393.7,
        "nonRecurringItems": -18.4,
        "otherOperatingExpensesTotal": 239.8,
        "period": "2021-03-31",
        "pretaxIncome": 408.4,
        "provisionforIncomeTaxes": 14.7,
        "revenue": 2165,
        "totalOperatingExpense": 383.1
      },
      {
        "costOfGoodsSold": 1123,
        "depreciationAmortization": 133.5,
        "dilutedAverageSharesOutstanding": 196.5,
        "dilutedEPS": 0.72,
        "ebit": 201.4,
        "grossIncome": 580.6,
        "interestExpense": 47.8,
        "interestIncomeExpense": -43.4,
        "minorityInterest": -10.9,
        "netIncome": 142.2,
        "netIncomeAfterTaxes": 153.1,
        "nonRecurringItems": -24.3,
        "otherOperatingExpensesTotal": 245.7,
        "period": "2020-12-31",
        "pretaxIncome": 133.7,
        "provisionforIncomeTaxes": -19.4,
        "revenue": 1703.6,
        "totalOperatingExpense": 379.2
      },
      {
        "costOfGoodsSold": 1214.2,
        "depreciationAmortization": 133.9,
        "dilutedAverageSharesOutstanding": 196.3,
        "dilutedEPS": 0.9,
        "ebit": 280.8,
        "grossIncome": 634.9,
        "interestExpense": 48.1,
        "interestIncomeExpense": -45.5,
        "minorityInterest": -11.2,
        "netIncome": 176.6,
        "netIncomeAfterTaxes": 187.8,
        "nonRecurringItems": -25.8,
        "otherOperatingExpensesTotal": 220.2,
        "period": "2020-09-30",
        "pretaxIncome": 209.5,
        "provisionforIncomeTaxes": 21.7,
        "revenue": 1849.1,
        "totalOperatingExpense": 354.1
      },
      {
        "costOfGoodsSold": 988,
        "depreciationAmortization": 122.6,
        "dilutedAverageSharesOutstanding": 194.1,
        "dilutedEPS": 0.79,
        "ebit": 253.9,
        "grossIncome": 596,
        "interestExpense": 50,
        "interestIncomeExpense": -55.1,
        "minorityInterest": -8.1,
        "netIncome": 153.7,
        "netIncomeAfterTaxes": 161.8,
        "nonRecurringItems": -27.1,
        "otherOperatingExpensesTotal": 219.5,
        "period": "2020-06-30",
        "pretaxIncome": 171.7,
        "provisionforIncomeTaxes": 9.9,
        "revenue": 1584,
        "totalOperatingExpense": 342.1
      },
      {
        "costOfGoodsSold": 1119,
        "depreciationAmortization": 172.4,
        "dilutedAverageSharesOutstanding": 193.2,
        "dilutedEPS": 1.79,
        "ebit": 421.8,
        "grossIncome": 747.9,
        "interestExpense": 50.5,
        "interestIncomeExpense": -62.9,
        "minorityInterest": -9.1,
        "netIncome": 346.3,
        "netIncomeAfterTaxes": 355.4,
        "nonRecurringItems": -2.9,
        "otherOperatingExpensesTotal": 153.7,
        "period": "2020-03-31",
        "pretaxIncome": 356,
        "provisionforIncomeTaxes": 0.6,
        "revenue": 1866.9,
        "totalOperatingExpense": 326.1
      },
      {
        "costOfGoodsSold": 1176.1,
        "depreciationAmortization": 129.6,
        "dilutedAverageSharesOutstanding": 191.6,
        "dilutedEPS": 0.51,
        "ebit": 132.1,
        "grossIncome": 545.3,
        "interestExpense": 48.1,
        "interestIncomeExpense": -48.1,
        "minorityInterest": -7.1,
        "netIncome": 98.5,
        "netIncomeAfterTaxes": 72.5,
        "otherOperatingExpensesTotal": 283.6,
        "period": "2019-12-31",
        "pretaxIncome": 84,
        "provisionforIncomeTaxes": 11.5,
        "revenue": 1721.4,
        "totalOperatingExpense": 413.2
      },
      {
        "costOfGoodsSold": 1270.8,
        "depreciationAmortization": 119.3,
        "dilutedAverageSharesOutstanding": 190.7,
        "dilutedEPS": 0.66,
        "ebit": 161.4,
        "grossIncome": 554.4,
        "interestExpense": 46.6,
        "interestIncomeExpense": -46.6,
        "minorityInterest": -11,
        "netIncome": 126.1,
        "netIncomeAfterTaxes": 150.3,
        "otherOperatingExpensesTotal": 273.7,
        "period": "2019-09-30",
        "pretaxIncome": 114.8,
        "provisionforIncomeTaxes": -35.5,
        "revenue": 1825.2,
        "totalOperatingExpense": 393
      },
      {
        "costOfGoodsSold": 1131.3,
        "depreciationAmortization": 115,
        "dilutedAverageSharesOutstanding": 189.8,
        "dilutedEPS": 0.58,
        "ebit": 150.4,
        "grossIncome": 526.5,
        "interestExpense": 44.9,
        "interestIncomeExpense": -44.9,
        "minorityInterest": -11.3,
        "netIncome": 110.1,
        "netIncomeAfterTaxes": 129.1,
        "otherOperatingExpensesTotal": 261.1,
        "period": "2019-06-30",
        "pretaxIncome": 105.5,
        "provisionforIncomeTaxes": -23.6,
        "revenue": 1657.8,
        "totalOperatingExpense": 376.1
      },
      {
        "costOfGoodsSold": 1252.7,
        "depreciationAmortization": 110.5,
        "dilutedAverageSharesOutstanding": 188.4,
        "dilutedEPS": 1.77,
        "ebit": 362,
        "grossIncome": 737.9,
        "interestExpense": 40.2,
        "interestIncomeExpense": -40.2,
        "minorityInterest": -17.6,
        "netIncome": 334.1,
        "netIncomeAfterTaxes": 364,
        "otherOperatingExpensesTotal": 265.4,
        "period": "2019-03-31",
        "pretaxIncome": 321.8,
        "provisionforIncomeTaxes": -42.2,
        "revenue": 1990.6,
        "totalOperatingExpense": 375.9
      },
      {
        "costOfGoodsSold": 1228.4,
        "depreciationAmortization": 109.8,
        "dilutedAverageSharesOutstanding": 187.7,
        "dilutedEPS": 0.61,
        "ebit": 79.7,
        "grossIncome": 429,
        "interestExpense": 36.5,
        "interestIncomeExpense": -36.5,
        "minorityInterest": -10.5,
        "netIncome": 117.3,
        "netIncomeAfterTaxes": 124.6,
        "otherOperatingExpensesTotal": 239.5,
        "period": "2018-12-31",
        "pretaxIncome": 43.2,
        "provisionforIncomeTaxes": -81.4,
        "revenue": 1657.4,
        "totalOperatingExpense": 349.3
      },
      {
        "costOfGoodsSold": 1311.8,
        "depreciationAmortization": 106.2,
        "dilutedAverageSharesOutstanding": 186.8,
        "dilutedEPS": 0.69,
        "ebit": 127,
        "grossIncome": 466.7,
        "interestExpense": 36.7,
        "interestIncomeExpense": -36.7,
        "minorityInterest": -10.8,
        "netIncome": 127.6,
        "netIncomeAfterTaxes": 139.5,
        "otherOperatingExpensesTotal": 233.5,
        "period": "2018-09-30",
        "pretaxIncome": 90.3,
        "provisionforIncomeTaxes": -49.2,
        "revenue": 1778.5,
        "totalOperatingExpense": 339.7
      },
      {
        "costOfGoodsSold": 1201.9,
        "depreciationAmortization": 104.2,
        "dilutedAverageSharesOutstanding": 185.5,
        "dilutedEPS": 0.61,
        "ebit": 137.5,
        "grossIncome": 458.5,
        "interestExpense": 33.9,
        "interestIncomeExpense": -33.9,
        "minorityInterest": -8.8,
        "netIncome": 114.9,
        "netIncomeAfterTaxes": 128.6,
        "otherOperatingExpensesTotal": 216.8,
        "period": "2018-06-30",
        "pretaxIncome": 103.6,
        "provisionforIncomeTaxes": -25,
        "revenue": 1660.4,
        "totalOperatingExpense": 321
      },
      {
        "costOfGoodsSold": 1241.8,
        "depreciationAmortization": 98.8,
        "dilutedAverageSharesOutstanding": 185,
        "dilutedEPS": 1.47,
        "ebit": 273.6,
        "grossIncome": 595.9,
        "interestExpense": 31.3,
        "interestIncomeExpense": -31.3,
        "minorityInterest": -12.3,
        "netIncome": 273.7,
        "netIncomeAfterTaxes": 292.1,
        "otherOperatingExpensesTotal": 223.5,
        "period": "2018-03-31",
        "pretaxIncome": 242.3,
        "provisionforIncomeTaxes": -49.8,
        "revenue": 1837.7,
        "totalOperatingExpense": 322.3
      },
      {
        "costOfGoodsSold": 1142.6,
        "depreciationAmortization": 96.6,
        "dilutedAverageSharesOutstanding": 183.6,
        "dilutedEPS": 0.38,
        "ebit": 60.4,
        "grossIncome": 376.8,
        "interestExpense": 31.2,
        "interestIncomeExpense": -31.2,
        "minorityInterest": -7,
        "netIncome": 71.5,
        "netIncomeAfterTaxes": 115.3,
        "otherOperatingExpensesTotal": 219.8,
        "period": "2017-12-31",
        "pretaxIncome": 29.2,
        "provisionforIncomeTaxes": -86.1,
        "revenue": 1519.4,
        "totalOperatingExpense": 316.4
      },
      {
        "costOfGoodsSold": 1165.7,
        "depreciationAmortization": 100.1,
        "dilutedAverageSharesOutstanding": 182.5,
        "dilutedEPS": 0.61,
        "ebit": 108.3,
        "grossIncome": 428,
        "interestExpense": 31.4,
        "interestIncomeExpense": -31.4,
        "minorityInterest": -7.1,
        "netIncome": 111,
        "netIncomeAfterTaxes": 118.1,
        "otherOperatingExpensesTotal": 219.6,
        "period": "2017-09-30",
        "pretaxIncome": 76.9,
        "provisionforIncomeTaxes": -41.2,
        "revenue": 1593.7,
        "totalOperatingExpense": 319.7
      },
      {
        "costOfGoodsSold": 1099.2,
        "depreciationAmortization": 95.3,
        "dilutedAverageSharesOutstanding": 181.6,
        "dilutedEPS": 0.39,
        "ebit": 85.7,
        "grossIncome": 390.3,
        "interestExpense": 31.6,
        "interestIncomeExpense": -31.6,
        "minorityInterest": -8.3,
        "netIncome": 70,
        "netIncomeAfterTaxes": 78.3,
        "otherOperatingExpensesTotal": 209.3,
        "period": "2017-06-30",
        "pretaxIncome": 54.1,
        "provisionforIncomeTaxes": -24.2,
        "revenue": 1489.5,
        "totalOperatingExpense": 304.6
      },
      {
        "costOfGoodsSold": 1111.8,
        "depreciationAmortization": 93.8,
        "dilutedAverageSharesOutstanding": 180.6,
        "dilutedEPS": 1.27,
        "ebit": 229.5,
        "grossIncome": 534.6,
        "interestExpense": 29.9,
        "interestIncomeExpense": -29.9,
        "minorityInterest": -13.2,
        "netIncome": 228.8,
        "netIncomeAfterTaxes": 242,
        "otherOperatingExpensesTotal": 211.3,
        "period": "2017-03-31",
        "pretaxIncome": 199.6,
        "provisionforIncomeTaxes": -42.4,
        "revenue": 1646.4,
        "totalOperatingExpense": 305.1
      },
      {
        "costOfGoodsSold": 1119.1,
        "depreciationAmortization": 89.3,
        "dilutedAverageSharesOutstanding": 179,
        "dilutedEPS": 0.43,
        "ebit": 73.8,
        "grossIncome": 351.6,
        "interestExpense": 28.3,
        "interestIncomeExpense": -28.3,
        "minorityInterest": -8.8,
        "netIncome": 77.5,
        "netIncomeAfterTaxes": 86.3,
        "otherOperatingExpensesTotal": 188.5,
        "period": "2016-12-31",
        "pretaxIncome": 45.5,
        "provisionforIncomeTaxes": -40.8,
        "revenue": 1470.7,
        "totalOperatingExpense": 277.8
      },
      {
        "costOfGoodsSold": 1076.3,
        "depreciationAmortization": 88.9,
        "dilutedAverageSharesOutstanding": 178.5,
        "dilutedEPS": 0.69,
        "ebit": 123.4,
        "grossIncome": 406,
        "interestExpense": 28.5,
        "interestIncomeExpense": -28.5,
        "minorityInterest": -7.6,
        "netIncome": 122.8,
        "netIncomeAfterTaxes": 130.4,
        "otherOperatingExpensesTotal": 193.7,
        "period": "2016-09-30",
        "pretaxIncome": 94.9,
        "provisionforIncomeTaxes": -35.5,
        "revenue": 1482.3,
        "totalOperatingExpense": 282.6
      },
      {
        "costOfGoodsSold": 956,
        "depreciationAmortization": 88.6,
        "dilutedAverageSharesOutstanding": 178.3,
        "dilutedEPS": 0.84,
        "ebit": 164.7,
        "grossIncome": 471.1,
        "interestExpense": 27.2,
        "interestIncomeExpense": -27.2,
        "minorityInterest": -5.7,
        "netIncome": 150,
        "netIncomeAfterTaxes": 155.7,
        "otherOperatingExpensesTotal": 217.8,
        "period": "2016-06-30",
        "pretaxIncome": 137.5,
        "provisionforIncomeTaxes": -18.2,
        "revenue": 1427.1,
        "totalOperatingExpense": 306.4
      },
      {
        "costOfGoodsSold": 926.5,
        "depreciationAmortization": 84,
        "dilutedAverageSharesOutstanding": 177.6,
        "dilutedEPS": 0.26,
        "ebit": 81.5,
        "grossIncome": 373.9,
        "interestExpense": 25.8,
        "interestIncomeExpense": -25.8,
        "minorityInterest": -11.4,
        "netIncome": 46.5,
        "netIncomeAfterTaxes": 57.9,
        "otherOperatingExpensesTotal": 208.4,
        "period": "2016-03-31",
        "pretaxIncome": 55.7,
        "provisionforIncomeTaxes": -2.2,
        "revenue": 1300.4,
        "totalOperatingExpense": 292.4
      },
      {
        "costOfGoodsSold": 950.2,
        "depreciationAmortization": 93.8,
        "dilutedAverageSharesOutstanding": 177.4,
        "dilutedEPS": 0.35,
        "ebit": 54.2,
        "grossIncome": 384.7,
        "interestExpense": 25.8,
        "interestIncomeExpense": -25.8,
        "minorityInterest": -5.9,
        "netIncome": 62.3,
        "netIncomeAfterTaxes": 68.2,
        "otherOperatingExpensesTotal": 236.7,
        "period": "2015-12-31",
        "pretaxIncome": 28.4,
        "provisionforIncomeTaxes": -39.8,
        "revenue": 1334.9,
        "totalOperatingExpense": 330.5
      },
      {
        "costOfGoodsSold": 1023.8,
        "depreciationAmortization": 81.9,
        "dilutedAverageSharesOutstanding": 176.8,
        "dilutedEPS": 0.75,
        "ebit": 131.3,
        "grossIncome": 431,
        "interestExpense": 25.6,
        "interestIncomeExpense": -25.6,
        "minorityInterest": -7.6,
        "netIncome": 133.3,
        "netIncomeAfterTaxes": 140.9,
        "otherOperatingExpensesTotal": 217.8,
        "period": "2015-09-30",
        "pretaxIncome": 105.7,
        "provisionforIncomeTaxes": -35.2,
        "revenue": 1454.8,
        "totalOperatingExpense": 299.7
      }
    ],
    "symbol": "AJG"
  }
}