{
  "symbol": "ROST",
  "statement": "ic",
  "frequency": "quarterly",
  "timestamp": "2025-09-19T14:06:23.354339",
  "data": {
    "financials": [
      {
        "costOfGoodsSold": 4002.167,
        "dilutedAverageSharesOutstanding": 324.796,
        "dilutedEPS": 1.564,
        "ebit": 638.274,
        "grossIncome": 1526.985,
        "interestExpense": 7.98,
        "interestIncomeExpense": 32.346,
        "netIncome": 507.995,
        "netIncomeAfterTaxes": 507.995,
        "period": "2025-08-02",
        "pretaxIncome": 670.62,
        "provisionforIncomeTaxes": 162.625,
        "revenue": 5529.152,
        "sgaExpense": 888.711,
        "totalOperatingExpense": 888.711
      },
      {
        "costOfGoodsSold": 3581.366,
        "dilutedAverageSharesOutstanding": 327.005,
        "dilutedEPS": 1.4656,
        "ebit": 606.47,
        "grossIncome": 1403.605,
        "interestExpense": 12.459,
        "interestIncomeExpense": 34.409,
        "netIncome": 479.249,
        "netIncomeAfterTaxes": 479.249,
        "period": "2025-05-03",
        "pretaxIncome": 640.879,
        "provisionforIncomeTaxes": 161.63,
        "revenue": 4984.971,
        "sgaExpense": 797.135,
        "totalOperatingExpense": 797.135
      },
      {
        "costOfGoodsSold": 4343.622,
        "dilutedAverageSharesOutstanding": 328.752,
        "dilutedEPS": 1.7849,
        "ebit": 731.024,
        "grossIncome": 1568.657,
        "interestExpense": 13.792,
        "interestIncomeExpense": 39.741,
        "netIncome": 586.784,
        "netIncomeAfterTaxes": 586.784,
        "period": "2025-02-01",
        "pretaxIncome": 770.765,
        "provisionforIncomeTaxes": 183.981,
        "revenue": 5912.279,
        "sgaExpense": 837.633,
        "totalOperatingExpense": 837.633
      },
      {
        "costOfGoodsSold": 3634.283,
        "dilutedAverageSharesOutstanding": 329.937,
        "dilutedEPS": 1.4815,
        "ebit": 604.216,
        "grossIncome": 1437.071,
        "interestExpense": 15.395,
        "interestIncomeExpense": 42.527,
        "netIncome": 488.808,
        "netIncomeAfterTaxes": 488.808,
        "period": "2024-11-02",
        "pretaxIncome": 646.743,
        "provisionforIncomeTaxes": 157.935,
        "revenue": 5071.354,
        "sgaExpense": 832.855,
        "totalOperatingExpense": 832.855
      },
      {
        "costOfGoodsSold": 3791.929,
        "dilutedAverageSharesOutstanding": 331.511,
        "dilutedEPS": 1.5901,
        "ebit": 659.233,
        "grossIncome": 1495.59,
        "interestExpense": 16.932,
        "interestIncomeExpense": 43.35,
        "netIncome": 527.148,
        "netIncomeAfterTaxes": 527.148,
        "period": "2024-08-03",
        "pretaxIncome": 702.583,
        "provisionforIncomeTaxes": 175.435,
        "revenue": 5287.519,
        "sgaExpense": 836.357,
        "totalOperatingExpense": 836.357
      },
      {
        "costOfGoodsSold": 3490.672,
        "dilutedAverageSharesOutstanding": 333.737,
        "dilutedEPS": 1.4622,
        "ebit": 591.113,
        "grossIncome": 1367.395,
        "interestExpense": 17.268,
        "interestIncomeExpense": 45.95,
        "netIncome": 487.99,
        "netIncomeAfterTaxes": 487.99,
        "period": "2024-05-04",
        "pretaxIncome": 637.063,
        "provisionforIncomeTaxes": 149.073,
        "revenue": 4858.067,
        "sgaExpense": 776.282,
        "totalOperatingExpense": 776.282
      },
      {
        "costOfGoodsSold": 4375.36,
        "dilutedAverageSharesOutstanding": 335.411,
        "dilutedEPS": 1.8177,
        "ebit": 744.054,
        "grossIncome": 1647.141,
        "interestExpense": 17.73,
        "interestIncomeExpense": 52.188,
        "netIncome": 609.683,
        "netIncomeAfterTaxes": 609.683,
        "period": "2024-02-03",
        "pretaxIncome": 796.242,
        "provisionforIncomeTaxes": 186.559,
        "revenue": 6022.501,
        "sgaExpense": 903.087,
        "totalOperatingExpense": 903.087
      },
      {
        "costOfGoodsSold": 3564.268,
        "dilutedAverageSharesOutstanding": 336.261,
        "dilutedEPS": 1.3303,
        "ebit": 550.111,
        "grossIncome": 1360.581,
        "interestExpense": 18.241,
        "interestIncomeExpense": 43.319,
        "netIncome": 447.327,
        "netIncomeAfterTaxes": 447.327,
        "period": "2023-10-28",
        "pretaxIncome": 593.43,
        "provisionforIncomeTaxes": 146.103,
        "revenue": 4924.849,
        "sgaExpense": 810.47,
        "totalOperatingExpense": 810.47
      },
      {
        "costOfGoodsSold": 3569.4,
        "dilutedAverageSharesOutstanding": 337.9,
        "dilutedEPS": 1.32,
        "ebit": 557.6,
        "grossIncome": 1365.5,
        "interestExpense": 18.687,
        "interestIncomeExpense": 37.2,
        "netIncome": 446.3,
        "netIncomeAfterTaxes": 446.3,
        "period": "2023-07-29",
        "pretaxIncome": 594.9,
        "provisionforIncomeTaxes": 148.5,
        "revenue": 4934.9,
        "sgaExpense": 807.9,
        "totalOperatingExpense": 807.9
      },
      {
        "costOfGoodsSold": 3292.6,
        "dilutedAverageSharesOutstanding": 340,
        "dilutedEPS": 1.09,
        "ebit": 455.9,
        "grossIncome": 1202.1,
        "interestExpense": 19.431,
        "interestIncomeExpense": 31.4,
        "netIncome": 371.2,
        "netIncomeAfterTaxes": 371.2,
        "period": "2023-04-29",
        "pretaxIncome": 487.3,
        "provisionforIncomeTaxes": 116.1,
        "revenue": 4494.7,
        "sgaExpense": 746.2,
        "totalOperatingExpense": 746.2
      },
      {
        "costOfGoodsSold": 3926.2,
        "dilutedAverageSharesOutstanding": 342.3,
        "dilutedEPS": 1.31,
        "ebit": 558.7,
        "grossIncome": 1288,
        "interestExpense": 20.366,
        "interestIncomeExpense": 22.7,
        "netIncome": 447,
        "netIncomeAfterTaxes": 447,
        "period": "2023-01-28",
        "pretaxIncome": 581.4,
        "provisionforIncomeTaxes": 134.4,
        "revenue": 5214.2,
        "sgaExpense": 729.3,
        "totalOperatingExpense": 729.3
      },
      {
        "costOfGoodsSold": 3424,
        "dilutedAverageSharesOutstanding": 343.7,
        "dilutedEPS": 1,
        "ebit": 448.1,
        "grossIncome": 1141.4,
        "interestExpense": 20.935,
        "interestIncomeExpense": 2.8,
        "netIncome": 342,
        "netIncomeAfterTaxes": 342,
        "period": "2022-10-29",
        "pretaxIncome": 450.9,
        "provisionforIncomeTaxes": 108.8,
        "revenue": 4565.5,
        "sgaExpense": 693.4,
        "totalOperatingExpense": 693.4
      },
      {
        "costOfGoodsSold": 3399.5,
        "dilutedAverageSharesOutstanding": 346.1,
        "dilutedEPS": 1.11,
        "ebit": 516.4,
        "grossIncome": 1183.5,
        "interestExpense": 20.356,
        "interestIncomeExpense": -10.7,
        "netIncome": 384.5,
        "netIncomeAfterTaxes": 384.5,
        "period": "2022-07-30",
        "pretaxIncome": 505.7,
        "provisionforIncomeTaxes": 121.2,
        "revenue": 4583,
        "sgaExpense": 667.1,
        "totalOperatingExpense": 667.1
      },
      {
        "costOfGoodsSold": 3196.4,
        "dilutedAverageSharesOutstanding": 348.8,
        "dilutedEPS": 0.97,
        "ebit": 467.2,
        "grossIncome": 1136.7,
        "interestExpense": 18.891,
        "interestIncomeExpense": -17.7,
        "netIncome": 338.4,
        "netIncomeAfterTaxes": 338.4,
        "period": "2022-04-30",
        "pretaxIncome": 449.5,
        "provisionforIncomeTaxes": 111,
        "revenue": 4333.1,
        "sgaExpense": 669.5,
        "totalOperatingExpense": 669.5
      },
      {
        "costOfGoodsSold": 3773.6,
        "dilutedAverageSharesOutstanding": 351.5,
        "dilutedEPS": 1.04,
        "ebit": 491.1,
        "grossIncome": 1247,
        "interestExpense": 18.034,
        "interestIncomeExpense": -17.8,
        "netIncome": 366.8,
        "netIncomeAfterTaxes": 366.8,
        "period": "2022-01-29",
        "pretaxIncome": 473.3,
        "provisionforIncomeTaxes": 106.5,
        "revenue": 5020.6,
        "sgaExpense": 755.9,
        "totalOperatingExpense": 755.9
      },
      {
        "costOfGoodsSold": 3326,
        "dilutedAverageSharesOutstanding": 353.1,
        "dilutedEPS": 1.09,
        "ebit": 522.8,
        "grossIncome": 1248.5,
        "interestExpense": 18.936,
        "interestIncomeExpense": -18.7,
        "netIncome": 385,
        "netIncomeAfterTaxes": 385,
        "period": "2021-10-30",
        "pretaxIncome": 504,
        "provisionforIncomeTaxes": 119,
        "revenue": 4574.5,
        "sgaExpense": 725.8,
        "totalOperatingExpense": 725.8
      },
      {
        "costOfGoodsSold": 3410.9,
        "dilutedAverageSharesOutstanding": 354.9,
        "dilutedEPS": 1.39,
        "ebit": 676.3,
        "grossIncome": 1394.1,
        "interestExpense": 18.906,
        "interestIncomeExpense": -18.7,
        "netIncome": 494.3,
        "netIncomeAfterTaxes": 494.3,
        "period": "2021-07-31",
        "pretaxIncome": 657.6,
        "provisionforIncomeTaxes": 163.4,
        "revenue": 4805,
        "sgaExpense": 717.8,
        "totalOperatingExpense": 717.8
      },
      {
        "costOfGoodsSold": 3198.4,
        "dilutedAverageSharesOutstanding": 355.4,
        "dilutedEPS": 1.34,
        "ebit": 642.6,
        "grossIncome": 1317.7,
        "interestExpense": 19.285,
        "interestIncomeExpense": -19,
        "netIncome": 476.5,
        "netIncomeAfterTaxes": 476.5,
        "period": "2021-05-01",
        "pretaxIncome": 623.6,
        "provisionforIncomeTaxes": 147.1,
        "revenue": 4516.1,
        "sgaExpense": 675.1,
        "totalOperatingExpense": 675
      },
      {
        "costOfGoodsSold": 3157,
        "dilutedAverageSharesOutstanding": 361.5,
        "dilutedEPS": 0.66,
        "ebit": 402,
        "grossIncome": 1092.6,
        "interestExpense": 19.38,
        "interestIncomeExpense": -19.2,
        "netIncome": 238,
        "netIncomeAfterTaxes": 238,
        "nonRecurringItems": 0,
        "period": "2021-01-30",
        "pretaxIncome": 382.9,
        "provisionforIncomeTaxes": 144.9,
        "revenue": 4249.7,
        "sgaExpense": 690.6,
        "totalOperatingExpense": 690.7
      },
      {
        "costOfGoodsSold": 2711.4,
        "dilutedAverageSharesOutstanding": 354.5,
        "dilutedEPS": 0.37,
        "ebit": 405.2,
        "grossIncome": 1043.1,
        "interestExpense": 29.07,
        "interestIncomeExpense": -28.7,
        "netIncome": 131.2,
        "netIncomeAfterTaxes": 131.2,
        "nonRecurringItems": -240,
        "period": "2020-10-31",
        "pretaxIncome": 136.5,
        "provisionforIncomeTaxes": 5.3,
        "revenue": 3754.5,
        "sgaExpense": 637.9,
        "totalOperatingExpense": 637.9
      },
      {
        "costOfGoodsSold": 2080.1,
        "dilutedAverageSharesOutstanding": 354.2,
        "dilutedEPS": 0.06,
        "ebit": 85.1,
        "grossIncome": 604.6,
        "interestExpense": 29.612,
        "interestIncomeExpense": -28.9,
        "netIncome": 22,
        "netIncomeAfterTaxes": 22,
        "period": "2020-08-01",
        "pretaxIncome": 56.2,
        "provisionforIncomeTaxes": 34.2,
        "revenue": 2684.7,
        "sgaExpense": 519.5,
        "totalOperatingExpense": 519.5
      },
      {
        "costOfGoodsSold": 1890,
        "dilutedAverageSharesOutstanding": 352.2,
        "dilutedEPS": -0.87,
        "ebit": -462.6,
        "grossIncome": -47.3,
        "interestExpense": 10.002,
        "interestIncomeExpense": -6.7,
        "netIncome": -305.8,
        "netIncomeAfterTaxes": -305.8,
        "period": "2020-05-02",
        "pretaxIncome": -469.3,
        "provisionforIncomeTaxes": -163.4,
        "revenue": 1842.7,
        "sgaExpense": 415.3,
        "totalOperatingExpense": 415.3
      },
      {
        "costOfGoodsSold": 3224.2,
        "dilutedAverageSharesOutstanding": 357.4,
        "dilutedEPS": 1.28,
        "ebit": 587.3,
        "grossIncome": 1189.2,
        "interestExpense": 2.203,
        "interestIncomeExpense": 3.3,
        "netIncome": 456.1,
        "netIncomeAfterTaxes": 456.1,
        "period": "2020-02-01",
        "pretaxIncome": 590.6,
        "provisionforIncomeTaxes": 134.5,
        "revenue": 4413.4,
        "sgaExpense": 601.9,
        "totalOperatingExpense": 601.9
      },
      {
        "costOfGoodsSold": 2766.4,
        "dilutedAverageSharesOutstanding": 359.3,
        "dilutedEPS": 1.03,
        "ebit": 478.1,
        "grossIncome": 1082.7,
        "interestExpense": 2.314,
        "interestIncomeExpense": 4.4,
        "netIncome": 370.9,
        "netIncomeAfterTaxes": 370.9,
        "period": "2019-11-02",
        "pretaxIncome": 482.5,
        "provisionforIncomeTaxes": 111.6,
        "revenue": 3849.1,
        "sgaExpense": 604.6,
        "totalOperatingExpense": 604.6
      },
      {
        "costOfGoodsSold": 2843.9,
        "dilutedAverageSharesOutstanding": 362.1,
        "dilutedEPS": 1.14,
        "ebit": 544,
        "grossIncome": 1136,
        "interestExpense": 2.392,
        "interestIncomeExpense": 4.8,
        "netIncome": 412.7,
        "netIncomeAfterTaxes": 412.7,
        "period": "2019-08-03",
        "pretaxIncome": 548.8,
        "provisionforIncomeTaxes": 136.1,
        "revenue": 3979.9,
        "sgaExpense": 592,
        "totalOperatingExpense": 591.9
      },
      {
        "costOfGoodsSold": 2701.7,
        "dilutedAverageSharesOutstanding": 365.9,
        "dilutedEPS": 1.15,
        "ebit": 536.7,
        "grossIncome": 1095,
        "interestExpense": 2.831,
        "interestIncomeExpense": 5.6,
        "netIncome": 421.1,
        "netIncomeAfterTaxes": 421.1,
        "period": "2019-05-04",
        "pretaxIncome": 542.4,
        "provisionforIncomeTaxes": 121.2,
        "revenue": 3796.6,
        "sgaExpense": 558.3,
        "totalOperatingExpense": 558.2
      },
      {
        "costOfGoodsSold": 2989.7,
        "dilutedAverageSharesOutstanding": 368.9,
        "dilutedEPS": 1.2,
        "ebit": 541.7,
        "grossIncome": 1117.6,
        "interestExpense": 3.534,
        "interestIncomeExpense": 5.3,
        "netIncome": 441.7,
        "netIncomeAfterTaxes": 441.7,
        "period": "2019-02-02",
        "pretaxIncome": 547,
        "provisionforIncomeTaxes": 105.3,
        "revenue": 4107.4,
        "sgaExpense": 576,
        "totalOperatingExpense": 576
      },
      {
        "costOfGoodsSold": 2547.3,
        "dilutedAverageSharesOutstanding": 371.1,
        "dilutedEPS": 0.91,
        "ebit": 440.7,
        "grossIncome": 1002.3,
        "interestExpense": 4.179,
        "interestIncomeExpense": 3,
        "netIncome": 338.1,
        "netIncomeAfterTaxes": 338.1,
        "period": "2018-11-03",
        "pretaxIncome": 443.7,
        "provisionforIncomeTaxes": 105.5,
        "revenue": 3549.6,
        "sgaExpense": 561.6,
        "totalOperatingExpense": 561.6
      },
      {
        "costOfGoodsSold": 2667,
        "dilutedAverageSharesOutstanding": 373.7,
        "dilutedEPS": 1.04,
        "ebit": 516.4,
        "grossIncome": 1070.9,
        "interestExpense": 4.245,
        "interestIncomeExpense": 1.4,
        "netIncome": 389.4,
        "netIncomeAfterTaxes": 389.4,
        "period": "2018-08-04",
        "pretaxIncome": 517.8,
        "provisionforIncomeTaxes": 128.4,
        "revenue": 3737.9,
        "sgaExpense": 554.6,
        "totalOperatingExpense": 554.6
      },
      {
        "costOfGoodsSold": 2522.2,
        "dilutedAverageSharesOutstanding": 377.1,
        "dilutedEPS": 1.11,
        "ebit": 542,
        "grossIncome": 1066.4,
        "interestExpense": 4.449,
        "interestIncomeExpense": 0.5,
        "netIncome": 418.3,
        "netIncomeAfterTaxes": 418.3,
        "period": "2018-05-05",
        "pretaxIncome": 542.5,
        "provisionforIncomeTaxes": 124.2,
        "revenue": 3588.6,
        "sgaExpense": 524.4,
        "totalOperatingExpense": 524.4
      },
      {
        "costOfGoodsSold": 2922.6,
        "dilutedAverageSharesOutstanding": 379.8,
        "dilutedEPS": 1.18,
        "ebit": 591.9,
        "grossIncome": 1145.2,
        "interestExpense": 4.566,
        "interestIncomeExpense": -0.4,
        "netIncome": 450.7,
        "netIncomeAfterTaxes": 370.6,
        "period": "2018-02-03",
        "pretaxIncome": 591.5,
        "provisionforIncomeTaxes": 220.9,
        "revenue": 4067.8,
        "sgaExpense": 553.3,
        "totalOperatingExpense": 553.3
      },
      {
        "costOfGoodsSold": 2369.1,
        "dilutedAverageSharesOutstanding": 382.1,
        "dilutedEPS": 0.72,
        "ebit": 442.4,
        "grossIncome": 959.7,
        "interestExpense": 4.673,
        "interestIncomeExpense": -1.8,
        "netIncome": 274.4,
        "netIncomeAfterTaxes": 274.4,
        "period": "2017-10-28",
        "pretaxIncome": 440.7,
        "provisionforIncomeTaxes": 166.2,
        "revenue": 3328.9,
        "sgaExpense": 517.3,
        "totalOperatingExpense": 517.3
      },
      {
        "costOfGoodsSold": 2420.9,
        "dilutedAverageSharesOutstanding": 385.6,
        "dilutedEPS": 0.82,
        "ebit": 512.4,
        "grossIncome": 1010.7,
        "interestExpense": 4.757,
        "interestIncomeExpense": -2.3,
        "netIncome": 316.5,
        "netIncomeAfterTaxes": 316.5,
        "period": "2017-07-29",
        "pretaxIncome": 510,
        "provisionforIncomeTaxes": 193.5,
        "revenue": 3431.6,
        "sgaExpense": 498.3,
        "totalOperatingExpense": 498.3
      },
      {
        "costOfGoodsSold": 2330,
        "dilutedAverageSharesOutstanding": 389.7,
        "dilutedEPS": 0.82,
        "ebit": 501.6,
        "grossIncome": 976.5,
        "interestExpense": 4.851,
        "interestIncomeExpense": -3.2,
        "netIncome": 321,
        "netIncomeAfterTaxes": 321,
        "period": "2017-04-29",
        "pretaxIncome": 498.5,
        "provisionforIncomeTaxes": 177.5,
        "revenue": 3306.4,
        "sgaExpense": 474.8,
        "totalOperatingExpense": 474.8
      },
      {
        "costOfGoodsSold": 2539.6,
        "dilutedAverageSharesOutstanding": 391.7,
        "dilutedEPS": 0.77,
        "ebit": 476.8,
        "grossIncome": 970.6,
        "interestExpense": 4.868,
        "interestIncomeExpense": -3.8,
        "netIncome": 300.6,
        "netIncomeAfterTaxes": 300.6,
        "period": "2017-01-28",
        "pretaxIncome": 473,
        "provisionforIncomeTaxes": 172.5,
        "revenue": 3510.2,
        "sgaExpense": 493.8,
        "totalOperatingExpense": 493.8
      },
      {
        "costOfGoodsSold": 2206.1,
        "dilutedAverageSharesOutstanding": 393.4,
        "dilutedEPS": 0.62,
        "ebit": 390.4,
        "grossIncome": 880.6,
        "interestExpense": 4.871,
        "interestIncomeExpense": -4.2,
        "netIncome": 244.5,
        "netIncomeAfterTaxes": 244.5,
        "period": "2016-10-29",
        "pretaxIncome": 386.3,
        "provisionforIncomeTaxes": 141.7,
        "revenue": 3086.7,
        "sgaExpense": 490.2,
        "totalOperatingExpense": 490.2
      },
      {
        "costOfGoodsSold": 2251.8,
        "dilutedAverageSharesOutstanding": 395.9,
        "dilutedEPS": 0.71,
        "ebit": 459.6,
        "grossIncome": 929.1,
        "interestExpense": 4.868,
        "interestIncomeExpense": -4.2,
        "netIncome": 281.9,
        "netIncomeAfterTaxes": 281.9,
        "period": "2016-07-30",
        "pretaxIncome": 455.3,
        "provisionforIncomeTaxes": 173.4,
        "revenue": 3180.9,
        "sgaExpense": 469.5,
        "totalOperatingExpense": 469.6
      },
      {
        "costOfGoodsSold": 2176.2,
        "dilutedAverageSharesOutstanding": 398.8,
        "dilutedEPS": 0.73,
        "ebit": 475.9,
        "grossIncome": 912.8,
        "interestExpense": 4.962,
        "interestIncomeExpense": -4.4,
        "netIncome": 290.6,
        "netIncomeAfterTaxes": 290.6,
        "period": "2016-04-30",
        "pretaxIncome": 471.5,
        "provisionforIncomeTaxes": 180.9,
        "revenue": 3089,
        "sgaExpense": 436.9,
        "totalOperatingExpense": 436.9
      },
      {
        "costOfGoodsSold": 2386.6,
        "dilutedAverageSharesOutstanding": 402,
        "dilutedEPS": 0.66,
        "ebit": 413.3,
        "grossIncome": 864.1,
        "interestExpense": 4.825,
        "interestIncomeExpense": -4.5,
        "netIncome": 264.2,
        "netIncomeAfterTaxes": 264.2,
        "period": "2016-01-30",
        "pretaxIncome": 408.7,
        "provisionforIncomeTaxes": 144.6,
        "revenue": 3250.7,
        "sgaExpense": 450.9,
        "totalOperatingExpense": 450.9
      },
      {
        "costOfGoodsSold": 2003.3,
        "dilutedAverageSharesOutstanding": 404.5,
        "dilutedEPS": 0.53,
        "ebit": 336.2,
        "grossIncome": 779.5,
        "interestExpense": 4.539,
        "interestIncomeExpense": -4.4,
        "netIncome": 215.7,
        "netIncomeAfterTaxes": 215.7,
        "period": "2015-10-31",
        "pretaxIncome": 331.7,
        "provisionforIncomeTaxes": 116.1,
        "revenue": 2782.9,
        "sgaExpense": 443.4,
        "totalOperatingExpense": 443.4
      }
    ],
    "symbol": "ROST"
  }
}