{
  "symbol": "BKR",
  "statement": "ic",
  "frequency": "annual",
  "timestamp": "2025-09-19T13:56:35.802607",
  "data": {
    "financials": [
      {
        "costOfGoodsSold": 21916,
        "dilutedAverageSharesOutstanding": 1001,
        "dilutedEPS": 2.976,
        "ebit": 3455,
        "grossIncome": 5913,
        "interestIncomeExpense": 169,
        "minorityInterest": -29,
        "netIncome": 2979,
        "netIncomeAfterTaxes": 3008,
        "nonRecurringItems": -374,
        "period": "2024-12-31",
        "pretaxIncome": 3265,
        "provisionforIncomeTaxes": 257,
        "revenue": 27829,
        "sgaExpense": 2458,
        "totalOperatingExpense": 2458,
        "totalOtherIncomeExpenseNet": 15,
        "year": 2024
      },
      {
        "costOfGoodsSold": 20220,
        "dilutedAverageSharesOutstanding": 1015,
        "dilutedEPS": 1.9143,
        "ebit": 2675,
        "grossIncome": 5286,
        "interestIncomeExpense": 339,
        "minorityInterest": -27,
        "netIncome": 1943,
        "netIncomeAfterTaxes": 1970,
        "nonRecurringItems": -358,
        "period": "2023-12-31",
        "pretaxIncome": 2655,
        "provisionforIncomeTaxes": 685,
        "revenue": 25506,
        "sgaExpense": 2611,
        "totalOperatingExpense": 2611,
        "totalOtherIncomeExpenseNet": -1,
        "year": 2023
      },
      {
        "costOfGoodsSold": 16725,
        "dilutedAverageSharesOutstanding": 987,
        "dilutedEPS": -0.61,
        "ebit": 1921,
        "grossIncome": 4431,
        "interestIncomeExpense": -517,
        "minorityInterest": -23,
        "netIncome": -601,
        "netIncomeAfterTaxes": -578,
        "nonRecurringItems": -1187,
        "period": "2022-12-31",
        "pretaxIncome": 22,
        "provisionforIncomeTaxes": 600,
        "revenue": 21156,
        "sgaExpense": 2510,
        "totalOperatingExpense": 2510,
        "totalOtherIncomeExpenseNet": -195,
        "year": 2022
      },
      {
        "costOfGoodsSold": 16453,
        "dilutedAverageSharesOutstanding": 824,
        "dilutedEPS": -0.27,
        "ebit": 1579,
        "grossIncome": 4049,
        "interestIncomeExpense": -1384,
        "minorityInterest": 111,
        "netIncome": -219,
        "netIncomeAfterTaxes": -330,
        "nonRecurringItems": -148,
        "period": "2021-12-31",
        "pretaxIncome": 428,
        "provisionforIncomeTaxes": 758,
        "revenue": 20502,
        "sgaExpense": 2470,
        "totalOperatingExpense": 2470,
        "totalOtherIncomeExpenseNet": 381,
        "year": 2021
      },
      {
        "costOfGoodsSold": 17506,
        "dilutedAverageSharesOutstanding": 675,
        "dilutedEPS": -14.72,
        "ebit": 795,
        "gainLossOnDispositionOfAssets": -353,
        "grossIncome": 3199,
        "interestIncomeExpense": 1153,
        "minorityInterest": 5821,
        "netIncome": -9940,
        "netIncomeAfterTaxes": -15878,
        "nonRecurringItems": -16773,
        "period": "2020-12-31",
        "pretaxIncome": -15202,
        "provisionforIncomeTaxes": 676,
        "revenue": 20705,
        "sgaExpense": 2404,
        "totalOperatingExpense": 2404,
        "totalOtherIncomeExpenseNet": -24,
        "year": 2020
      },
      {
        "costOfGoodsSold": 19402,
        "dilutedAverageSharesOutstanding": 557,
        "dilutedEPS": 0.23,
        "ebit": 1582,
        "grossIncome": 4436,
        "interestIncomeExpense": -217,
        "minorityInterest": -143,
        "netIncome": 128,
        "netIncomeAfterTaxes": 271,
        "nonRecurringItems": -526,
        "period": "2019-12-31",
        "pretaxIncome": 753,
        "provisionforIncomeTaxes": 482,
        "revenue": 23838,
        "sgaExpense": 2854,
        "totalOperatingExpense": 2854,
        "totalOtherIncomeExpenseNet": -86,
        "year": 2019
      },
      {
        "costOfGoodsSold": 18891,
        "dilutedAverageSharesOutstanding": 429,
        "dilutedEPS": 0.45,
        "ebit": 1287,
        "grossIncome": 3986,
        "interestIncomeExpense": -362,
        "minorityInterest": -88,
        "netIncome": 195,
        "netIncomeAfterTaxes": 176,
        "nonRecurringItems": -586,
        "period": "2018-12-31",
        "pretaxIncome": 541,
        "provisionforIncomeTaxes": 365,
        "revenue": 22877,
        "sgaExpense": 2699,
        "totalOperatingExpense": 2699,
        "totalOtherIncomeExpenseNet": 202,
        "year": 2018
      },
      {
        "costOfGoodsSold": 14046,
        "dilutedAverageSharesOutstanding": 427,
        "dilutedEPS": -0.17,
        "ebit": 678,
        "grossIncome": 3213,
        "interestExpense": 59,
        "interestIncomeExpense": -142,
        "minorityInterest": 169,
        "netIncome": -73,
        "netIncomeAfterTaxes": -374,
        "nonRecurringItems": -785,
        "period": "2017-12-31",
        "pretaxIncome": -171,
        "provisionforIncomeTaxes": 203,
        "revenue": 17259,
        "sgaExpense": 2535,
        "totalOperatingExpense": 2535,
        "totalOtherIncomeExpenseNet": 78,
        "year": 2017
      },
      {
        "costOfGoodsSold": 9973,
        "dilutedAverageSharesOutstanding": 434,
        "dilutedEPS": -6.31,
        "ebit": -1331,
        "grossIncome": -132,
        "interestExpense": 211,
        "interestIncomeExpense": -178,
        "minorityInterest": -2,
        "netIncome": -2738,
        "netIncomeAfterTaxes": -2736,
        "nonRecurringItems": -531,
        "period": "2016-12-31",
        "pretaxIncome": -2040,
        "provisionforIncomeTaxes": 696,
        "researchDevelopment": 384,
        "revenue": 9841,
        "sgaExpense": 815,
        "totalOperatingExpense": 1199,
        "year": 2016
      },
      {
        "costOfGoodsSold": 14502,
        "dilutedAverageSharesOutstanding": 438,
        "dilutedEPS": -4.49,
        "ebit": -416,
        "grossIncome": 1240,
        "interestExpense": 237,
        "interestIncomeExpense": -217,
        "minorityInterest": 7,
        "netIncome": -1967,
        "netIncomeAfterTaxes": -1974,
        "nonRecurringItems": -1980,
        "period": "2015-12-31",
        "pretaxIncome": -2613,
        "provisionforIncomeTaxes": -639,
        "researchDevelopment": 483,
        "revenue": 15742,
        "sgaExpense": 1173,
        "totalOperatingExpense": 1656,
        "year": 2015
      }
    ],
    "symbol": "BKR"
  }
}