{
  "symbol": "PFE",
  "statement": "ic",
  "frequency": "quarterly",
  "timestamp": "2025-09-19T14:05:28.044445",
  "data": {
    "financials": [
      {
        "costOfGoodsSold": 3502,
        "depreciationAmortization": 1211,
        "dilutedAverageSharesOutstanding": 5706,
        "dilutedEPS": 0.51,
        "ebit": 4324,
        "grossIncome": 11151,
        "interestExpense": 654,
        "interestIncomeExpense": -423,
        "minorityInterest": -18,
        "netIncome": 2910,
        "netIncomeAfterTaxes": 2903,
        "nonRecurringItems": -857,
        "otherOperatingExpensesTotal": -222,
        "period": "2025-06-29",
        "pretaxIncome": 3044,
        "provisionforIncomeTaxes": 141,
        "researchDevelopment": 2443,
        "revenue": 14653,
        "sgaExpense": 3395,
        "totalOperatingExpense": 6827
      },
      {
        "costOfGoodsSold": 2592,
        "depreciationAmortization": 1211,
        "dilutedAverageSharesOutstanding": 5710,
        "dilutedEPS": 0.52,
        "ebit": 4966,
        "grossIncome": 11123,
        "interestExpense": 654,
        "interestIncomeExpense": -881,
        "minorityInterest": -6,
        "netIncome": 2967,
        "netIncomeAfterTaxes": 2974,
        "nonRecurringItems": -1300,
        "otherOperatingExpensesTotal": -242,
        "period": "2025-03-30",
        "pretaxIncome": 2785,
        "provisionforIncomeTaxes": -189,
        "researchDevelopment": 2179,
        "revenue": 13715,
        "sgaExpense": 3009,
        "totalOperatingExpense": 6157
      },
      {
        "costOfGoodsSold": 5654,
        "depreciationAmortization": 1359,
        "dilutedAverageSharesOutstanding": 5703,
        "dilutedEPS": 0.07,
        "ebit": 2921,
        "gainLossOnDispositionOfAssets": 0,
        "grossIncome": 12110,
        "interestExpense": 739,
        "interestIncomeExpense": 399,
        "minorityInterest": -8,
        "netIncome": 410,
        "netIncomeAfterTaxes": 411,
        "nonRecurringItems": -3330,
        "otherOperatingExpensesTotal": 539,
        "period": "2024-12-31",
        "pretaxIncome": -10,
        "provisionforIncomeTaxes": -421,
        "researchDevelopment": 3017,
        "revenue": 17764,
        "sgaExpense": 4274,
        "totalOperatingExpense": 9189
      },
      {
        "costOfGoodsSold": 4873,
        "depreciationAmortization": 1312,
        "dilutedAverageSharesOutstanding": 5705,
        "dilutedEPS": 0.78,
        "ebit": 5993,
        "gainLossOnDispositionOfAssets": -420,
        "grossIncome": 12828,
        "interestExpense": 783,
        "interestIncomeExpense": -24,
        "minorityInterest": -8,
        "netIncome": 4465,
        "netIncomeAfterTaxes": 4481,
        "nonRecurringItems": -833,
        "otherOperatingExpensesTotal": -260,
        "period": "2024-09-29",
        "pretaxIncome": 4715,
        "provisionforIncomeTaxes": 234,
        "researchDevelopment": 2565,
        "revenue": 17701,
        "sgaExpense": 3218,
        "totalOperatingExpense": 6835,
        "totalOtherIncomeExpenseNet": -1
      },
      {
        "costOfGoodsSold": 2768,
        "depreciationAmortization": 1307,
        "dilutedAverageSharesOutstanding": 5696,
        "dilutedEPS": 0,
        "ebit": 3062,
        "grossIncome": 10515,
        "interestExpense": 778,
        "interestIncomeExpense": -876,
        "minorityInterest": -7,
        "netIncome": 41,
        "netIncomeAfterTaxes": 31,
        "nonRecurringItems": -2290,
        "otherOperatingExpensesTotal": -198,
        "period": "2024-06-30",
        "pretaxIncome": -103,
        "provisionforIncomeTaxes": -134,
        "researchDevelopment": 2676,
        "revenue": 13283,
        "sgaExpense": 3668,
        "totalOperatingExpense": 7453,
        "totalOtherIncomeExpenseNet": 1
      },
      {
        "costOfGoodsSold": 3036,
        "depreciationAmortization": 1308,
        "dilutedAverageSharesOutstanding": 5697,
        "dilutedEPS": 0.55,
        "ebit": 4757,
        "grossIncome": 11842,
        "interestExpense": 790,
        "interestIncomeExpense": -663,
        "minorityInterest": -8,
        "netIncome": 3115,
        "netIncomeAfterTaxes": 3128,
        "nonRecurringItems": -672,
        "otherOperatingExpensesTotal": -157,
        "period": "2024-03-31",
        "pretaxIncome": 3421,
        "provisionforIncomeTaxes": 293,
        "researchDevelopment": 2480,
        "revenue": 14878,
        "sgaExpense": 3454,
        "totalOperatingExpense": 7085,
        "totalOtherIncomeExpenseNet": -1
      },
      {
        "costOfGoodsSold": 1066,
        "depreciationAmortization": 1267,
        "dilutedAverageSharesOutstanding": 5646,
        "dilutedEPS": -0.59,
        "ebit": 5587,
        "grossIncome": 13504,
        "interestExpense": 688,
        "interestIncomeExpense": 2422,
        "minorityInterest": -9,
        "netIncome": -3369,
        "netIncomeAfterTaxes": -3334,
        "nonRecurringItems": -12139,
        "otherOperatingExpensesTotal": -594,
        "period": "2023-12-31",
        "pretaxIncome": -4129,
        "provisionforIncomeTaxes": -795,
        "researchDevelopment": 2773,
        "revenue": 14570,
        "sgaExpense": 4471,
        "totalOperatingExpense": 7917,
        "totalOtherIncomeExpenseNet": 1
      },
      {
        "costOfGoodsSold": 8906,
        "depreciationAmortization": 1179,
        "dilutedAverageSharesOutstanding": 5646,
        "dilutedEPS": -0.42,
        "ebit": -2399,
        "grossIncome": 4586,
        "interestExpense": 695,
        "interestIncomeExpense": -405,
        "minorityInterest": -6,
        "netIncome": -2382,
        "netIncomeAfterTaxes": -2388,
        "nonRecurringItems": -548,
        "otherOperatingExpensesTotal": -80,
        "period": "2023-10-01",
        "pretaxIncome": -3352,
        "provisionforIncomeTaxes": -964,
        "researchDevelopment": 2682,
        "revenue": 13492,
        "sgaExpense": 3204,
        "totalOperatingExpense": 6985
      },
      {
        "costOfGoodsSold": 3072,
        "depreciationAmortization": 1184,
        "dilutedAverageSharesOutstanding": 5713,
        "dilutedEPS": 0.41,
        "ebit": 2892,
        "grossIncome": 9934,
        "interestExpense": 508,
        "interestIncomeExpense": 190,
        "minorityInterest": -11,
        "netIncome": 2327,
        "netIncomeAfterTaxes": 2340,
        "nonRecurringItems": -813,
        "otherOperatingExpensesTotal": -191,
        "period": "2023-07-02",
        "pretaxIncome": 2269,
        "provisionforIncomeTaxes": -71,
        "researchDevelopment": 2629,
        "revenue": 13006,
        "sgaExpense": 3420,
        "totalOperatingExpense": 7042
      },
      {
        "costOfGoodsSold": 4747,
        "depreciationAmortization": 1103,
        "dilutedAverageSharesOutstanding": 5727,
        "dilutedEPS": 0.97,
        "ebit": 7317,
        "grossIncome": 13738,
        "interestExpense": 318,
        "interestIncomeExpense": -524,
        "minorityInterest": -13,
        "netIncome": 5543,
        "netIncomeAfterTaxes": 5555,
        "nonRecurringItems": -524,
        "otherOperatingExpensesTotal": -527,
        "period": "2023-04-02",
        "pretaxIncome": 6270,
        "provisionforIncomeTaxes": 715,
        "researchDevelopment": 2494,
        "revenue": 18485,
        "sgaExpense": 3351,
        "totalOperatingExpense": 6421,
        "totalOtherIncomeExpenseNet": 1
      },
      {
        "costOfGoodsSold": 9475,
        "depreciationAmortization": 1131,
        "dilutedAverageSharesOutstanding": 5745,
        "dilutedEPS": 0.87,
        "ebit": 6744,
        "grossIncome": 15660,
        "interestExpense": 313,
        "interestIncomeExpense": 57,
        "minorityInterest": -8,
        "netIncome": 4994,
        "netIncomeAfterTaxes": 5001,
        "nonRecurringItems": -1572,
        "otherOperatingExpensesTotal": -243,
        "period": "2022-12-31",
        "pretaxIncome": 5231,
        "provisionforIncomeTaxes": 230,
        "researchDevelopment": 3615,
        "revenue": 25135,
        "sgaExpense": 4413,
        "totalOperatingExpense": 8916,
        "totalOtherIncomeExpenseNet": 2
      },
      {
        "costOfGoodsSold": 6038,
        "depreciationAmortization": 822,
        "dilutedAverageSharesOutstanding": 5718,
        "dilutedEPS": 1.51,
        "ebit": 10600,
        "gainLossOnDispositionOfAssets": -7,
        "grossIncome": 16600,
        "interestExpense": 311,
        "interestIncomeExpense": -403,
        "minorityInterest": -15,
        "netIncome": 8608,
        "netIncomeAfterTaxes": 8645,
        "nonRecurringItems": -1188,
        "otherOperatingExpensesTotal": -758,
        "period": "2022-10-02",
        "pretaxIncome": 9001,
        "provisionforIncomeTaxes": 356,
        "researchDevelopment": 2696,
        "revenue": 22638,
        "sgaExpense": 3240,
        "totalOperatingExpense": 6000,
        "totalOtherIncomeExpenseNet": -1
      },
      {
        "costOfGoodsSold": 8625,
        "depreciationAmortization": 822,
        "dilutedAverageSharesOutstanding": 5712,
        "dilutedEPS": 1.73,
        "ebit": 12496,
        "gainLossOnDispositionOfAssets": 0,
        "grossIncome": 19117,
        "interestExpense": 293,
        "interestIncomeExpense": -655,
        "minorityInterest": -6,
        "netIncome": 9906,
        "netIncomeAfterTaxes": 9877,
        "nonRecurringItems": -394,
        "otherOperatingExpensesTotal": 85,
        "period": "2022-07-03",
        "pretaxIncome": 11447,
        "provisionforIncomeTaxes": 1570,
        "researchDevelopment": 2815,
        "revenue": 27742,
        "sgaExpense": 2899,
        "totalOperatingExpense": 6621
      },
      {
        "costOfGoodsSold": 9958,
        "depreciationAmortization": 835,
        "dilutedAverageSharesOutstanding": 5758,
        "dilutedEPS": 1.37,
        "ebit": 10649,
        "gainLossOnDispositionOfAssets": 1,
        "grossIncome": 15703,
        "interestExpense": 322,
        "interestIncomeExpense": -823,
        "minorityInterest": -6,
        "netIncome": 7864,
        "netIncomeAfterTaxes": 7878,
        "nonRecurringItems": -776,
        "otherOperatingExpensesTotal": -577,
        "period": "2022-04-03",
        "pretaxIncome": 9050,
        "provisionforIncomeTaxes": 1172,
        "researchDevelopment": 2301,
        "revenue": 25661,
        "sgaExpense": 2495,
        "totalOperatingExpense": 5054,
        "totalOtherIncomeExpenseNet": -1
      },
      {
        "costOfGoodsSold": 9575,
        "depreciationAmortization": 916,
        "dilutedAverageSharesOutstanding": 5768,
        "dilutedEPS": 0.58,
        "ebit": 6052,
        "gainLossOnDispositionOfAssets": 0,
        "grossIncome": 14060,
        "interestExpense": 316,
        "interestIncomeExpense": -394,
        "minorityInterest": 2,
        "netIncome": 3393,
        "netIncomeAfterTaxes": 3849,
        "nonRecurringItems": -1476,
        "otherOperatingExpensesTotal": -1385,
        "period": "2021-12-31",
        "pretaxIncome": 4183,
        "provisionforIncomeTaxes": 334,
        "researchDevelopment": 4555,
        "revenue": 23635,
        "sgaExpense": 3922,
        "totalOperatingExpense": 8008,
        "totalOtherIncomeExpenseNet": 1
      },
      {
        "costOfGoodsSold": 9899,
        "depreciationAmortization": 968,
        "dilutedAverageSharesOutstanding": 5725,
        "dilutedEPS": 1.43,
        "ebit": 9349,
        "gainLossOnDispositionOfAssets": 1,
        "grossIncome": 14136,
        "interestExpense": 325,
        "interestIncomeExpense": 190,
        "minorityInterest": -12,
        "netIncome": 8146,
        "netIncomeAfterTaxes": 8171,
        "nonRecurringItems": -1697,
        "otherOperatingExpensesTotal": -1590,
        "period": "2021-10-03",
        "pretaxIncome": 7843,
        "provisionforIncomeTaxes": -328,
        "researchDevelopment": 2681,
        "revenue": 24035,
        "sgaExpense": 2728,
        "totalOperatingExpense": 4787
      },
      {
        "costOfGoodsSold": 6949,
        "depreciationAmortization": 917,
        "dilutedAverageSharesOutstanding": 5678,
        "dilutedEPS": 0.97,
        "ebit": 6716,
        "gainLossOnDispositionOfAssets": 58,
        "grossIncome": 11950,
        "interestExpense": 316,
        "interestIncomeExpense": 637,
        "minorityInterest": -26,
        "netIncome": 5563,
        "netIncomeAfterTaxes": 5826,
        "nonRecurringItems": -462,
        "otherOperatingExpensesTotal": -709,
        "period": "2021-07-04",
        "pretaxIncome": 6949,
        "provisionforIncomeTaxes": 1123,
        "researchDevelopment": 2239,
        "revenue": 18899,
        "sgaExpense": 2787,
        "totalOperatingExpense": 5234
      },
      {
        "costOfGoodsSold": 4127,
        "depreciationAmortization": 858,
        "dilutedAverageSharesOutstanding": 5662,
        "dilutedEPS": 0.86,
        "ebit": 5723,
        "gainLossOnDispositionOfAssets": 39,
        "grossIncome": 10389,
        "interestExpense": 336,
        "interestIncomeExpense": 127,
        "minorityInterest": -9,
        "netIncome": 4877,
        "netIncomeAfterTaxes": 4884,
        "nonRecurringItems": -196,
        "otherOperatingExpensesTotal": -836,
        "period": "2021-04-04",
        "pretaxIncome": 5692,
        "provisionforIncomeTaxes": 808,
        "researchDevelopment": 1991,
        "revenue": 14516,
        "sgaExpense": 2653,
        "totalOperatingExpense": 4666,
        "totalOtherIncomeExpenseNet": -1
      },
      {
        "costOfGoodsSold": 2732,
        "depreciationAmortization": 769,
        "dilutedAverageSharesOutstanding": 5662,
        "dilutedEPS": 0.14,
        "ebit": 1583,
        "gainLossOnDispositionOfAssets": -237,
        "grossIncome": 8695,
        "interestExpense": 347,
        "interestIncomeExpense": -108,
        "minorityInterest": -11,
        "netIncome": 846,
        "netIncomeAfterTaxes": 662,
        "nonRecurringItems": -640,
        "otherOperatingExpensesTotal": -1054,
        "period": "2020-12-31",
        "pretaxIncome": 598,
        "provisionforIncomeTaxes": -64,
        "researchDevelopment": 3536,
        "revenue": 11427,
        "sgaExpense": 3861,
        "totalOperatingExpense": 7112
      },
      {
        "costOfGoodsSold": 1978,
        "depreciationAmortization": 862,
        "dilutedAverageSharesOutstanding": 5633,
        "dilutedEPS": 0.26,
        "ebit": 1877,
        "gainLossOnDispositionOfAssets": 2,
        "grossIncome": 8299,
        "interestExpense": 345,
        "interestIncomeExpense": -297,
        "minorityInterest": -8,
        "netIncome": 1469,
        "netIncomeAfterTaxes": 917,
        "nonRecurringItems": -1012,
        "otherOperatingExpensesTotal": 700,
        "period": "2020-09-27",
        "pretaxIncome": 570,
        "provisionforIncomeTaxes": -347,
        "researchDevelopment": 2296,
        "revenue": 10277,
        "sgaExpense": 2564,
        "totalOperatingExpense": 6422
      },
      {
        "costOfGoodsSold": 1785,
        "depreciationAmortization": 869,
        "dilutedAverageSharesOutstanding": 5619,
        "dilutedEPS": 0.62,
        "ebit": 3302,
        "gainLossOnDispositionOfAssets": -1,
        "grossIncome": 8079,
        "interestExpense": 367,
        "interestIncomeExpense": 510,
        "minorityInterest": -8,
        "netIncome": 3489,
        "netIncomeAfterTaxes": 2604,
        "nonRecurringItems": -784,
        "otherOperatingExpensesTotal": -460,
        "period": "2020-06-28",
        "pretaxIncome": 3026,
        "provisionforIncomeTaxes": 422,
        "researchDevelopment": 1839,
        "revenue": 9864,
        "sgaExpense": 2529,
        "totalOperatingExpense": 4777,
        "totalOtherIncomeExpenseNet": -1
      },
      {
        "costOfGoodsSold": 1910,
        "depreciationAmortization": 849,
        "dilutedAverageSharesOutstanding": 5613,
        "dilutedEPS": 0.59,
        "ebit": 3670,
        "gainLossOnDispositionOfAssets": -1,
        "grossIncome": 8173,
        "interestExpense": 390,
        "interestIncomeExpense": -644,
        "minorityInterest": -9,
        "netIncome": 3355,
        "netIncomeAfterTaxes": 2483,
        "nonRecurringItems": -182,
        "otherOperatingExpensesTotal": -464,
        "period": "2020-03-29",
        "pretaxIncome": 2842,
        "provisionforIncomeTaxes": 359,
        "researchDevelopment": 1669,
        "revenue": 10083,
        "sgaExpense": 2449,
        "totalOperatingExpense": 4503,
        "totalOtherIncomeExpenseNet": -1
      },
      {
        "costOfGoodsSold": 2074,
        "depreciationAmortization": 995,
        "dilutedAverageSharesOutstanding": 5533,
        "dilutedEPS": -0.06,
        "ebit": 1428,
        "gainLossOnDispositionOfAssets": -1,
        "grossIncome": 8375,
        "interestExpense": 415,
        "interestIncomeExpense": -56,
        "minorityInterest": -10,
        "netIncome": -336,
        "netIncomeAfterTaxes": -1365,
        "nonRecurringItems": -3636,
        "otherOperatingExpensesTotal": -136,
        "period": "2019-12-31",
        "pretaxIncome": -2264,
        "provisionforIncomeTaxes": -899,
        "researchDevelopment": 2464,
        "revenue": 10449,
        "sgaExpense": 3624,
        "totalOperatingExpense": 6947,
        "totalOtherIncomeExpenseNet": 1
      },
      {
        "dilutedAverageSharesOutstanding": 5647.059,
        "dilutedEPS": 1.35,
        "ebit": 1707,
        "minorityInterest": -4,
        "netIncome": 7680,
        "netIncomeAfterTaxes": 6576,
        "nonRecurringItems": 7736,
        "otherOperatingExpensesTotal": 8695,
        "period": "2019-09-29",
        "pretaxIncome": 9442,
        "provisionforIncomeTaxes": 2866,
        "revenue": 10402,
        "totalOperatingExpense": 8695,
        "totalOtherIncomeExpenseNet": -1
      },
      {
        "dilutedAverageSharesOutstanding": 5669.663,
        "dilutedEPS": 0.88,
        "ebit": 2106,
        "minorityInterest": -10,
        "netIncome": 5046,
        "netIncomeAfterTaxes": 3397,
        "nonRecurringItems": 122,
        "otherOperatingExpensesTotal": 8257,
        "period": "2019-06-30",
        "pretaxIncome": 2228,
        "provisionforIncomeTaxes": -1169,
        "revenue": 10363,
        "totalOperatingExpense": 8257
      },
      {
        "dilutedAverageSharesOutstanding": 5711.765,
        "dilutedEPS": 0.67,
        "ebit": 2118,
        "minorityInterest": -6,
        "netIncome": 3884,
        "netIncomeAfterTaxes": 1937,
        "nonRecurringItems": -39,
        "otherOperatingExpensesTotal": 7839,
        "period": "2019-03-31",
        "pretaxIncome": 2079,
        "provisionforIncomeTaxes": 142,
        "revenue": 9957,
        "totalOperatingExpense": 7839
      },
      {
        "costOfGoodsSold": 785,
        "depreciationAmortization": 1096,
        "dilutedAverageSharesOutstanding": 5791,
        "dilutedEPS": -0.06,
        "ebit": -4802,
        "gainLossOnDispositionOfAssets": 51,
        "grossIncome": 370,
        "interestExpense": 370,
        "interestIncomeExpense": -253,
        "minorityInterest": -11,
        "netIncome": -394,
        "netIncomeAfterTaxes": -8297,
        "nonRecurringItems": -4232,
        "otherOperatingExpensesTotal": -270,
        "period": "2018-12-31",
        "pretaxIncome": -9237,
        "provisionforIncomeTaxes": -940,
        "researchDevelopment": 2190,
        "revenue": 1155,
        "sgaExpense": 2156,
        "totalOperatingExpense": 5172,
        "totalOtherIncomeExpenseNet": -1
      },
      {
        "costOfGoodsSold": 2672,
        "depreciationAmortization": 1253,
        "dilutedAverageSharesOutstanding": 5986,
        "dilutedEPS": 0.69,
        "ebit": 4252,
        "gainLossOnDispositionOfAssets": 6,
        "grossIncome": 10626,
        "interestExpense": 310,
        "interestIncomeExpense": 99,
        "minorityInterest": -8,
        "netIncome": 4114,
        "netIncomeAfterTaxes": 4111,
        "nonRecurringItems": -179,
        "otherOperatingExpensesTotal": -347,
        "period": "2018-09-30",
        "pretaxIncome": 4177,
        "provisionforIncomeTaxes": 66,
        "researchDevelopment": 1997,
        "revenue": 13298,
        "sgaExpense": 3471,
        "totalOperatingExpense": 6374,
        "totalOtherIncomeExpenseNet": -1
      },
      {
        "costOfGoodsSold": 2878,
        "depreciationAmortization": 1191,
        "dilutedAverageSharesOutstanding": 5952,
        "dilutedEPS": 0.65,
        "ebit": 4459,
        "gainLossOnDispositionOfAssets": 19,
        "grossIncome": 10588,
        "interestExpense": 326,
        "interestIncomeExpense": 118,
        "minorityInterest": -7,
        "netIncome": 3872,
        "netIncomeAfterTaxes": 3879,
        "nonRecurringItems": -69,
        "otherOperatingExpensesTotal": -357,
        "period": "2018-07-01",
        "pretaxIncome": 4527,
        "provisionforIncomeTaxes": 648,
        "researchDevelopment": 1788,
        "revenue": 13466,
        "sgaExpense": 3507,
        "totalOperatingExpense": 6129
      },
      {
        "costOfGoodsSold": 2537,
        "depreciationAmortization": 1196,
        "dilutedAverageSharesOutstanding": 6057,
        "dilutedEPS": 0.59,
        "ebit": 4414,
        "gainLossOnDispositionOfAssets": 16,
        "grossIncome": 10369,
        "interestExpense": 310,
        "interestIncomeExpense": -117,
        "minorityInterest": -9,
        "netIncome": 3561,
        "netIncomeAfterTaxes": 3571,
        "nonRecurringItems": -186,
        "otherOperatingExpensesTotal": -264,
        "period": "2018-04-01",
        "pretaxIncome": 4127,
        "provisionforIncomeTaxes": 556,
        "researchDevelopment": 1737,
        "revenue": 12906,
        "sgaExpense": 3286,
        "totalOperatingExpense": 5955
      },
      {
        "costOfGoodsSold": 3064,
        "depreciationAmortization": 1187,
        "dilutedAverageSharesOutstanding": 6061,
        "dilutedEPS": 2.02,
        "ebit": 2863,
        "gainLossOnDispositionOfAssets": -9,
        "grossIncome": 10639,
        "interestExpense": 330,
        "interestIncomeExpense": -195,
        "minorityInterest": -15,
        "netIncome": 12273,
        "netIncomeAfterTaxes": 2890,
        "nonRecurringItems": -1705,
        "otherOperatingExpensesTotal": -273,
        "period": "2017-12-31",
        "pretaxIncome": 954,
        "provisionforIncomeTaxes": -1936,
        "researchDevelopment": 2311,
        "revenue": 13703,
        "sgaExpense": 4551,
        "totalOperatingExpense": 7776
      },
      {
        "costOfGoodsSold": 2729,
        "depreciationAmortization": 1177,
        "dilutedAverageSharesOutstanding": 6041,
        "dilutedEPS": 0.47,
        "ebit": 4200,
        "gainLossOnDispositionOfAssets": 167,
        "grossIncome": 10439,
        "interestExpense": 320,
        "interestIncomeExpense": -186,
        "minorityInterest": -18,
        "netIncome": 2840,
        "netIncomeAfterTaxes": 2858,
        "nonRecurringItems": -596,
        "otherOperatingExpensesTotal": -297,
        "period": "2017-10-01",
        "pretaxIncome": 3585,
        "provisionforIncomeTaxes": 727,
        "researchDevelopment": 1859,
        "revenue": 13168,
        "sgaExpense": 3500,
        "totalOperatingExpense": 6239
      },
      {
        "costOfGoodsSold": 2604,
        "depreciationAmortization": 1208,
        "dilutedAverageSharesOutstanding": 6037,
        "dilutedEPS": 0.51,
        "ebit": 4156,
        "gainLossOnDispositionOfAssets": 34,
        "grossIncome": 10292,
        "interestExpense": 312,
        "interestIncomeExpense": -227,
        "minorityInterest": -5,
        "netIncome": 3073,
        "netIncomeAfterTaxes": 3076,
        "nonRecurringItems": -148,
        "otherOperatingExpensesTotal": -277,
        "period": "2017-07-02",
        "pretaxIncome": 3815,
        "provisionforIncomeTaxes": 739,
        "researchDevelopment": 1780,
        "revenue": 12896,
        "sgaExpense": 3425,
        "totalOperatingExpense": 6136
      },
      {
        "costOfGoodsSold": 2441,
        "depreciationAmortization": 1186,
        "dilutedAverageSharesOutstanding": 6092,
        "dilutedEPS": 0.51,
        "ebit": 4455,
        "gainLossOnDispositionOfAssets": 95,
        "grossIncome": 10338,
        "interestExpense": 309,
        "interestIncomeExpense": -371,
        "minorityInterest": -9,
        "netIncome": 3121,
        "netIncomeAfterTaxes": 3130,
        "nonRecurringItems": -228,
        "otherOperatingExpensesTotal": -319,
        "period": "2017-04-02",
        "pretaxIncome": 3951,
        "provisionforIncomeTaxes": 821,
        "researchDevelopment": 1708,
        "revenue": 12779,
        "sgaExpense": 3308,
        "totalOperatingExpense": 5883
      },
      {
        "costOfGoodsSold": 3057,
        "depreciationAmortization": 1122,
        "dilutedAverageSharesOutstanding": 6144,
        "dilutedEPS": 0.14,
        "ebit": 2572,
        "gainLossOnDispositionOfAssets": 90,
        "grossIncome": 10571,
        "interestExpense": 297,
        "interestIncomeExpense": -235,
        "minorityInterest": -6,
        "netIncome": 859,
        "netIncomeAfterTaxes": 847,
        "nonRecurringItems": -1651,
        "otherOperatingExpensesTotal": -58,
        "period": "2016-12-31",
        "pretaxIncome": 776,
        "provisionforIncomeTaxes": -71,
        "researchDevelopment": 2512,
        "revenue": 13628,
        "sgaExpense": 4423,
        "totalOperatingExpense": 7999
      },
      {
        "costOfGoodsSold": 2989,
        "depreciationAmortization": 968,
        "dilutedAverageSharesOutstanding": 6150,
        "dilutedEPS": 0.22,
        "ebit": 3918,
        "gainLossOnDispositionOfAssets": -1375,
        "grossIncome": 10056,
        "interestExpense": 291,
        "interestIncomeExpense": -150,
        "minorityInterest": 0,
        "netIncome": 1355,
        "netIncomeAfterTaxes": 1355,
        "nonRecurringItems": -789,
        "otherOperatingExpensesTotal": -270,
        "period": "2016-10-02",
        "pretaxIncome": 1604,
        "provisionforIncomeTaxes": 249,
        "researchDevelopment": 1881,
        "revenue": 13045,
        "sgaExpense": 3559,
        "totalOperatingExpense": 6138
      },
      {
        "costOfGoodsSold": 3114,
        "depreciationAmortization": 961,
        "dilutedAverageSharesOutstanding": 6149,
        "dilutedEPS": 0.33,
        "ebit": 4110,
        "gainLossOnDispositionOfAssets": 31,
        "grossIncome": 10033,
        "interestExpense": 292,
        "interestIncomeExpense": -218,
        "minorityInterest": -16,
        "netIncome": 2047,
        "netIncomeAfterTaxes": 2063,
        "nonRecurringItems": -1513,
        "otherOperatingExpensesTotal": -257,
        "period": "2016-07-03",
        "pretaxIncome": 2410,
        "provisionforIncomeTaxes": 347,
        "researchDevelopment": 1748,
        "revenue": 13147,
        "sgaExpense": 3471,
        "totalOperatingExpense": 5923
      },
      {
        "costOfGoodsSold": 2764,
        "depreciationAmortization": 1006,
        "dilutedAverageSharesOutstanding": 6225,
        "dilutedEPS": 0.49,
        "ebit": 4453,
        "gainLossOnDispositionOfAssets": 9,
        "grossIncome": 10241,
        "interestExpense": 306,
        "interestIncomeExpense": -218,
        "minorityInterest": -9,
        "netIncome": 3038,
        "netIncomeAfterTaxes": 3048,
        "nonRecurringItems": -683,
        "otherOperatingExpensesTotal": -334,
        "period": "2016-04-03",
        "pretaxIncome": 3561,
        "provisionforIncomeTaxes": 513,
        "researchDevelopment": 1731,
        "revenue": 13005,
        "sgaExpense": 3385,
        "totalOperatingExpense": 5788
      },
      {
        "costOfGoodsSold": 3372,
        "depreciationAmortization": 980,
        "dilutedAverageSharesOutstanding": 6176,
        "dilutedEPS": -0.03,
        "ebit": 2330,
        "gainLossOnDispositionOfAssets": 2,
        "grossIncome": 10675,
        "interestExpense": 335,
        "interestIncomeExpense": -1129,
        "minorityInterest": -3,
        "netIncome": -172,
        "netIncomeAfterTaxes": -167,
        "nonRecurringItems": -1558,
        "otherOperatingExpensesTotal": -31,
        "period": "2015-12-31",
        "pretaxIncome": -355,
        "provisionforIncomeTaxes": -188,
        "researchDevelopment": 2348,
        "revenue": 14047,
        "sgaExpense": 5048,
        "totalOperatingExpense": 8345
      },
      {
        "costOfGoodsSold": 2207,
        "depreciationAmortization": 937,
        "dilutedAverageSharesOutstanding": 6243,
        "dilutedEPS": 0.34,
        "ebit": 4155,
        "gainLossOnDispositionOfAssets": 35,
        "grossIncome": 9880,
        "interestExpense": 278,
        "interestIncomeExpense": -207,
        "minorityInterest": -9,
        "netIncome": 2130,
        "netIncomeAfterTaxes": 2130,
        "nonRecurringItems": -1286,
        "otherOperatingExpensesTotal": -204,
        "period": "2015-09-27",
        "pretaxIncome": 2697,
        "provisionforIncomeTaxes": 567,
        "researchDevelopment": 1722,
        "revenue": 12087,
        "sgaExpense": 3270,
        "totalOperatingExpense": 5725
      }
    ],
    "symbol": "PFE"
  }
}