{
  "symbol": "TEL",
  "statement": "ic",
  "frequency": "quarterly",
  "timestamp": "2025-09-19T14:07:20.352661",
  "data": {
    "financials": [
      {
        "costOfGoodsSold": 2934,
        "dilutedAverageSharesOutstanding": 298,
        "dilutedEPS": 2.1409,
        "ebit": 898,
        "grossIncome": 1600,
        "interestExpense": 28,
        "interestIncomeExpense": -11,
        "netIncome": 638,
        "netIncomeAfterTaxes": 638,
        "nonRecurringItems": -41,
        "period": "2025-06-27",
        "pretaxIncome": 846,
        "provisionforIncomeTaxes": 208,
        "researchDevelopment": 211,
        "revenue": 4534,
        "sgaExpense": 491,
        "totalOperatingExpense": 702,
        "totalOtherIncomeExpenseNet": 0
      },
      {
        "costOfGoodsSold": 2684,
        "dilutedAverageSharesOutstanding": 300,
        "dilutedEPS": 0.0433,
        "ebit": 802,
        "grossIncome": 1459,
        "interestExpense": 14,
        "interestIncomeExpense": 8,
        "netIncome": 13,
        "netIncomeAfterTaxes": 13,
        "nonRecurringItems": -54,
        "period": "2025-03-28",
        "pretaxIncome": 755,
        "provisionforIncomeTaxes": 742,
        "researchDevelopment": 203,
        "revenue": 4143,
        "sgaExpense": 454,
        "totalOperatingExpense": 657,
        "totalOtherIncomeExpenseNet": -1
      },
      {
        "costOfGoodsSold": 2476,
        "dilutedAverageSharesOutstanding": 301,
        "dilutedEPS": 1.7542,
        "ebit": 745,
        "grossIncome": 1360,
        "interestExpense": 6,
        "interestIncomeExpense": 17,
        "netIncome": 528,
        "netIncomeAfterTaxes": 528,
        "nonRecurringItems": -55,
        "period": "2024-12-27",
        "pretaxIncome": 706,
        "provisionforIncomeTaxes": 178,
        "researchDevelopment": 188,
        "revenue": 3836,
        "sgaExpense": 427,
        "totalOperatingExpense": 615,
        "totalOtherIncomeExpenseNet": -1
      },
      {
        "costOfGoodsSold": 2685,
        "dilutedAverageSharesOutstanding": 306,
        "dilutedEPS": 0.902,
        "ebit": 755,
        "grossIncome": 1383,
        "interestExpense": 15,
        "interestIncomeExpense": 11,
        "netIncome": 276,
        "netIncomeAfterTaxes": 276,
        "nonRecurringItems": -104,
        "period": "2024-09-27",
        "pretaxIncome": 657,
        "provisionforIncomeTaxes": 381,
        "researchDevelopment": 195,
        "revenue": 4068,
        "sgaExpense": 433,
        "totalOperatingExpense": 628,
        "totalOtherIncomeExpenseNet": -5
      },
      {
        "costOfGoodsSold": 2593,
        "dilutedAverageSharesOutstanding": 308,
        "dilutedEPS": 1.8604,
        "ebit": 766,
        "grossIncome": 1386,
        "interestExpense": 18,
        "interestIncomeExpense": 2,
        "netIncome": 573,
        "netIncomeAfterTaxes": 573,
        "nonRecurringItems": -11,
        "period": "2024-06-28",
        "pretaxIncome": 754,
        "provisionforIncomeTaxes": 181,
        "researchDevelopment": 189,
        "revenue": 3979,
        "sgaExpense": 431,
        "totalOperatingExpense": 620,
        "totalOtherIncomeExpenseNet": -3
      },
      {
        "costOfGoodsSold": 2604,
        "dilutedAverageSharesOutstanding": 309,
        "dilutedEPS": 1.7508,
        "ebit": 735,
        "grossIncome": 1363,
        "interestExpense": 19,
        "interestIncomeExpense": 0,
        "netIncome": 541,
        "netIncomeAfterTaxes": 541,
        "nonRecurringItems": -43,
        "period": "2024-03-29",
        "pretaxIncome": 687,
        "provisionforIncomeTaxes": 146,
        "researchDevelopment": 184,
        "revenue": 3967,
        "sgaExpense": 444,
        "totalOperatingExpense": 628,
        "totalOtherIncomeExpenseNet": -5
      },
      {
        "costOfGoodsSold": 2507,
        "dilutedAverageSharesOutstanding": 313,
        "dilutedEPS": 5.7636,
        "ebit": 727,
        "grossIncome": 1324,
        "interestExpense": 18,
        "interestIncomeExpense": 4,
        "netIncome": 1803,
        "netIncomeAfterTaxes": 1804,
        "nonRecurringItems": -29,
        "period": "2023-12-29",
        "pretaxIncome": 699,
        "provisionforIncomeTaxes": -1105,
        "researchDevelopment": 173,
        "revenue": 3831,
        "sgaExpense": 424,
        "totalOperatingExpense": 597,
        "totalOtherIncomeExpenseNet": -3
      },
      {
        "costOfGoodsSold": 2750,
        "dilutedAverageSharesOutstanding": 314,
        "dilutedEPS": 1.7612,
        "ebit": 699,
        "grossIncome": 1285,
        "interestExpense": 19,
        "interestIncomeExpense": 2,
        "netIncome": 552,
        "netIncomeAfterTaxes": 553,
        "nonRecurringItems": -64,
        "period": "2023-09-29",
        "pretaxIncome": 634,
        "provisionforIncomeTaxes": 81,
        "researchDevelopment": 174,
        "revenue": 4035,
        "sgaExpense": 412,
        "totalOperatingExpense": 586,
        "totalOtherIncomeExpenseNet": -3
      },
      {
        "costOfGoodsSold": 2699,
        "dilutedAverageSharesOutstanding": 317,
        "dilutedEPS": 1.6656,
        "ebit": 692,
        "grossIncome": 1299,
        "interestExpense": 20,
        "interestIncomeExpense": -2,
        "netIncome": 528,
        "netIncomeAfterTaxes": 528,
        "nonRecurringItems": -62,
        "otherOperatingExpensesTotal": 1,
        "period": "2023-06-30",
        "pretaxIncome": 624,
        "provisionforIncomeTaxes": 96,
        "researchDevelopment": 176,
        "revenue": 3998,
        "sgaExpense": 431,
        "totalOperatingExpense": 607,
        "totalOtherIncomeExpenseNet": -4
      },
      {
        "costOfGoodsSold": 2876,
        "dilutedAverageSharesOutstanding": 318,
        "dilutedEPS": 1.36,
        "ebit": 663,
        "grossIncome": 1284,
        "interestExpense": 20,
        "interestIncomeExpense": -8,
        "netIncome": 433,
        "netIncomeAfterTaxes": 425,
        "nonRecurringItems": -126,
        "otherOperatingExpensesTotal": 1,
        "period": "2023-03-31",
        "pretaxIncome": 525,
        "provisionforIncomeTaxes": 100,
        "researchDevelopment": 185,
        "revenue": 4160,
        "sgaExpense": 435,
        "totalOperatingExpense": 621,
        "totalOtherIncomeExpenseNet": -4
      },
      {
        "costOfGoodsSold": 2654,
        "dilutedAverageSharesOutstanding": 319,
        "dilutedEPS": 1.2477,
        "ebit": 621,
        "grossIncome": 1187,
        "interestExpense": 21,
        "interestIncomeExpense": -12,
        "netIncome": 397,
        "netIncomeAfterTaxes": 398,
        "nonRecurringItems": -119,
        "otherOperatingExpensesTotal": 1,
        "period": "2022-12-30",
        "pretaxIncome": 485,
        "provisionforIncomeTaxes": 87,
        "researchDevelopment": 173,
        "revenue": 3841,
        "sgaExpense": 392,
        "totalOperatingExpense": 566,
        "totalOtherIncomeExpenseNet": -5
      },
      {
        "costOfGoodsSold": 3010,
        "dilutedAverageSharesOutstanding": 320,
        "dilutedEPS": 2.2125,
        "ebit": 758,
        "grossIncome": 1349,
        "interestExpense": 18,
        "interestIncomeExpense": -12,
        "netIncome": 708,
        "netIncomeAfterTaxes": 708,
        "nonRecurringItems": -98,
        "period": "2022-09-30",
        "pretaxIncome": 652,
        "provisionforIncomeTaxes": -56,
        "researchDevelopment": 179,
        "revenue": 4359,
        "sgaExpense": 412,
        "totalOperatingExpense": 591,
        "totalOtherIncomeExpenseNet": 4
      },
      {
        "costOfGoodsSold": 2765,
        "dilutedAverageSharesOutstanding": 324,
        "dilutedEPS": 1.8272,
        "ebit": 760,
        "grossIncome": 1332,
        "interestExpense": 18,
        "interestIncomeExpense": -15,
        "netIncome": 594,
        "netIncomeAfterTaxes": 592,
        "nonRecurringItems": -41,
        "period": "2022-06-24",
        "pretaxIncome": 708,
        "provisionforIncomeTaxes": 116,
        "researchDevelopment": 179,
        "revenue": 4097,
        "sgaExpense": 393,
        "totalOperatingExpense": 572,
        "totalOtherIncomeExpenseNet": 4
      },
      {
        "costOfGoodsSold": 2670,
        "dilutedAverageSharesOutstanding": 327,
        "dilutedEPS": 1.7125,
        "ebit": 736,
        "grossIncome": 1337,
        "interestExpense": 18,
        "interestIncomeExpense": -14,
        "netIncome": 560,
        "netIncomeAfterTaxes": 560,
        "nonRecurringItems": -31,
        "period": "2022-03-25",
        "pretaxIncome": 696,
        "provisionforIncomeTaxes": 136,
        "researchDevelopment": 185,
        "revenue": 4007,
        "sgaExpense": 416,
        "totalOperatingExpense": 601,
        "totalOtherIncomeExpenseNet": 5
      },
      {
        "costOfGoodsSold": 2576,
        "dilutedAverageSharesOutstanding": 330,
        "dilutedEPS": 1.7182,
        "ebit": 704,
        "grossIncome": 1242,
        "interestExpense": 12,
        "interestIncomeExpense": -10,
        "netIncome": 566,
        "netIncomeAfterTaxes": 567,
        "nonRecurringItems": -32,
        "otherOperatingExpensesTotal": 0,
        "period": "2021-12-24",
        "pretaxIncome": 677,
        "provisionforIncomeTaxes": 110,
        "researchDevelopment": 175,
        "revenue": 3818,
        "sgaExpense": 363,
        "totalOperatingExpense": 538,
        "totalOtherIncomeExpenseNet": 15
      },
      {
        "costOfGoodsSold": 2555,
        "dilutedAverageSharesOutstanding": 333,
        "dilutedEPS": 2.3844,
        "ebit": 706,
        "grossIncome": 1263,
        "interestExpense": 14,
        "interestIncomeExpense": -11,
        "netIncome": 794,
        "netIncomeAfterTaxes": 794,
        "nonRecurringItems": -46,
        "period": "2021-09-24",
        "pretaxIncome": 627,
        "provisionforIncomeTaxes": -167,
        "researchDevelopment": 173,
        "revenue": 3818,
        "sgaExpense": 384,
        "totalOperatingExpense": 557,
        "totalOtherIncomeExpenseNet": -22
      },
      {
        "costOfGoodsSold": 2577,
        "dilutedAverageSharesOutstanding": 333,
        "dilutedEPS": 1.7447,
        "ebit": 734,
        "grossIncome": 1268,
        "interestExpense": 14,
        "interestIncomeExpense": -11,
        "netIncome": 580,
        "netIncomeAfterTaxes": 581,
        "nonRecurringItems": -20,
        "period": "2021-06-25",
        "pretaxIncome": 705,
        "provisionforIncomeTaxes": 124,
        "researchDevelopment": 168,
        "revenue": 3845,
        "sgaExpense": 366,
        "totalOperatingExpense": 534,
        "totalOtherIncomeExpenseNet": 2
      },
      {
        "costOfGoodsSold": 2528,
        "dilutedAverageSharesOutstanding": 334,
        "dilutedEPS": 1.51,
        "ebit": 635,
        "grossIncome": 1210,
        "interestExpense": 13,
        "interestIncomeExpense": -5,
        "netIncome": 506,
        "netIncomeAfterTaxes": 505,
        "nonRecurringItems": -23,
        "period": "2021-03-26",
        "pretaxIncome": 611,
        "provisionforIncomeTaxes": 106,
        "researchDevelopment": 174,
        "revenue": 3738,
        "sgaExpense": 401,
        "totalOperatingExpense": 575,
        "totalOtherIncomeExpenseNet": 4
      },
      {
        "costOfGoodsSold": 2376,
        "dilutedAverageSharesOutstanding": 333,
        "dilutedEPS": 1.13,
        "ebit": 623,
        "grossIncome": 1146,
        "interestExpense": 15,
        "interestIncomeExpense": -12,
        "netIncome": 381,
        "netIncomeAfterTaxes": 375,
        "nonRecurringItems": -175,
        "period": "2020-12-25",
        "pretaxIncome": 435,
        "provisionforIncomeTaxes": 60,
        "researchDevelopment": 162,
        "revenue": 3522,
        "sgaExpense": 361,
        "totalOperatingExpense": 523,
        "totalOtherIncomeExpenseNet": -1
      },
      {
        "costOfGoodsSold": 2292,
        "dilutedAverageSharesOutstanding": 329,
        "dilutedEPS": 0.69,
        "ebit": 469,
        "grossIncome": 969,
        "interestExpense": 12,
        "interestIncomeExpense": -10,
        "netIncome": 230,
        "netIncomeAfterTaxes": 228,
        "nonRecurringItems": -122,
        "period": "2020-09-25",
        "pretaxIncome": 337,
        "provisionforIncomeTaxes": 109,
        "researchDevelopment": 148,
        "revenue": 3261,
        "sgaExpense": 352,
        "totalOperatingExpense": 500,
        "totalOtherIncomeExpenseNet": 0
      },
      {
        "costOfGoodsSold": 1841,
        "dilutedAverageSharesOutstanding": 330,
        "dilutedEPS": -0.12,
        "ebit": 240,
        "grossIncome": 707,
        "interestExpense": 13,
        "interestIncomeExpense": -11,
        "netIncome": -41,
        "netIncomeAfterTaxes": -58,
        "nonRecurringItems": -106,
        "period": "2020-06-26",
        "pretaxIncome": 127,
        "provisionforIncomeTaxes": 185,
        "researchDevelopment": 146,
        "revenue": 2548,
        "sgaExpense": 321,
        "totalOperatingExpense": 467,
        "totalOtherIncomeExpenseNet": 4
      },
      {
        "costOfGoodsSold": 2166,
        "dilutedAverageSharesOutstanding": 334,
        "dilutedEPS": -1.35,
        "ebit": 519,
        "grossIncome": 1029,
        "interestExpense": 11,
        "interestIncomeExpense": -6,
        "netIncome": -456,
        "netIncomeAfterTaxes": -452,
        "nonRecurringItems": -934,
        "period": "2020-03-27",
        "pretaxIncome": -410,
        "provisionforIncomeTaxes": 42,
        "researchDevelopment": 158,
        "revenue": 3195,
        "sgaExpense": 352,
        "totalOperatingExpense": 510,
        "totalOtherIncomeExpenseNet": 11
      },
      {
        "costOfGoodsSold": 2138,
        "dilutedAverageSharesOutstanding": 337,
        "dilutedEPS": 0.07,
        "ebit": 502,
        "grossIncome": 1030,
        "interestExpense": 12,
        "interestIncomeExpense": -6,
        "netIncome": 26,
        "netIncomeAfterTaxes": 23,
        "nonRecurringItems": -31,
        "period": "2019-12-27",
        "pretaxIncome": 470,
        "provisionforIncomeTaxes": 447,
        "researchDevelopment": 161,
        "revenue": 3168,
        "sgaExpense": 367,
        "totalOperatingExpense": 528,
        "totalOtherIncomeExpenseNet": 5
      },
      {
        "costOfGoodsSold": 2248,
        "dilutedAverageSharesOutstanding": 337,
        "dilutedEPS": 1.12,
        "ebit": 521,
        "grossIncome": 1052,
        "interestExpense": 13,
        "interestIncomeExpense": -7,
        "netIncome": 372,
        "netIncomeAfterTaxes": 376,
        "nonRecurringItems": -77,
        "period": "2019-09-27",
        "pretaxIncome": 437,
        "provisionforIncomeTaxes": 61,
        "researchDevelopment": 159,
        "revenue": 3300,
        "sgaExpense": 372,
        "totalOperatingExpense": 531,
        "totalOtherIncomeExpenseNet": 0
      },
      {
        "costOfGoodsSold": 2279,
        "dilutedAverageSharesOutstanding": 339,
        "dilutedEPS": 2.24,
        "ebit": 596,
        "grossIncome": 1110,
        "interestExpense": 13,
        "interestIncomeExpense": -9,
        "netIncome": 757,
        "netIncomeAfterTaxes": 758,
        "nonRecurringItems": -76,
        "period": "2019-06-28",
        "pretaxIncome": 513,
        "provisionforIncomeTaxes": -245,
        "researchDevelopment": 158,
        "revenue": 3389,
        "sgaExpense": 356,
        "totalOperatingExpense": 514,
        "totalOtherIncomeExpenseNet": 2
      },
      {
        "costOfGoodsSold": 2294,
        "dilutedAverageSharesOutstanding": 340,
        "dilutedEPS": 1.29,
        "ebit": 579,
        "grossIncome": 1118,
        "interestExpense": 15,
        "interestIncomeExpense": -11,
        "netIncome": 439,
        "netIncomeAfterTaxes": 429,
        "nonRecurringItems": -49,
        "period": "2019-03-29",
        "pretaxIncome": 520,
        "provisionforIncomeTaxes": 91,
        "researchDevelopment": 166,
        "revenue": 3412,
        "sgaExpense": 373,
        "totalOperatingExpense": 539,
        "totalOtherIncomeExpenseNet": 1
      },
      {
        "costOfGoodsSold": 2233,
        "dilutedAverageSharesOutstanding": 344,
        "dilutedEPS": 0.8,
        "ebit": 564,
        "grossIncome": 1114,
        "interestExpense": 27,
        "interestIncomeExpense": -22,
        "netIncome": 276,
        "netIncomeAfterTaxes": 383,
        "nonRecurringItems": -80,
        "period": "2018-12-28",
        "pretaxIncome": 461,
        "provisionforIncomeTaxes": 78,
        "researchDevelopment": 161,
        "revenue": 3347,
        "sgaExpense": 389,
        "totalOperatingExpense": 550,
        "totalOtherIncomeExpenseNet": -1
      },
      {
        "costOfGoodsSold": 1891,
        "dilutedAverageSharesOutstanding": 350,
        "dilutedEPS": 4.74,
        "ebit": 591,
        "grossIncome": 1108,
        "interestExpense": 27,
        "interestIncomeExpense": -23,
        "netIncome": 1661,
        "netIncomeAfterTaxes": 1677,
        "nonRecurringItems": -23,
        "otherOperatingExpensesTotal": 2,
        "period": "2018-09-28",
        "pretaxIncome": 544,
        "provisionforIncomeTaxes": -1133,
        "researchDevelopment": 141,
        "revenue": 2999,
        "sgaExpense": 374,
        "totalOperatingExpense": 517,
        "totalOtherIncomeExpenseNet": -1
      },
      {
        "costOfGoodsSold": 2547,
        "dilutedAverageSharesOutstanding": 352,
        "dilutedEPS": 1.29,
        "ebit": 637,
        "grossIncome": 1217,
        "interestExpense": 25,
        "interestIncomeExpense": -22,
        "netIncome": 454,
        "netIncomeAfterTaxes": 454,
        "nonRecurringItems": -79,
        "otherOperatingExpensesTotal": -10,
        "period": "2018-06-29",
        "pretaxIncome": 535,
        "provisionforIncomeTaxes": 81,
        "researchDevelopment": 181,
        "revenue": 3764,
        "sgaExpense": 409,
        "totalOperatingExpense": 580,
        "totalOtherIncomeExpenseNet": -1
      },
      {
        "costOfGoodsSold": 2350,
        "dilutedAverageSharesOutstanding": 354,
        "dilutedEPS": 1.38,
        "ebit": 630,
        "grossIncome": 1212,
        "interestExpense": 28,
        "interestIncomeExpense": -24,
        "netIncome": 490,
        "netIncomeAfterTaxes": 490,
        "nonRecurringItems": -9,
        "period": "2018-03-30",
        "pretaxIncome": 598,
        "provisionforIncomeTaxes": 108,
        "researchDevelopment": 173,
        "revenue": 3562,
        "sgaExpense": 409,
        "totalOperatingExpense": 582,
        "totalOtherIncomeExpenseNet": 1
      },
      {
        "costOfGoodsSold": 2172,
        "dilutedAverageSharesOutstanding": 352,
        "dilutedEPS": -0.11,
        "ebit": 622,
        "grossIncome": 1164,
        "interestExpense": 26,
        "interestIncomeExpense": -22,
        "netIncome": -40,
        "netIncomeAfterTaxes": 534,
        "nonRecurringItems": -36,
        "period": "2017-12-29",
        "pretaxIncome": 566,
        "provisionforIncomeTaxes": 32,
        "researchDevelopment": 165,
        "revenue": 3336,
        "sgaExpense": 377,
        "totalOperatingExpense": 542,
        "totalOtherIncomeExpenseNet": 2
      },
      {
        "costOfGoodsSold": 1662,
        "dilutedAverageSharesOutstanding": 355,
        "dilutedEPS": 1.22,
        "ebit": 379,
        "grossIncome": 866,
        "interestExpense": 35,
        "interestIncomeExpense": -33,
        "netIncome": 434,
        "netIncomeAfterTaxes": 296,
        "nonRecurringItems": -23,
        "otherOperatingExpensesTotal": 0,
        "period": "2017-09-29",
        "pretaxIncome": 312,
        "provisionforIncomeTaxes": 16,
        "researchDevelopment": 126,
        "revenue": 2528,
        "sgaExpense": 361,
        "totalOperatingExpense": 487,
        "totalOtherIncomeExpenseNet": -11
      },
      {
        "costOfGoodsSold": 2227,
        "dilutedAverageSharesOutstanding": 358,
        "dilutedEPS": 1.21,
        "ebit": 564,
        "grossIncome": 1140,
        "interestExpense": 32,
        "interestIncomeExpense": -29,
        "netIncome": 435,
        "netIncomeAfterTaxes": 432,
        "nonRecurringItems": -20,
        "otherOperatingExpensesTotal": 0,
        "period": "2017-06-30",
        "pretaxIncome": 503,
        "provisionforIncomeTaxes": 71,
        "researchDevelopment": 168,
        "revenue": 3367,
        "sgaExpense": 408,
        "totalOperatingExpense": 576,
        "totalOtherIncomeExpenseNet": -12
      },
      {
        "costOfGoodsSold": 2117,
        "dilutedAverageSharesOutstanding": 359,
        "dilutedEPS": 1.13,
        "ebit": 542,
        "grossIncome": 1110,
        "interestExpense": 32,
        "interestIncomeExpense": -26,
        "netIncome": 405,
        "netIncomeAfterTaxes": 406,
        "nonRecurringItems": -61,
        "otherOperatingExpensesTotal": 0,
        "period": "2017-03-31",
        "pretaxIncome": 445,
        "provisionforIncomeTaxes": 39,
        "researchDevelopment": 161,
        "revenue": 3227,
        "sgaExpense": 407,
        "totalOperatingExpense": 568,
        "totalOtherIncomeExpenseNet": -10
      },
      {
        "costOfGoodsSold": 1996,
        "dilutedAverageSharesOutstanding": 359,
        "dilutedEPS": 1.13,
        "ebit": 543,
        "grossIncome": 1067,
        "interestExpense": 31,
        "interestIncomeExpense": -26,
        "netIncome": 409,
        "netIncomeAfterTaxes": 406,
        "nonRecurringItems": -48,
        "otherOperatingExpensesTotal": 1,
        "period": "2016-12-30",
        "pretaxIncome": 460,
        "provisionforIncomeTaxes": 54,
        "researchDevelopment": 156,
        "revenue": 3063,
        "sgaExpense": 367,
        "totalOperatingExpense": 524,
        "totalOtherIncomeExpenseNet": -9
      },
      {
        "costOfGoodsSold": 1548,
        "dilutedAverageSharesOutstanding": 357,
        "dilutedEPS": 1.22,
        "ebit": 460,
        "grossIncome": 898,
        "interestExpense": 34,
        "interestIncomeExpense": -29,
        "netIncome": 437,
        "netIncomeAfterTaxes": 343,
        "nonRecurringItems": -37,
        "otherOperatingExpensesTotal": -8,
        "period": "2016-09-30",
        "pretaxIncome": 348,
        "provisionforIncomeTaxes": 5,
        "researchDevelopment": 124,
        "revenue": 2446,
        "sgaExpense": 322,
        "totalOperatingExpense": 438,
        "totalOtherIncomeExpenseNet": -46
      },
      {
        "costOfGoodsSold": 2099,
        "dilutedAverageSharesOutstanding": 361,
        "dilutedEPS": 2.32,
        "ebit": 491,
        "grossIncome": 1022,
        "interestExpense": 31,
        "interestIncomeExpense": -29,
        "netIncome": 839,
        "netIncomeAfterTaxes": 791,
        "nonRecurringItems": -39,
        "otherOperatingExpensesTotal": 3,
        "period": "2016-06-24",
        "pretaxIncome": -228,
        "provisionforIncomeTaxes": -1019,
        "researchDevelopment": 161,
        "revenue": 3121,
        "sgaExpense": 367,
        "totalOperatingExpense": 531,
        "totalOtherIncomeExpenseNet": -651
      },
      {
        "costOfGoodsSold": 1990,
        "dilutedAverageSharesOutstanding": 368,
        "dilutedEPS": 1.03,
        "ebit": 418,
        "grossIncome": 962,
        "interestExpense": 32,
        "interestIncomeExpense": -28,
        "netIncome": 380,
        "netIncomeAfterTaxes": 389,
        "nonRecurringItems": 117,
        "otherOperatingExpensesTotal": 21,
        "period": "2016-03-25",
        "pretaxIncome": 519,
        "provisionforIncomeTaxes": 130,
        "researchDevelopment": 156,
        "revenue": 2952,
        "sgaExpense": 367,
        "totalOperatingExpense": 544,
        "totalOtherIncomeExpenseNet": 12
      },
      {
        "costOfGoodsSold": 1888,
        "dilutedAverageSharesOutstanding": 390,
        "dilutedEPS": 0.9,
        "ebit": 438,
        "grossIncome": 945,
        "interestExpense": 30,
        "interestIncomeExpense": -24,
        "netIncome": 353,
        "netIncomeAfterTaxes": 324,
        "nonRecurringItems": -40,
        "otherOperatingExpensesTotal": 5,
        "period": "2015-12-25",
        "pretaxIncome": 382,
        "provisionforIncomeTaxes": 58,
        "researchDevelopment": 162,
        "revenue": 2833,
        "sgaExpense": 340,
        "totalOperatingExpense": 507,
        "totalOtherIncomeExpenseNet": 8
      },
      {
        "costOfGoodsSold": 2016,
        "dilutedAverageSharesOutstanding": 405,
        "dilutedEPS": 2.56,
        "ebit": 444,
        "grossIncome": 968,
        "interestExpense": 32,
        "interestIncomeExpense": -28,
        "minorityInterest": 0,
        "netIncome": 1040,
        "netIncomeAfterTaxes": 136,
        "nonRecurringItems": -37,
        "otherOperatingExpensesTotal": 42,
        "period": "2015-09-25",
        "pretaxIncome": 388,
        "provisionforIncomeTaxes": 252,
        "researchDevelopment": 148,
        "revenue": 2984,
        "sgaExpense": 334,
        "totalOperatingExpense": 524,
        "totalOtherIncomeExpenseNet": 9
      }
    ],
    "symbol": "TEL"
  }
}