{
  "symbol": "GEV",
  "statement": "ic",
  "frequency": "quarterly",
  "timestamp": "2025-09-19T14:00:55.759569",
  "data": {
    "financials": [
      {
        "costOfGoodsSold": 7241,
        "dilutedAverageSharesOutstanding": 276,
        "dilutedEPS": 1.8623,
        "ebit": 421,
        "grossIncome": 1870,
        "interestIncomeExpense": 136,
        "minorityInterest": 22,
        "netIncome": 514,
        "netIncomeAfterTaxes": 492,
        "nonRecurringItems": -42,
        "otherOperatingExpensesTotal": 1,
        "period": "2025-06-30",
        "pretaxIncome": 645,
        "provisionforIncomeTaxes": 153,
        "researchDevelopment": 282,
        "revenue": 9111,
        "sgaExpense": 1166,
        "totalOperatingExpense": 1449,
        "totalOtherIncomeExpenseNet": 130
      },
      {
        "costOfGoodsSold": 6508,
        "dilutedAverageSharesOutstanding": 279,
        "dilutedEPS": 0.9104,
        "ebit": 111,
        "grossIncome": 1524,
        "interestIncomeExpense": 134,
        "minorityInterest": -11,
        "netIncome": 254,
        "netIncomeAfterTaxes": 264,
        "nonRecurringItems": -47,
        "period": "2025-03-31",
        "pretaxIncome": 332,
        "provisionforIncomeTaxes": 68,
        "researchDevelopment": 239,
        "revenue": 8032,
        "sgaExpense": 1174,
        "totalOperatingExpense": 1413,
        "totalOtherIncomeExpenseNet": 134
      },
      {
        "costOfGoodsSold": 8447,
        "dilutedAverageSharesOutstanding": 281,
        "dilutedEPS": 1.7224,
        "ebit": 597,
        "grossIncome": 2112,
        "interestIncomeExpense": 48,
        "minorityInterest": 0,
        "netIncome": 484,
        "netIncomeAfterTaxes": 484,
        "nonRecurringItems": 284,
        "otherOperatingExpensesTotal": 0,
        "period": "2024-12-31",
        "pretaxIncome": 1113,
        "provisionforIncomeTaxes": 629,
        "researchDevelopment": 265,
        "revenue": 10559,
        "sgaExpense": 1250,
        "totalOperatingExpense": 1515,
        "totalOtherIncomeExpenseNet": 184
      },
      {
        "costOfGoodsSold": 7656,
        "dilutedAverageSharesOutstanding": 275,
        "dilutedEPS": -0.35,
        "ebit": -152,
        "grossIncome": 1257,
        "interestIncomeExpense": 42,
        "minorityInterest": 3,
        "netIncome": -96,
        "netIncomeAfterTaxes": -99,
        "nonRecurringItems": -200,
        "otherOperatingExpensesTotal": -1,
        "period": "2024-09-30",
        "pretaxIncome": -122,
        "provisionforIncomeTaxes": -23,
        "researchDevelopment": 243,
        "revenue": 8913,
        "sgaExpense": 1167,
        "totalOperatingExpense": 1409,
        "totalOtherIncomeExpenseNet": 188
      },
      {
        "costOfGoodsSold": 6487,
        "dilutedAverageSharesOutstanding": 278,
        "dilutedEPS": 4.65,
        "ebit": 589,
        "grossIncome": 1717,
        "interestIncomeExpense": 51,
        "minorityInterest": 14,
        "netIncome": 1294,
        "netIncomeAfterTaxes": 1280,
        "nonRecurringItems": 793,
        "period": "2024-06-30",
        "pretaxIncome": 1602,
        "provisionforIncomeTaxes": 322,
        "researchDevelopment": 237,
        "revenue": 8204,
        "sgaExpense": 891,
        "totalOperatingExpense": 1128,
        "totalOtherIncomeExpenseNet": 169
      },
      {
        "costOfGoodsSold": 6006,
        "dilutedAverageSharesOutstanding": 276.596,
        "dilutedEPS": -0.47,
        "ebit": -143,
        "grossIncome": 1254,
        "interestExpense": 14,
        "interestIncomeExpense": 27,
        "minorityInterest": -24,
        "netIncome": -130,
        "netIncomeAfterTaxes": -106,
        "nonRecurringItems": -149,
        "period": "2024-03-31",
        "pretaxIncome": -96,
        "provisionforIncomeTaxes": 10,
        "researchDevelopment": 237,
        "revenue": 7260,
        "sgaExpense": 1160,
        "totalOperatingExpense": 1397,
        "totalOtherIncomeExpenseNet": 169
      },
      {
        "costOfGoodsSold": 8304,
        "dilutedAverageSharesOutstanding": 266.334,
        "dilutedEPS": 0.74,
        "ebit": 322,
        "grossIncome": 1741,
        "interestExpense": 98,
        "interestIncomeExpense": -53,
        "minorityInterest": -9,
        "netIncome": 197,
        "netIncomeAfterTaxes": 206,
        "nonRecurringItems": -128,
        "otherOperatingExpensesTotal": -1,
        "period": "2023-12-31",
        "pretaxIncome": 328,
        "provisionforIncomeTaxes": 122,
        "researchDevelopment": 255,
        "revenue": 10045,
        "sgaExpense": 1165,
        "totalOperatingExpense": 1419,
        "totalOtherIncomeExpenseNet": 187
      },
      {
        "costOfGoodsSold": 7152,
        "dilutedAverageSharesOutstanding": 274,
        "dilutedEPS": -0.62,
        "ebit": -202,
        "grossIncome": 1101,
        "interestIncomeExpense": -43,
        "minorityInterest": 15,
        "netIncome": -170,
        "netIncomeAfterTaxes": -185,
        "nonRecurringItems": 10,
        "otherOperatingExpensesTotal": 1,
        "period": "2023-09-30",
        "pretaxIncome": -16,
        "provisionforIncomeTaxes": 169,
        "researchDevelopment": 223,
        "revenue": 8253,
        "sgaExpense": 1079,
        "totalOperatingExpense": 1303,
        "totalOtherIncomeExpenseNet": 219
      },
      {
        "costOfGoodsSold": 6947,
        "dilutedAverageSharesOutstanding": 272.084,
        "dilutedEPS": -0.55,
        "ebit": -242,
        "grossIncome": 1172,
        "interestIncomeExpense": -18,
        "minorityInterest": -2,
        "netIncome": -150,
        "netIncomeAfterTaxes": -149,
        "nonRecurringItems": -6,
        "otherOperatingExpensesTotal": -1,
        "period": "2023-06-30",
        "pretaxIncome": -27,
        "provisionforIncomeTaxes": 122,
        "researchDevelopment": 216,
        "revenue": 8119,
        "sgaExpense": 1199,
        "totalOperatingExpense": 1414,
        "totalOtherIncomeExpenseNet": 239
      },
      {
        "costOfGoodsSold": 5871,
        "dilutedAverageSharesOutstanding": 273.913,
        "dilutedEPS": -1.15,
        "ebit": -357,
        "grossIncome": 951,
        "interestExpense": 21,
        "interestIncomeExpense": -113,
        "minorityInterest": 32,
        "netIncome": -315,
        "netIncomeAfterTaxes": -346,
        "nonRecurringItems": -110,
        "period": "2023-03-31",
        "pretaxIncome": -415,
        "provisionforIncomeTaxes": -69,
        "researchDevelopment": 202,
        "revenue": 6822,
        "sgaExpense": 1106,
        "totalOperatingExpense": 1308,
        "totalOtherIncomeExpenseNet": 165
      }
    ],
    "symbol": "GEV"
  }
}