{
  "symbol": "ADP",
  "statement": "ic",
  "frequency": "quarterly",
  "timestamp": "2025-09-19T13:56:27.416424",
  "data": {
    "financials": [
      {
        "costOfGoodsSold": 2808.3,
        "dilutedAverageSharesOutstanding": 407.5,
        "dilutedEPS": 2.2348,
        "ebit": 1226.1,
        "gainLossOnDispositionOfAssets": 2.6,
        "grossIncome": 2318.5,
        "interestExpense": 113.7,
        "interestIncomeExpense": -26.6,
        "netIncome": 910.7,
        "netIncomeAfterTaxes": 910.7,
        "nonRecurringItems": -19.3,
        "period": "2025-06-30",
        "pretaxIncome": 1190.7,
        "provisionforIncomeTaxes": 280,
        "researchDevelopment": 8.6,
        "revenue": 5126.8,
        "sgaExpense": 1083.8,
        "totalOperatingExpense": 1092.4,
        "totalOtherIncomeExpenseNet": 7.9
      },
      {
        "costOfGoodsSold": 2657.1,
        "dilutedAverageSharesOutstanding": 408.5,
        "dilutedEPS": 3.06,
        "ebit": 1633,
        "gainLossOnDispositionOfAssets": 0,
        "grossIncome": 2895.9,
        "interestExpense": 74.8,
        "interestIncomeExpense": -19,
        "netIncome": 1249.5,
        "netIncomeAfterTaxes": 1249.5,
        "period": "2025-03-31",
        "pretaxIncome": 1621.9,
        "provisionforIncomeTaxes": 372.4,
        "researchDevelopment": 247.1,
        "revenue": 5553,
        "sgaExpense": 1015.8,
        "totalOperatingExpense": 1262.9,
        "totalOtherIncomeExpenseNet": 7.9
      },
      {
        "costOfGoodsSold": 2732.2,
        "dilutedAverageSharesOutstanding": 409,
        "dilutedEPS": 2.36,
        "ebit": 1299.8,
        "grossIncome": 2316.2,
        "interestExpense": 129.6,
        "interestIncomeExpense": -46.3,
        "netIncome": 963.2,
        "netIncomeAfterTaxes": 963.2,
        "period": "2024-12-31",
        "pretaxIncome": 1261.3,
        "provisionforIncomeTaxes": 298.1,
        "researchDevelopment": 10.3,
        "revenue": 5048.4,
        "sgaExpense": 1006.1,
        "totalOperatingExpense": 1016.4,
        "totalOtherIncomeExpenseNet": 7.8
      },
      {
        "costOfGoodsSold": 2624.5,
        "dilutedAverageSharesOutstanding": 409.5,
        "dilutedEPS": 2.34,
        "ebit": 1272.3,
        "gainLossOnDispositionOfAssets": 2.4,
        "grossIncome": 2208.2,
        "interestExpense": 137.8,
        "interestIncomeExpense": -46.3,
        "netIncome": 956.3,
        "netIncomeAfterTaxes": 956.3,
        "period": "2024-09-30",
        "pretaxIncome": 1236.2,
        "provisionforIncomeTaxes": 279.9,
        "researchDevelopment": 9.2,
        "revenue": 4832.7,
        "sgaExpense": 926.7,
        "totalOperatingExpense": 935.9,
        "totalOtherIncomeExpenseNet": 7.8
      },
      {
        "costOfGoodsSold": 2624.1,
        "dilutedAverageSharesOutstanding": 410.6,
        "dilutedEPS": 2.02,
        "ebit": 1143.6,
        "gainLossOnDispositionOfAssets": 0,
        "grossIncome": 2144.4,
        "interestExpense": 102.2,
        "interestIncomeExpense": -20.9,
        "netIncome": 829.3,
        "netIncomeAfterTaxes": 829.3,
        "nonRecurringItems": -42,
        "period": "2024-06-30",
        "pretaxIncome": 1089.3,
        "provisionforIncomeTaxes": 260,
        "researchDevelopment": 7.5,
        "revenue": 4768.5,
        "sgaExpense": 993.3,
        "totalOperatingExpense": 1000.8,
        "totalOtherIncomeExpenseNet": 8.6
      },
      {
        "costOfGoodsSold": 2758.9,
        "dilutedAverageSharesOutstanding": 412.1,
        "dilutedEPS": 2.88,
        "ebit": 1544.7,
        "gainLossOnDispositionOfAssets": 1.2,
        "grossIncome": 2494.9,
        "interestExpense": 62.7,
        "interestIncomeExpense": -8,
        "netIncome": 1184.9,
        "netIncomeAfterTaxes": 1184.9,
        "nonRecurringItems": 0,
        "period": "2024-03-31",
        "pretaxIncome": 1546.3,
        "provisionforIncomeTaxes": 361.4,
        "researchDevelopment": 9.3,
        "revenue": 5253.8,
        "sgaExpense": 940.9,
        "totalOperatingExpense": 950.2,
        "totalOtherIncomeExpenseNet": 8.4
      },
      {
        "costOfGoodsSold": 2553,
        "dilutedAverageSharesOutstanding": 412.5,
        "dilutedEPS": 2.13,
        "ebit": 1183.9,
        "gainLossOnDispositionOfAssets": 1.4,
        "grossIncome": 2115,
        "interestExpense": 104.9,
        "interestIncomeExpense": -50,
        "netIncome": 878.4,
        "netIncomeAfterTaxes": 878.4,
        "period": "2023-12-31",
        "pretaxIncome": 1143.8,
        "provisionforIncomeTaxes": 265.4,
        "researchDevelopment": 8.6,
        "revenue": 4668,
        "sgaExpense": 922.5,
        "totalOperatingExpense": 931.1,
        "totalOtherIncomeExpenseNet": 8.5
      },
      {
        "costOfGoodsSold": 2506.8,
        "dilutedAverageSharesOutstanding": 413.6,
        "dilutedEPS": 2.08,
        "ebit": 1116.7,
        "gainLossOnDispositionOfAssets": 14.6,
        "grossIncome": 2005.6,
        "interestExpense": 91.6,
        "interestIncomeExpense": -47,
        "netIncome": 859.4,
        "netIncomeAfterTaxes": 859.4,
        "nonRecurringItems": 0,
        "period": "2023-09-30",
        "pretaxIncome": 1092.8,
        "provisionforIncomeTaxes": 233.4,
        "researchDevelopment": 8.6,
        "revenue": 4512.4,
        "sgaExpense": 880.3,
        "totalOperatingExpense": 888.9,
        "totalOtherIncomeExpenseNet": 8.5
      },
      {
        "costOfGoodsSold": 2477.7,
        "dilutedAverageSharesOutstanding": 414.2,
        "dilutedEPS": 1.88,
        "ebit": 1035.3,
        "gainLossOnDispositionOfAssets": 0,
        "grossIncome": 2000.1,
        "interestExpense": 106.9,
        "interestIncomeExpense": -41,
        "netIncome": 776.7,
        "netIncomeAfterTaxes": 776.7,
        "nonRecurringItems": -1.8,
        "period": "2023-06-30",
        "pretaxIncome": 1005.6,
        "provisionforIncomeTaxes": 228.9,
        "researchDevelopment": 7.6,
        "revenue": 4477.8,
        "sgaExpense": 957.2,
        "totalOperatingExpense": 964.8,
        "totalOtherIncomeExpenseNet": 13.1
      },
      {
        "costOfGoodsSold": 2615.6,
        "dilutedAverageSharesOutstanding": 415.5,
        "dilutedEPS": 2.51,
        "ebit": 1366,
        "gainLossOnDispositionOfAssets": 0,
        "grossIncome": 2312.2,
        "interestExpense": 38.3,
        "interestIncomeExpense": -15.1,
        "netIncome": 1043.1,
        "netIncomeAfterTaxes": 1043.1,
        "nonRecurringItems": 0,
        "period": "2023-03-31",
        "pretaxIncome": 1364,
        "provisionforIncomeTaxes": 320.9,
        "researchDevelopment": 8.2,
        "revenue": 4927.8,
        "sgaExpense": 938,
        "totalOperatingExpense": 946.2,
        "totalOtherIncomeExpenseNet": 13.1
      },
      {
        "costOfGoodsSold": 2443.2,
        "dilutedAverageSharesOutstanding": 416.2,
        "dilutedEPS": 1.95,
        "ebit": 1084.6,
        "gainLossOnDispositionOfAssets": 0,
        "grossIncome": 1947.8,
        "interestExpense": 57,
        "interestIncomeExpense": -39.6,
        "netIncome": 813.1,
        "netIncomeAfterTaxes": 813.1,
        "nonRecurringItems": 0,
        "period": "2022-12-31",
        "pretaxIncome": 1058.1,
        "provisionforIncomeTaxes": 245,
        "researchDevelopment": 7.5,
        "revenue": 4391,
        "sgaExpense": 855.7,
        "totalOperatingExpense": 863.2,
        "totalOtherIncomeExpenseNet": 13.1
      },
      {
        "costOfGoodsSold": 2386.1,
        "dilutedAverageSharesOutstanding": 416.9,
        "dilutedEPS": 1.87,
        "ebit": 1021.7,
        "gainLossOnDispositionOfAssets": 0,
        "grossIncome": 1829.5,
        "interestExpense": 51.2,
        "interestIncomeExpense": -23,
        "netIncome": 779,
        "netIncomeAfterTaxes": 779,
        "nonRecurringItems": -0.3,
        "period": "2022-09-30",
        "pretaxIncome": 1010,
        "provisionforIncomeTaxes": 231,
        "researchDevelopment": 7.5,
        "revenue": 4215.6,
        "sgaExpense": 800.3,
        "totalOperatingExpense": 807.8,
        "totalOtherIncomeExpenseNet": 11.6
      },
      {
        "costOfGoodsSold": 2379.7,
        "dilutedAverageSharesOutstanding": 418.4,
        "dilutedEPS": 1.49,
        "ebit": 827.6,
        "gainLossOnDispositionOfAssets": 0,
        "grossIncome": 1748,
        "interestExpense": 26.6,
        "interestIncomeExpense": -14,
        "netIncome": 625.5,
        "netIncomeAfterTaxes": 625.5,
        "nonRecurringItems": -18.7,
        "period": "2022-06-30",
        "pretaxIncome": 803.4,
        "provisionforIncomeTaxes": 177.9,
        "researchDevelopment": 6.2,
        "revenue": 4127.7,
        "sgaExpense": 914.2,
        "totalOperatingExpense": 920.4,
        "totalOtherIncomeExpenseNet": 8.5
      },
      {
        "costOfGoodsSold": 2506,
        "dilutedAverageSharesOutstanding": 420.2,
        "dilutedEPS": 2.21,
        "ebit": 1183.3,
        "gainLossOnDispositionOfAssets": 6.2,
        "grossIncome": 2007,
        "interestExpense": 18.4,
        "interestIncomeExpense": -13.1,
        "netIncome": 928.5,
        "netIncomeAfterTaxes": 928.5,
        "nonRecurringItems": -4.3,
        "period": "2022-03-31",
        "pretaxIncome": 1189.9,
        "provisionforIncomeTaxes": 261.4,
        "researchDevelopment": 6.2,
        "revenue": 4513,
        "sgaExpense": 817.5,
        "totalOperatingExpense": 823.7,
        "totalOtherIncomeExpenseNet": 17.8
      },
      {
        "costOfGoodsSold": 2333.5,
        "dilutedAverageSharesOutstanding": 422,
        "dilutedEPS": 1.65,
        "ebit": 901.9,
        "gainLossOnDispositionOfAssets": 0,
        "grossIncome": 1691.9,
        "interestExpense": 18.4,
        "interestIncomeExpense": -9.5,
        "netIncome": 694.4,
        "netIncomeAfterTaxes": 694.4,
        "period": "2021-12-31",
        "pretaxIncome": 910.1,
        "provisionforIncomeTaxes": 215.7,
        "researchDevelopment": 7.7,
        "revenue": 4025.4,
        "sgaExpense": 782.3,
        "totalOperatingExpense": 790,
        "totalOtherIncomeExpenseNet": 17.7
      },
      {
        "costOfGoodsSold": 2216.4,
        "dilutedAverageSharesOutstanding": 423.8,
        "dilutedEPS": 1.65,
        "ebit": 890.5,
        "gainLossOnDispositionOfAssets": 1.3,
        "grossIncome": 1615.9,
        "interestExpense": 18.5,
        "interestIncomeExpense": -8.7,
        "netIncome": 700.5,
        "netIncomeAfterTaxes": 700.5,
        "nonRecurringItems": 0,
        "period": "2021-09-30",
        "pretaxIncome": 900.8,
        "provisionforIncomeTaxes": 200.3,
        "researchDevelopment": 6.2,
        "revenue": 3832.3,
        "sgaExpense": 719.2,
        "totalOperatingExpense": 725.4,
        "totalOtherIncomeExpenseNet": 17.7
      },
      {
        "costOfGoodsSold": 2199.5,
        "dilutedAverageSharesOutstanding": 425.7,
        "dilutedEPS": 1.26,
        "ebit": 690.8,
        "gainLossOnDispositionOfAssets": 4.7,
        "grossIncome": 1537.5,
        "interestExpense": 17.3,
        "interestIncomeExpense": -4.3,
        "netIncome": 538.2,
        "netIncomeAfterTaxes": 538.2,
        "nonRecurringItems": -12.3,
        "period": "2021-06-30",
        "pretaxIncome": 697.1,
        "provisionforIncomeTaxes": 158.9,
        "researchDevelopment": 6,
        "revenue": 3737,
        "sgaExpense": 840.7,
        "totalOperatingExpense": 846.7,
        "totalOtherIncomeExpenseNet": 18.2
      },
      {
        "costOfGoodsSold": 2272.2,
        "dilutedAverageSharesOutstanding": 427.7,
        "dilutedEPS": 1.9,
        "ebit": 1060.9,
        "gainLossOnDispositionOfAssets": 1.6,
        "grossIncome": 1829.8,
        "interestExpense": 13.5,
        "interestIncomeExpense": -9.2,
        "netIncome": 810.7,
        "netIncomeAfterTaxes": 810.7,
        "nonRecurringItems": -2.6,
        "period": "2021-03-31",
        "pretaxIncome": 1066.2,
        "provisionforIncomeTaxes": 255.5,
        "researchDevelopment": 5.9,
        "revenue": 4102,
        "sgaExpense": 763,
        "totalOperatingExpense": 768.9,
        "totalOtherIncomeExpenseNet": 15.5
      },
      {
        "costOfGoodsSold": 2115.7,
        "dilutedAverageSharesOutstanding": 429,
        "dilutedEPS": 1.51,
        "ebit": 817.5,
        "gainLossOnDispositionOfAssets": 1.6,
        "grossIncome": 1580,
        "interestExpense": 13.9,
        "interestIncomeExpense": 4.2,
        "netIncome": 647.5,
        "netIncomeAfterTaxes": 647.5,
        "nonRecurringItems": -2.2,
        "period": "2020-12-31",
        "pretaxIncome": 832.6,
        "provisionforIncomeTaxes": 185.1,
        "researchDevelopment": 6.7,
        "revenue": 3695.7,
        "sgaExpense": 755.8,
        "totalOperatingExpense": 762.5,
        "totalOtherIncomeExpenseNet": 11.5
      },
      {
        "costOfGoodsSold": 2029.4,
        "dilutedAverageSharesOutstanding": 430,
        "dilutedEPS": 1.4,
        "ebit": 755.4,
        "gainLossOnDispositionOfAssets": 0.2,
        "grossIncome": 1441.3,
        "interestExpense": 15.1,
        "interestIncomeExpense": -1,
        "netIncome": 602.1,
        "netIncomeAfterTaxes": 602.1,
        "nonRecurringItems": -2.8,
        "period": "2020-09-30",
        "pretaxIncome": 765.2,
        "provisionforIncomeTaxes": 163.1,
        "researchDevelopment": 4.9,
        "revenue": 3470.7,
        "sgaExpense": 681,
        "totalOperatingExpense": 685.9,
        "totalOtherIncomeExpenseNet": 13.4
      },
      {
        "costOfGoodsSold": 2063,
        "dilutedAverageSharesOutstanding": 430.3,
        "dilutedEPS": 0.94,
        "ebit": 544.1,
        "gainLossOnDispositionOfAssets": 3.9,
        "grossIncome": 1313.8,
        "interestExpense": 15.6,
        "interestIncomeExpense": -0.2,
        "netIncome": 411.6,
        "netIncomeAfterTaxes": 405.3,
        "nonRecurringItems": -29.9,
        "period": "2020-06-30",
        "pretaxIncome": 531.3,
        "provisionforIncomeTaxes": 126,
        "researchDevelopment": 4.1,
        "revenue": 3376.8,
        "sgaExpense": 765.6,
        "totalOperatingExpense": 769.7,
        "totalOtherIncomeExpenseNet": 13.4
      },
      {
        "costOfGoodsSold": 2234.8,
        "dilutedAverageSharesOutstanding": 431.8,
        "dilutedEPS": 1.9,
        "ebit": 1028.3,
        "gainLossOnDispositionOfAssets": 0,
        "grossIncome": 1813,
        "interestExpense": 20,
        "interestIncomeExpense": -5.4,
        "netIncome": 820.9,
        "netIncomeAfterTaxes": 820.9,
        "nonRecurringItems": 23.8,
        "period": "2020-03-31",
        "pretaxIncome": 1076.7,
        "provisionforIncomeTaxes": 255.8,
        "researchDevelopment": 4.3,
        "revenue": 4047.8,
        "sgaExpense": 780.4,
        "totalOperatingExpense": 784.7,
        "totalOtherIncomeExpenseNet": 30
      },
      {
        "costOfGoodsSold": 2089.3,
        "dilutedAverageSharesOutstanding": 433.3,
        "dilutedEPS": 1.5,
        "ebit": 833.8,
        "gainLossOnDispositionOfAssets": 0,
        "grossIncome": 1580.2,
        "interestExpense": 31.6,
        "interestIncomeExpense": 1.4,
        "netIncome": 651.6,
        "netIncomeAfterTaxes": 651.6,
        "nonRecurringItems": -12.7,
        "period": "2019-12-31",
        "pretaxIncome": 835.5,
        "provisionforIncomeTaxes": 183.9,
        "researchDevelopment": 4.8,
        "revenue": 3669.5,
        "sgaExpense": 741.6,
        "totalOperatingExpense": 746.4,
        "totalOtherIncomeExpenseNet": 13
      },
      {
        "costOfGoodsSold": 2040,
        "dilutedAverageSharesOutstanding": 435.4,
        "dilutedEPS": 1.34,
        "ebit": 735.4,
        "gainLossOnDispositionOfAssets": 1.9,
        "grossIncome": 1455.7,
        "interestExpense": 39.9,
        "interestIncomeExpense": -5.3,
        "netIncome": 582.4,
        "netIncomeAfterTaxes": 582.4,
        "nonRecurringItems": -11,
        "period": "2019-09-30",
        "pretaxIncome": 739.1,
        "provisionforIncomeTaxes": 156.7,
        "researchDevelopment": 4.8,
        "revenue": 3495.7,
        "sgaExpense": 715.5,
        "totalOperatingExpense": 720.3,
        "totalOtherIncomeExpenseNet": 18.1
      },
      {
        "costOfGoodsSold": 1996.6,
        "dilutedAverageSharesOutstanding": 436.1,
        "dilutedEPS": 1.09,
        "ebit": 626,
        "gainLossOnDispositionOfAssets": 0,
        "grossIncome": 1482.7,
        "interestExpense": 33.7,
        "interestIncomeExpense": 5.9,
        "netIncome": 475.4,
        "netIncomeAfterTaxes": 475.4,
        "nonRecurringItems": 0,
        "otherOperatingExpensesTotal": -2.6,
        "period": "2019-06-30",
        "pretaxIncome": 633.3,
        "provisionforIncomeTaxes": 157.9,
        "researchDevelopment": 4.5,
        "revenue": 3479.3,
        "sgaExpense": 854.8,
        "totalOperatingExpense": 856.7,
        "totalOtherIncomeExpenseNet": 1.4
      },
      {
        "costOfGoodsSold": 2087.6,
        "dilutedAverageSharesOutstanding": 436.6,
        "dilutedEPS": 1.73,
        "ebit": 985.2,
        "gainLossOnDispositionOfAssets": 0,
        "grossIncome": 1740.6,
        "interestExpense": 21.7,
        "interestIncomeExpense": -6.6,
        "netIncome": 753.7,
        "netIncomeAfterTaxes": 753.7,
        "nonRecurringItems": 0,
        "period": "2019-03-31",
        "pretaxIncome": 984.5,
        "provisionforIncomeTaxes": 230.8,
        "researchDevelopment": 5,
        "revenue": 3828.2,
        "sgaExpense": 750.4,
        "totalOperatingExpense": 755.4,
        "totalOtherIncomeExpenseNet": 5.9
      },
      {
        "costOfGoodsSold": 1995.4,
        "dilutedAverageSharesOutstanding": 438,
        "dilutedEPS": 1.27,
        "ebit": 747,
        "gainLossOnDispositionOfAssets": 4.1,
        "grossIncome": 1497,
        "interestExpense": 38.6,
        "interestIncomeExpense": -11,
        "netIncome": 558.2,
        "netIncomeAfterTaxes": 557.6,
        "nonRecurringItems": 0,
        "period": "2018-12-31",
        "pretaxIncome": 741,
        "provisionforIncomeTaxes": 183.4,
        "researchDevelopment": 4.8,
        "revenue": 3492.4,
        "sgaExpense": 745.2,
        "totalOperatingExpense": 750,
        "totalOtherIncomeExpenseNet": 0.9
      },
      {
        "costOfGoodsSold": 1922.6,
        "dilutedAverageSharesOutstanding": 439.9,
        "dilutedEPS": 1.15,
        "ebit": 668.8,
        "gainLossOnDispositionOfAssets": 0,
        "grossIncome": 1387.7,
        "interestExpense": 35.9,
        "interestIncomeExpense": -8.3,
        "netIncome": 505.4,
        "netIncomeAfterTaxes": 506.5,
        "nonRecurringItems": -12.1,
        "period": "2018-09-30",
        "pretaxIncome": 646.8,
        "provisionforIncomeTaxes": 140.3,
        "researchDevelopment": 5,
        "revenue": 3310.3,
        "sgaExpense": 713.9,
        "totalOperatingExpense": 718.9,
        "totalOtherIncomeExpenseNet": -1.6
      },
      {
        "costOfGoodsSold": 1881.1,
        "dilutedAverageSharesOutstanding": 440.9,
        "dilutedEPS": 0.31,
        "ebit": 563.5,
        "gainLossOnDispositionOfAssets": 0.3,
        "grossIncome": 1381.6,
        "interestExpense": 28.6,
        "interestIncomeExpense": -5.7,
        "netIncome": 140.9,
        "netIncomeAfterTaxes": 96,
        "nonRecurringItems": 0,
        "period": "2018-06-30",
        "pretaxIncome": 254.9,
        "provisionforIncomeTaxes": 158.9,
        "researchDevelopment": 7.7,
        "revenue": 3262.7,
        "sgaExpense": 810.4,
        "totalOperatingExpense": 818.1,
        "totalOtherIncomeExpenseNet": -303.2
      },
      {
        "costOfGoodsSold": 2074.2,
        "dilutedAverageSharesOutstanding": 443.4,
        "dilutedEPS": 1.48,
        "ebit": 879.7,
        "gainLossOnDispositionOfAssets": 0,
        "grossIncome": 1621.8,
        "interestExpense": 18.6,
        "interestIncomeExpense": -7.9,
        "netIncome": 661,
        "netIncomeAfterTaxes": 656.5,
        "nonRecurringItems": -13.1,
        "period": "2018-03-31",
        "pretaxIncome": 875.2,
        "provisionforIncomeTaxes": 218.7,
        "researchDevelopment": 5.1,
        "revenue": 3696,
        "sgaExpense": 737,
        "totalOperatingExpense": 742.1,
        "totalOtherIncomeExpenseNet": 16.5
      },
      {
        "costOfGoodsSold": 1932.1,
        "dilutedAverageSharesOutstanding": 443.7,
        "dilutedEPS": 1.51,
        "ebit": 580.1,
        "gainLossOnDispositionOfAssets": 0,
        "grossIncome": 1306.2,
        "interestExpense": 27.5,
        "interestIncomeExpense": -5.8,
        "netIncome": 670.4,
        "netIncomeAfterTaxes": 903,
        "nonRecurringItems": -3.3,
        "period": "2017-12-31",
        "pretaxIncome": 587.5,
        "provisionforIncomeTaxes": -315.5,
        "researchDevelopment": 5.8,
        "revenue": 3238.3,
        "sgaExpense": 720.3,
        "totalOperatingExpense": 726.1,
        "totalOtherIncomeExpenseNet": 16.5
      },
      {
        "costOfGoodsSold": 1846.3,
        "dilutedAverageSharesOutstanding": 445,
        "dilutedEPS": 0.93,
        "ebit": 547,
        "gainLossOnDispositionOfAssets": 0.4,
        "grossIncome": 1230.9,
        "interestExpense": 28,
        "interestIncomeExpense": -2.2,
        "netIncome": 412.6,
        "netIncomeAfterTaxes": 412.6,
        "nonRecurringItems": 3.3,
        "period": "2017-09-30",
        "pretaxIncome": 564.9,
        "provisionforIncomeTaxes": 152.3,
        "researchDevelopment": 5.2,
        "revenue": 3077.2,
        "sgaExpense": 678.7,
        "totalOperatingExpense": 683.9,
        "totalOtherIncomeExpenseNet": 16.4
      },
      {
        "costOfGoodsSold": 1843,
        "dilutedAverageSharesOutstanding": 447.302,
        "dilutedEPS": 0.59,
        "ebit": 387.9,
        "gainLossOnDispositionOfAssets": 0,
        "grossIncome": 1221.9,
        "interestExpense": 22.8,
        "interestIncomeExpense": 0.5,
        "netIncome": 265.8,
        "netIncomeAfterTaxes": 265.8,
        "nonRecurringItems": 0,
        "period": "2017-06-30",
        "pretaxIncome": 388.4,
        "provisionforIncomeTaxes": 122.6,
        "researchDevelopment": 4.4,
        "revenue": 3064.9,
        "sgaExpense": 829.6,
        "totalOperatingExpense": 834
      },
      {
        "costOfGoodsSold": 1906.4,
        "dilutedAverageSharesOutstanding": 449.2,
        "dilutedEPS": 1.31,
        "ebit": 834.8,
        "gainLossOnDispositionOfAssets": 0,
        "grossIncome": 1504.4,
        "interestExpense": 16.8,
        "interestIncomeExpense": -6.9,
        "netIncome": 587.9,
        "netIncomeAfterTaxes": 587.9,
        "nonRecurringItems": 0,
        "period": "2017-03-31",
        "pretaxIncome": 827.9,
        "provisionforIncomeTaxes": 240,
        "researchDevelopment": 4.6,
        "revenue": 3410.8,
        "sgaExpense": 665,
        "totalOperatingExpense": 669.6
      },
      {
        "costOfGoodsSold": 1762.6,
        "dilutedAverageSharesOutstanding": 450.3,
        "dilutedEPS": 1.13,
        "ebit": 578.7,
        "gainLossOnDispositionOfAssets": 0,
        "grossIncome": 1224.7,
        "interestExpense": 20.5,
        "interestIncomeExpense": 207.5,
        "netIncome": 510.9,
        "netIncomeAfterTaxes": 510.9,
        "period": "2016-12-31",
        "pretaxIncome": 786.2,
        "provisionforIncomeTaxes": 275.3,
        "researchDevelopment": 5.2,
        "revenue": 2987.3,
        "sgaExpense": 640.8,
        "totalOperatingExpense": 646
      },
      {
        "costOfGoodsSold": 1739.6,
        "dilutedAverageSharesOutstanding": 455.3,
        "dilutedEPS": 0.81,
        "ebit": 525.6,
        "grossIncome": 1177.3,
        "interestExpense": 19.9,
        "interestIncomeExpense": 3.1,
        "netIncome": 368.7,
        "netIncomeAfterTaxes": 368.7,
        "nonRecurringItems": 0,
        "period": "2016-09-30",
        "pretaxIncome": 528.7,
        "provisionforIncomeTaxes": 160,
        "researchDevelopment": 4,
        "revenue": 2916.9,
        "sgaExpense": 647.7,
        "totalOperatingExpense": 651.7
      },
      {
        "costOfGoodsSold": 1694.2,
        "dilutedAverageSharesOutstanding": 454.6,
        "dilutedEPS": 0.62,
        "ebit": 429.4,
        "gainLossOnDispositionOfAssets": 0,
        "grossIncome": 1204.1,
        "interestExpense": 18.1,
        "interestIncomeExpense": -2.4,
        "netIncome": 282,
        "netIncomeAfterTaxes": 282,
        "nonRecurringItems": 0,
        "period": "2016-06-30",
        "pretaxIncome": 427,
        "provisionforIncomeTaxes": 145,
        "researchDevelopment": 4.4,
        "revenue": 2898.3,
        "sgaExpense": 770.3,
        "totalOperatingExpense": 774.7
      },
      {
        "costOfGoodsSold": 1808.9,
        "dilutedAverageSharesOutstanding": 456.9,
        "dilutedEPS": 1.17,
        "ebit": 801.5,
        "gainLossOnDispositionOfAssets": 0,
        "grossIncome": 1439.7,
        "interestExpense": 16.3,
        "interestIncomeExpense": -6.7,
        "netIncome": 532.5,
        "netIncomeAfterTaxes": 532.5,
        "nonRecurringItems": 0,
        "period": "2016-03-31",
        "pretaxIncome": 794.8,
        "provisionforIncomeTaxes": 262.3,
        "researchDevelopment": 3.8,
        "revenue": 3248.6,
        "sgaExpense": 634.4,
        "totalOperatingExpense": 638.2
      },
      {
        "costOfGoodsSold": 1678,
        "dilutedAverageSharesOutstanding": 460.3,
        "dilutedEPS": 0.74,
        "ebit": 497.3,
        "gainLossOnDispositionOfAssets": 13.9,
        "grossIncome": 1129,
        "interestExpense": 16.8,
        "interestIncomeExpense": -3.3,
        "netIncome": 341.4,
        "netIncomeAfterTaxes": 341.4,
        "nonRecurringItems": 0,
        "period": "2015-12-31",
        "pretaxIncome": 507.9,
        "provisionforIncomeTaxes": 166.5,
        "researchDevelopment": 4.5,
        "revenue": 2807,
        "sgaExpense": 627.2,
        "totalOperatingExpense": 631.7
      },
      {
        "costOfGoodsSold": 1642,
        "dilutedAverageSharesOutstanding": 465.7,
        "dilutedEPS": 0.72,
        "ebit": 462.2,
        "grossIncome": 1072,
        "interestExpense": 4.9,
        "interestIncomeExpense": 13.7,
        "netIncome": 336.6,
        "netIncomeAfterTaxes": 337.5,
        "nonRecurringItems": 29.1,
        "period": "2015-09-30",
        "pretaxIncome": 505,
        "provisionforIncomeTaxes": 167.5,
        "researchDevelopment": 4.5,
        "revenue": 2714,
        "sgaExpense": 605.3,
        "totalOperatingExpense": 609.8
      }
    ],
    "symbol": "ADP"
  }
}