{
  "symbol": "F",
  "statement": "ic",
  "frequency": "annual",
  "timestamp": "2025-09-19T14:00:36.157088",
  "data": {
    "financials": [
      {
        "costOfGoodsSold": 169486,
        "dilutedAverageSharesOutstanding": 4021,
        "dilutedEPS": 1.46,
        "ebit": 5219,
        "grossIncome": 15506,
        "interestExpense": 1115,
        "interestIncomeExpense": 1118,
        "minorityInterest": -15,
        "netIncome": 5879,
        "netIncomeAfterTaxes": 5894,
        "period": "2024-12-31",
        "pretaxIncome": 7233,
        "provisionforIncomeTaxes": 1339,
        "revenue": 184992,
        "sgaExpense": 10287,
        "totalOperatingExpense": 10287,
        "totalOtherIncomeExpenseNet": 896,
        "year": 2024
      },
      {
        "costOfGoodsSold": 160031,
        "dilutedAverageSharesOutstanding": 4041,
        "dilutedEPS": 1.08,
        "ebit": 5458,
        "grossIncome": 16160,
        "interestExpense": 1302,
        "interestIncomeExpense": 467,
        "minorityInterest": 18,
        "netIncome": 4347,
        "netIncomeAfterTaxes": 4329,
        "nonRecurringItems": 0,
        "period": "2023-12-31",
        "pretaxIncome": 3967,
        "provisionforIncomeTaxes": -362,
        "revenue": 176191,
        "sgaExpense": 10702,
        "totalOperatingExpense": 10702,
        "totalOtherIncomeExpenseNet": -1958,
        "year": 2023
      },
      {
        "costOfGoodsSold": 140861,
        "dilutedAverageSharesOutstanding": 4014,
        "dilutedEPS": -0.49,
        "ebit": 6308,
        "grossIncome": 17196,
        "interestExpense": 1259,
        "interestIncomeExpense": -11191,
        "minorityInterest": 171,
        "netIncome": -1981,
        "netIncomeAfterTaxes": -2152,
        "nonRecurringItems": -153,
        "period": "2022-12-31",
        "pretaxIncome": -3016,
        "provisionforIncomeTaxes": -864,
        "revenue": 158057,
        "sgaExpense": 10888,
        "totalOperatingExpense": 10888,
        "totalOtherIncomeExpenseNet": 2020,
        "year": 2022
      },
      {
        "costOfGoodsSold": 119903,
        "dilutedAverageSharesOutstanding": 4034,
        "dilutedEPS": 4.45,
        "ebit": 4523,
        "grossIncome": 16438,
        "interestExpense": 1803,
        "interestIncomeExpense": 8312,
        "minorityInterest": 27,
        "netIncome": 17937,
        "netIncomeAfterTaxes": 17910,
        "nonRecurringItems": -1702,
        "period": "2021-12-31",
        "pretaxIncome": 17780,
        "provisionforIncomeTaxes": -130,
        "revenue": 136341,
        "sgaExpense": 11915,
        "totalOperatingExpense": 11915,
        "totalOtherIncomeExpenseNet": 6647,
        "year": 2021
      },
      {
        "costOfGoodsSold": 121336,
        "dilutedAverageSharesOutstanding": 3973,
        "dilutedEPS": -0.32,
        "ebit": -4385,
        "grossIncome": 5808,
        "interestExpense": 1649,
        "interestIncomeExpense": 2614,
        "minorityInterest": -3,
        "netIncome": -1279,
        "netIncomeAfterTaxes": -1276,
        "nonRecurringItems": -24,
        "period": "2020-12-31",
        "pretaxIncome": -1116,
        "provisionforIncomeTaxes": 160,
        "revenue": 127144,
        "sgaExpense": 10193,
        "totalOperatingExpense": 10193,
        "totalOtherIncomeExpenseNet": 679,
        "year": 2020
      },
      {
        "costOfGoodsSold": 143405,
        "dilutedAverageSharesOutstanding": 4004,
        "dilutedEPS": 0.01,
        "ebit": 1334,
        "grossIncome": 12495,
        "interestExpense": 1020,
        "interestIncomeExpense": 52,
        "minorityInterest": -37,
        "netIncome": 47,
        "netIncomeAfterTaxes": 179,
        "nonRecurringItems": -859,
        "period": "2019-12-31",
        "pretaxIncome": -640,
        "provisionforIncomeTaxes": -819,
        "revenue": 155900,
        "sgaExpense": 11161,
        "totalOperatingExpense": 11161,
        "totalOtherIncomeExpenseNet": -1167,
        "year": 2019
      },
      {
        "costOfGoodsSold": 145730,
        "dilutedAverageSharesOutstanding": 3998,
        "dilutedEPS": 0.91,
        "ebit": 3205,
        "grossIncome": 14608,
        "interestExpense": 1228,
        "interestIncomeExpense": -250,
        "minorityInterest": -18,
        "netIncome": 3677,
        "netIncomeAfterTaxes": 3572,
        "period": "2018-12-31",
        "pretaxIncome": 4345,
        "provisionforIncomeTaxes": 773,
        "revenue": 160338,
        "sgaExpense": 11403,
        "totalOperatingExpense": 11403,
        "totalOtherIncomeExpenseNet": 1390,
        "year": 2018
      },
      {
        "costOfGoodsSold": 140367,
        "dilutedAverageSharesOutstanding": 3998,
        "dilutedEPS": 1.93,
        "ebit": 4882,
        "grossIncome": 16409,
        "interestExpense": 1190,
        "interestIncomeExpense": 462,
        "minorityInterest": -26,
        "netIncome": 7731,
        "netIncomeAfterTaxes": 7237,
        "period": "2017-12-31",
        "pretaxIncome": 8159,
        "provisionforIncomeTaxes": 922,
        "revenue": 156776,
        "sgaExpense": 11527,
        "totalOperatingExpense": 11527,
        "totalOtherIncomeExpenseNet": 2815,
        "year": 2017
      },
      {
        "costOfGoodsSold": 135042,
        "dilutedAverageSharesOutstanding": 3999,
        "dilutedEPS": 1.15,
        "ebit": 5786,
        "grossIncome": 16758,
        "interestExpense": 951,
        "interestIncomeExpense": 1264,
        "minorityInterest": -11,
        "netIncome": 4589,
        "netIncomeAfterTaxes": 4600,
        "period": "2016-12-31",
        "pretaxIncome": 6784,
        "provisionforIncomeTaxes": 2184,
        "revenue": 151800,
        "sgaExpense": 10972,
        "totalOperatingExpense": 10972,
        "totalOtherIncomeExpenseNet": -266,
        "year": 2016
      },
      {
        "costOfGoodsSold": 126900,
        "dilutedAverageSharesOutstanding": 4002,
        "dilutedEPS": 1.84,
        "ebit": 6981,
        "grossIncome": 22658,
        "interestExpense": 773,
        "interestIncomeExpense": 1445,
        "minorityInterest": 2,
        "netIncome": 7373,
        "netIncomeAfterTaxes": 7371,
        "nonRecurringItems": 1,
        "otherOperatingExpensesTotal": 4914,
        "period": "2015-12-31",
        "pretaxIncome": 10252,
        "provisionforIncomeTaxes": 2881,
        "revenue": 149558,
        "sgaExpense": 10763,
        "totalOperatingExpense": 15677,
        "totalOtherIncomeExpenseNet": 1825,
        "year": 2015
      }
    ],
    "symbol": "F"
  }
}