{
  "symbol": "VICI",
  "statement": "ic",
  "frequency": "quarterly",
  "timestamp": "2025-09-19T14:08:22.649335",
  "data": {
    "financials": [
      {
        "costOfGoodsSold": 6.619,
        "depreciationAmortization": 0.741,
        "dilutedAverageSharesOutstanding": 1057.2706,
        "dilutedEPS": 0.8182,
        "ebit": 1101.878,
        "grossIncome": 994.715,
        "interestExpense": 213.797,
        "interestIncomeExpense": -210.512,
        "minorityInterest": -13.289,
        "netIncome": 865.079,
        "netIncomeAfterTaxes": 878.368,
        "nonRecurringItems": -7.434,
        "otherOperatingExpensesTotal": -122.465,
        "period": "2025-06-30",
        "pretaxIncome": 883.932,
        "provisionforIncomeTaxes": 5.564,
        "revenue": 1001.334,
        "sgaExpense": 14.561,
        "totalOperatingExpense": -107.163
      },
      {
        "costOfGoodsSold": 6.352,
        "depreciationAmortization": 0.996,
        "dilutedAverageSharesOutstanding": 1056.4328,
        "dilutedEPS": 0.5146,
        "ebit": 755.526,
        "grossIncome": 977.852,
        "interestExpense": 209.251,
        "interestIncomeExpense": -205.672,
        "minorityInterest": -8.658,
        "netIncome": 543.607,
        "netIncomeAfterTaxes": 552.265,
        "nonRecurringItems": -0.045,
        "otherOperatingExpensesTotal": 206.47,
        "period": "2025-03-31",
        "pretaxIncome": 549.809,
        "provisionforIncomeTaxes": -2.456,
        "revenue": 984.204,
        "sgaExpense": 14.86,
        "totalOperatingExpense": 222.326
      },
      {
        "costOfGoodsSold": 6.747,
        "depreciationAmortization": 0.992,
        "dilutedAverageSharesOutstanding": 1056.008,
        "dilutedEPS": 0.582,
        "ebit": 833.722,
        "grossIncome": 969.305,
        "interestExpense": 208.121,
        "interestIncomeExpense": -204.231,
        "minorityInterest": -9.611,
        "netIncome": 614.594,
        "netIncomeAfterTaxes": 624.205,
        "nonRecurringItems": -2.839,
        "otherOperatingExpensesTotal": 113.9,
        "period": "2024-12-31",
        "pretaxIncome": 626.652,
        "provisionforIncomeTaxes": 2.447,
        "revenue": 976.052,
        "sgaExpense": 20.691,
        "totalOperatingExpense": 135.583
      },
      {
        "costOfGoodsSold": 6.824,
        "depreciationAmortization": 1.008,
        "dilutedAverageSharesOutstanding": 1048.3384,
        "dilutedEPS": 0.6991,
        "ebit": 952.69,
        "grossIncome": 957.845,
        "interestExpense": 207.317,
        "interestIncomeExpense": -204.584,
        "minorityInterest": -11.583,
        "netIncome": 732.898,
        "netIncomeAfterTaxes": 744.481,
        "nonRecurringItems": -1.164,
        "otherOperatingExpensesTotal": -12.311,
        "period": "2024-09-30",
        "pretaxIncome": 746.942,
        "provisionforIncomeTaxes": 2.461,
        "revenue": 964.669,
        "sgaExpense": 16.458,
        "totalOperatingExpense": 5.155
      },
      {
        "costOfGoodsSold": 6.813,
        "depreciationAmortization": 0.992,
        "dilutedAverageSharesOutstanding": 1042.9596,
        "dilutedEPS": 0.7108,
        "ebit": 957.107,
        "grossIncome": 950.19,
        "interestExpense": 205.777,
        "interestIncomeExpense": -200.861,
        "minorityInterest": -11.451,
        "netIncome": 741.302,
        "netIncomeAfterTaxes": 752.753,
        "nonRecurringItems": -0.259,
        "otherOperatingExpensesTotal": -23.677,
        "period": "2024-06-30",
        "pretaxIncome": 755.987,
        "provisionforIncomeTaxes": 3.234,
        "revenue": 957.003,
        "sgaExpense": 15.768,
        "totalOperatingExpense": -6.917
      },
      {
        "costOfGoodsSold": 6.511,
        "depreciationAmortization": 1.133,
        "dilutedAverageSharesOutstanding": 1043.3116,
        "dilutedEPS": 0.5655,
        "ebit": 801.415,
        "grossIncome": 944.97,
        "interestExpense": 204.882,
        "interestIncomeExpense": -199.745,
        "minorityInterest": -9.787,
        "netIncome": 590.016,
        "netIncomeAfterTaxes": 599.803,
        "nonRecurringItems": -0.305,
        "otherOperatingExpensesTotal": 126.23,
        "period": "2024-03-31",
        "pretaxIncome": 601.365,
        "provisionforIncomeTaxes": 1.562,
        "revenue": 951.481,
        "sgaExpense": 16.192,
        "totalOperatingExpense": 143.555
      },
      {
        "costOfGoodsSold": 8.215,
        "depreciationAmortization": 1.586,
        "dilutedAverageSharesOutstanding": 1037.7944,
        "dilutedEPS": 0.7205,
        "ebit": 951.82,
        "grossIncome": 923.65,
        "interestExpense": 205.175,
        "interestIncomeExpense": -197.238,
        "minorityInterest": -11.952,
        "netIncome": 747.769,
        "netIncomeAfterTaxes": 759.721,
        "nonRecurringItems": -4.632,
        "otherOperatingExpensesTotal": -45.012,
        "period": "2023-12-31",
        "pretaxIncome": 749.95,
        "provisionforIncomeTaxes": -9.771,
        "revenue": 931.865,
        "sgaExpense": 15.256,
        "totalOperatingExpense": -28.17
      },
      {
        "costOfGoodsSold": 6.3,
        "depreciationAmortization": 1,
        "dilutedAverageSharesOutstanding": 1013.6,
        "dilutedEPS": 0.55,
        "ebit": 768.4,
        "grossIncome": 898,
        "interestExpense": 204.927,
        "interestIncomeExpense": -198.7,
        "minorityInterest": -9.1,
        "netIncome": 556.3,
        "netIncomeAfterTaxes": 565.5,
        "nonRecurringItems": -3.6,
        "otherOperatingExpensesTotal": 114.2,
        "period": "2023-09-30",
        "pretaxIncome": 566.1,
        "provisionforIncomeTaxes": 0.6,
        "revenue": 904.3,
        "sgaExpense": 14.4,
        "totalOperatingExpense": 129.6
      },
      {
        "costOfGoodsSold": 6.6,
        "depreciationAmortization": 0.9,
        "dilutedAverageSharesOutstanding": 1008,
        "dilutedEPS": 0.69,
        "ebit": 898.6,
        "grossIncome": 891.6,
        "interestExpense": 203.594,
        "interestIncomeExpense": -194.3,
        "minorityInterest": -10.9,
        "netIncome": 690.7,
        "netIncomeAfterTaxes": 701.6,
        "nonRecurringItems": -0.8,
        "otherOperatingExpensesTotal": -22.8,
        "period": "2023-06-30",
        "pretaxIncome": 703.5,
        "provisionforIncomeTaxes": 1.9,
        "revenue": 898.2,
        "sgaExpense": 14.9,
        "totalOperatingExpense": -7.1
      },
      {
        "costOfGoodsSold": 6,
        "depreciationAmortization": 0.8,
        "dilutedAverageSharesOutstanding": 1003.8,
        "dilutedEPS": 0.52,
        "ebit": 726,
        "grossIncome": 871.7,
        "interestExpense": 204.36,
        "interestIncomeExpense": -198.1,
        "minorityInterest": -9.1,
        "netIncome": 518.7,
        "netIncomeAfterTaxes": 527.9,
        "nonRecurringItems": 1,
        "otherOperatingExpensesTotal": 129.8,
        "period": "2023-03-31",
        "pretaxIncome": 528.9,
        "provisionforIncomeTaxes": 1.1,
        "revenue": 877.6,
        "sgaExpense": 15,
        "totalOperatingExpense": 145.6
      },
      {
        "costOfGoodsSold": 6.3,
        "depreciationAmortization": 0.8,
        "dilutedAverageSharesOutstanding": 966.2,
        "dilutedEPS": 0.63,
        "ebit": 761,
        "grossIncome": 763.6,
        "interestExpense": 169.329,
        "interestIncomeExpense": -141.8,
        "minorityInterest": -10.8,
        "netIncome": 604.1,
        "netIncomeAfterTaxes": 614.8,
        "nonRecurringItems": -3.3,
        "otherOperatingExpensesTotal": -13.1,
        "period": "2022-12-31",
        "pretaxIncome": 615.9,
        "provisionforIncomeTaxes": 1,
        "revenue": 769.9,
        "sgaExpense": 15,
        "totalOperatingExpense": 2.7
      },
      {
        "costOfGoodsSold": 5.2,
        "depreciationAmortization": 0.8,
        "dilutedAverageSharesOutstanding": 964.1,
        "dilutedEPS": 0.34,
        "ebit": 482.8,
        "grossIncome": 746.4,
        "interestExpense": 169.354,
        "interestIncomeExpense": -143.6,
        "minorityInterest": -6,
        "netIncome": 330.9,
        "netIncomeAfterTaxes": 336.9,
        "nonRecurringItems": -1.9,
        "otherOperatingExpensesTotal": 250.6,
        "period": "2022-09-30",
        "pretaxIncome": 337.3,
        "provisionforIncomeTaxes": 0.4,
        "revenue": 751.5,
        "sgaExpense": 12.1,
        "totalOperatingExpense": 263.5
      },
      {
        "costOfGoodsSold": 5.9,
        "depreciationAmortization": 0.8,
        "dilutedAverageSharesOutstanding": 896.5,
        "dilutedEPS": -0.06,
        "ebit": 76.8,
        "grossIncome": 656.8,
        "interestExpense": 133.128,
        "interestIncomeExpense": -117.2,
        "minorityInterest": 0.4,
        "netIncome": -57.7,
        "netIncomeAfterTaxes": -58.1,
        "nonRecurringItems": -16.7,
        "otherOperatingExpensesTotal": 567.4,
        "period": "2022-06-30",
        "pretaxIncome": -57.1,
        "provisionforIncomeTaxes": 1,
        "revenue": 662.6,
        "sgaExpense": 11.8,
        "totalOperatingExpense": 579.9
      },
      {
        "costOfGoodsSold": 5.3,
        "depreciationAmortization": 0.8,
        "dilutedAverageSharesOutstanding": 687.9,
        "dilutedEPS": 0.35,
        "ebit": 311.9,
        "grossIncome": 411.3,
        "interestExpense": 68.142,
        "interestIncomeExpense": -68,
        "minorityInterest": -2.3,
        "netIncome": 240.4,
        "netIncomeAfterTaxes": 242.7,
        "nonRecurringItems": -0.8,
        "otherOperatingExpensesTotal": 89.2,
        "period": "2022-03-31",
        "pretaxIncome": 243.1,
        "provisionforIncomeTaxes": 0.4,
        "revenue": 416.6,
        "sgaExpense": 9.5,
        "totalOperatingExpense": 99.4
      },
      {
        "costOfGoodsSold": 5.9,
        "depreciationAmortization": 0.8,
        "dilutedAverageSharesOutstanding": 636.9,
        "dilutedEPS": 0.44,
        "ebit": 355.6,
        "grossIncome": 377.3,
        "interestExpense": 70.437,
        "interestIncomeExpense": -70.4,
        "minorityInterest": -2.3,
        "netIncome": 281.5,
        "netIncomeAfterTaxes": 283.8,
        "nonRecurringItems": -0.7,
        "otherOperatingExpensesTotal": 11.8,
        "period": "2021-12-31",
        "pretaxIncome": 284.6,
        "provisionforIncomeTaxes": 0.8,
        "revenue": 383.2,
        "sgaExpense": 9,
        "totalOperatingExpense": 21.6
      },
      {
        "costOfGoodsSold": 5.1,
        "depreciationAmortization": 0.8,
        "dilutedAverageSharesOutstanding": 571.9,
        "dilutedEPS": 0.28,
        "ebit": 345.4,
        "grossIncome": 370.6,
        "interestExpense": 165.099,
        "interestIncomeExpense": -165.1,
        "minorityInterest": -2.3,
        "netIncome": 161.9,
        "netIncomeAfterTaxes": 164.2,
        "nonRecurringItems": -15.8,
        "otherOperatingExpensesTotal": 16,
        "period": "2021-09-30",
        "pretaxIncome": 164.6,
        "provisionforIncomeTaxes": 0.4,
        "revenue": 375.7,
        "sgaExpense": 8.4,
        "totalOperatingExpense": 25.2
      },
      {
        "costOfGoodsSold": 5.2,
        "depreciationAmortization": 0.8,
        "dilutedAverageSharesOutstanding": 554.4,
        "dilutedEPS": 0.54,
        "ebit": 384.9,
        "grossIncome": 371.2,
        "interestExpense": 79.806,
        "interestIncomeExpense": -79.8,
        "minorityInterest": -2.4,
        "netIncome": 300.7,
        "netIncomeAfterTaxes": 303.1,
        "nonRecurringItems": -0.8,
        "otherOperatingExpensesTotal": -22.1,
        "period": "2021-06-30",
        "pretaxIncome": 304.3,
        "provisionforIncomeTaxes": 1.3,
        "revenue": 376.4,
        "sgaExpense": 7.6,
        "totalOperatingExpense": -13.7
      },
      {
        "costOfGoodsSold": 4.5,
        "depreciationAmortization": 0.8,
        "dilutedAverageSharesOutstanding": 544.8,
        "dilutedEPS": 0.5,
        "ebit": 358.3,
        "grossIncome": 369.8,
        "interestExpense": 77.048,
        "interestIncomeExpense": -77,
        "minorityInterest": -2.3,
        "netIncome": 269.8,
        "netIncomeAfterTaxes": 272.1,
        "nonRecurringItems": -8.7,
        "otherOperatingExpensesTotal": 2.6,
        "period": "2021-03-31",
        "pretaxIncome": 272.6,
        "provisionforIncomeTaxes": 0.5,
        "revenue": 374.3,
        "sgaExpense": 8.1,
        "totalOperatingExpense": 11.5
      },
      {
        "costOfGoodsSold": 4.5,
        "depreciationAmortization": 0.7,
        "dilutedAverageSharesOutstanding": 543.7,
        "dilutedEPS": 0.53,
        "ebit": 369.2,
        "grossIncome": 368.6,
        "interestExpense": 77.42,
        "interestIncomeExpense": -77.4,
        "minorityInterest": -2.4,
        "netIncome": 288,
        "netIncomeAfterTaxes": 290.4,
        "nonRecurringItems": -1,
        "otherOperatingExpensesTotal": -9.5,
        "period": "2020-12-31",
        "pretaxIncome": 290.8,
        "provisionforIncomeTaxes": 0.4,
        "revenue": 373,
        "sgaExpense": 8.1,
        "totalOperatingExpense": -0.7
      },
      {
        "costOfGoodsSold": 4.7,
        "depreciationAmortization": 0.9,
        "dilutedAverageSharesOutstanding": 536.2,
        "dilutedEPS": 0.74,
        "ebit": 141.7,
        "grossIncome": 335,
        "interestExpense": 77.399,
        "interestIncomeExpense": -77.2,
        "minorityInterest": 2.1,
        "netIncome": 398.3,
        "netIncomeAfterTaxes": 396.2,
        "nonRecurringItems": 331.3,
        "otherOperatingExpensesTotal": 184.3,
        "period": "2020-09-30",
        "pretaxIncome": 395.9,
        "provisionforIncomeTaxes": -0.4,
        "revenue": 339.7,
        "sgaExpense": 8,
        "totalOperatingExpense": 193.2
      },
      {
        "costOfGoodsSold": 4.1,
        "depreciationAmortization": 1.2,
        "dilutedAverageSharesOutstanding": 489.2,
        "dilutedEPS": 0.47,
        "ebit": 309.8,
        "grossIncome": 253.8,
        "interestExpense": 77.693,
        "interestIncomeExpense": -76.7,
        "minorityInterest": -2.2,
        "netIncome": 229.4,
        "netIncomeAfterTaxes": 231.6,
        "nonRecurringItems": -1.2,
        "otherOperatingExpensesTotal": -64.7,
        "period": "2020-06-30",
        "pretaxIncome": 232,
        "provisionforIncomeTaxes": 0.3,
        "revenue": 257.9,
        "sgaExpense": 7.5,
        "totalOperatingExpense": -56
      },
      {
        "costOfGoodsSold": 4.4,
        "depreciationAmortization": 0.9,
        "dilutedAverageSharesOutstanding": 465.2,
        "dilutedEPS": -0.05,
        "ebit": 92.6,
        "grossIncome": 250.6,
        "interestExpense": 76.093,
        "interestIncomeExpense": -70.6,
        "minorityInterest": -1.9,
        "netIncome": -24,
        "netIncomeAfterTaxes": -22.1,
        "nonRecurringItems": -43.6,
        "otherOperatingExpensesTotal": 150.2,
        "period": "2020-03-31",
        "pretaxIncome": -21.6,
        "provisionforIncomeTaxes": 0.5,
        "revenue": 255,
        "sgaExpense": 7,
        "totalOperatingExpense": 158
      },
      {
        "costOfGoodsSold": 4.5,
        "depreciationAmortization": 0.9,
        "dilutedAverageSharesOutstanding": 471.5,
        "dilutedEPS": 0.21,
        "ebit": 227,
        "grossIncome": 233,
        "interestExpense": 71.448,
        "interestIncomeExpense": -67.3,
        "minorityInterest": -2.1,
        "netIncome": 98.6,
        "netIncomeAfterTaxes": 100.7,
        "nonRecurringItems": -58.4,
        "period": "2019-12-31",
        "pretaxIncome": 101.3,
        "provisionforIncomeTaxes": 0.6,
        "revenue": 237.5,
        "sgaExpense": 5.1,
        "totalOperatingExpense": 6
      },
      {
        "costOfGoodsSold": 5.4,
        "depreciationAmortization": 1,
        "dilutedAverageSharesOutstanding": 465.8,
        "dilutedEPS": 0.31,
        "ebit": 209.4,
        "grossIncome": 217.1,
        "interestExpense": 68.531,
        "interestIncomeExpense": -61.8,
        "minorityInterest": -2.1,
        "netIncome": 144.4,
        "netIncomeAfterTaxes": 146.5,
        "nonRecurringItems": -1,
        "period": "2019-09-30",
        "pretaxIncome": 146.5,
        "provisionforIncomeTaxes": 0,
        "revenue": 222.5,
        "sgaExpense": 6.7,
        "totalOperatingExpense": 7.7
      },
      {
        "costOfGoodsSold": 4.8,
        "depreciationAmortization": 1,
        "dilutedAverageSharesOutstanding": 412.8,
        "dilutedEPS": 0.37,
        "ebit": 208.4,
        "grossIncome": 215.9,
        "interestExpense": 54.819,
        "interestIncomeExpense": -50.8,
        "minorityInterest": -2.1,
        "netIncome": 152,
        "netIncomeAfterTaxes": 154.1,
        "nonRecurringItems": -2.9,
        "period": "2019-06-30",
        "pretaxIncome": 154.7,
        "provisionforIncomeTaxes": 0.6,
        "revenue": 220.7,
        "sgaExpense": 6.5,
        "totalOperatingExpense": 7.6
      },
      {
        "costOfGoodsSold": 4.1,
        "depreciationAmortization": 0.9,
        "dilutedAverageSharesOutstanding": 406,
        "dilutedEPS": 0.37,
        "ebit": 202.8,
        "grossIncome": 209.9,
        "interestExpense": 53.586,
        "interestIncomeExpense": -48.4,
        "minorityInterest": -2.1,
        "netIncome": 150.8,
        "netIncomeAfterTaxes": 152.9,
        "nonRecurringItems": -0.9,
        "period": "2019-03-31",
        "pretaxIncome": 153.4,
        "provisionforIncomeTaxes": 0.5,
        "revenue": 214,
        "sgaExpense": 6.2,
        "totalOperatingExpense": 7.1
      },
      {
        "costOfGoodsSold": 4.5,
        "depreciationAmortization": 0.9,
        "dilutedAverageSharesOutstanding": 386.1,
        "dilutedEPS": 0.37,
        "ebit": 196.1,
        "grossIncome": 221.5,
        "interestExpense": 54.298,
        "interestIncomeExpense": -50.5,
        "minorityInterest": -2.1,
        "netIncome": 142.5,
        "netIncomeAfterTaxes": 144.6,
        "nonRecurringItems": -0.4,
        "period": "2018-12-31",
        "pretaxIncome": 145.2,
        "provisionforIncomeTaxes": 0.6,
        "revenue": 226,
        "sgaExpense": 24.5,
        "totalOperatingExpense": 25.5
      },
      {
        "costOfGoodsSold": 4.2,
        "depreciationAmortization": 0.9,
        "dilutedAverageSharesOutstanding": 370.1,
        "dilutedEPS": 0.35,
        "ebit": 196.4,
        "grossIncome": 228.5,
        "interestExpense": 54.051,
        "interestIncomeExpense": -52,
        "minorityInterest": -2.1,
        "netIncome": 129.9,
        "netIncomeAfterTaxes": 132,
        "nonRecurringItems": -12.3,
        "period": "2018-09-30",
        "pretaxIncome": 132.1,
        "provisionforIncomeTaxes": 0.1,
        "revenue": 232.7,
        "sgaExpense": 31.1,
        "totalOperatingExpense": 32.1
      },
      {
        "costOfGoodsSold": 4.5,
        "depreciationAmortization": 0.9,
        "dilutedAverageSharesOutstanding": 370,
        "dilutedEPS": 0.38,
        "ebit": 189.4,
        "grossIncome": 216.5,
        "interestExpense": 51.44,
        "interestIncomeExpense": -47.6,
        "minorityInterest": -2.3,
        "netIncome": 139,
        "netIncomeAfterTaxes": 141.4,
        "nonRecurringItems": 0,
        "period": "2018-06-30",
        "pretaxIncome": 141.8,
        "provisionforIncomeTaxes": 0.4,
        "revenue": 221,
        "sgaExpense": 26.1,
        "totalOperatingExpense": 27
      },
      {
        "costOfGoodsSold": 4.1,
        "depreciationAmortization": 0.9,
        "dilutedAverageSharesOutstanding": 343.1,
        "dilutedEPS": 0.33,
        "ebit": 188.7,
        "grossIncome": 214.2,
        "interestExpense": 52.875,
        "interestIncomeExpense": -51.2,
        "minorityInterest": -2,
        "netIncome": 112.1,
        "netIncomeAfterTaxes": 114.1,
        "nonRecurringItems": -23,
        "period": "2018-03-31",
        "pretaxIncome": 114.5,
        "provisionforIncomeTaxes": 0.4,
        "revenue": 218.3,
        "sgaExpense": 24.6,
        "totalOperatingExpense": 25.5
      }
    ],
    "symbol": "VICI"
  }
}