{
  "symbol": "CNP",
  "statement": "ic",
  "frequency": "annual",
  "timestamp": "2025-09-19T13:57:39.887752",
  "data": {
    "financials": [
      {
        "depreciationAmortization": 1439,
        "dilutedAverageSharesOutstanding": 644,
        "dilutedEPS": 1.5823,
        "ebit": 1990,
        "interestExpense": 838,
        "interestIncomeExpense": -832,
        "netIncome": 1019,
        "netIncomeAfterTaxes": 1019,
        "nonRecurringItems": 0,
        "operationsMaintenance": 2949,
        "otherOperatingExpensesTotal": 547,
        "otherRevenue": 8643,
        "period": "2024-12-31",
        "pretaxIncome": 1214,
        "provisionforIncomeTaxes": 195,
        "purchasedFuelPowerGas": 1718,
        "revenue": 8643,
        "totalOperatingExpense": 6653,
        "totalOtherIncomeExpenseNet": 56,
        "year": 2024
      },
      {
        "depreciationAmortization": 1401,
        "dilutedAverageSharesOutstanding": 633,
        "dilutedEPS": 1.3697,
        "ebit": 1760,
        "interestExpense": 690,
        "interestIncomeExpense": -686,
        "netIncome": 867,
        "netIncomeAfterTaxes": 917,
        "nonRecurringItems": -24,
        "operationsMaintenance": 2850,
        "otherOperatingExpensesTotal": 525,
        "otherRevenue": 8696,
        "period": "2023-12-31",
        "pretaxIncome": 1087,
        "provisionforIncomeTaxes": 170,
        "purchasedFuelPowerGas": 2160,
        "revenue": 8696,
        "totalOperatingExpense": 6936,
        "totalOtherIncomeExpenseNet": 37,
        "year": 2023
      },
      {
        "depreciationAmortization": 1288,
        "dilutedAverageSharesOutstanding": 632,
        "dilutedEPS": 1.5949,
        "ebit": 1566,
        "interestExpense": 477,
        "interestIncomeExpense": -379,
        "netIncome": 1008,
        "netIncomeAfterTaxes": 1057,
        "nonRecurringItems": 256,
        "operationsMaintenance": 2833,
        "otherOperatingExpensesTotal": 543,
        "otherRevenue": 9321,
        "period": "2022-12-31",
        "pretaxIncome": 1417,
        "provisionforIncomeTaxes": 360,
        "purchasedFuelPowerGas": 3091,
        "revenue": 9321,
        "totalOperatingExpense": 7755,
        "totalOtherIncomeExpenseNet": -26,
        "year": 2022
      },
      {
        "depreciationAmortization": 1316,
        "dilutedAverageSharesOutstanding": 610,
        "dilutedEPS": 2.28,
        "ebit": 1363,
        "interestExpense": 476,
        "interestIncomeExpense": -598,
        "netIncome": 1391,
        "netIncomeAfterTaxes": 668,
        "nonRecurringItems": -45,
        "operationsMaintenance": 2810,
        "otherOperatingExpensesTotal": 528,
        "otherRevenue": 8352,
        "period": "2021-12-31",
        "pretaxIncome": 778,
        "provisionforIncomeTaxes": 110,
        "purchasedFuelPowerGas": 2335,
        "revenue": 8352,
        "totalOperatingExpense": 6989,
        "totalOtherIncomeExpenseNet": 58,
        "year": 2021
      },
      {
        "depreciationAmortization": 1189,
        "dilutedAverageSharesOutstanding": 531,
        "dilutedEPS": -1.78,
        "ebit": 1224,
        "interestExpense": 527,
        "interestIncomeExpense": -1964,
        "netIncome": -949,
        "netIncomeAfterTaxes": -591,
        "nonRecurringItems": -185,
        "operationsMaintenance": 2744,
        "otherOperatingExpensesTotal": 516,
        "otherRevenue": 7418,
        "period": "2020-12-31",
        "pretaxIncome": -865,
        "provisionforIncomeTaxes": -274,
        "purchasedFuelPowerGas": 1745,
        "revenue": 7418,
        "totalOperatingExpense": 6194,
        "totalOtherIncomeExpenseNet": 60,
        "year": 2020
      },
      {
        "depreciationAmortization": 1225,
        "dilutedAverageSharesOutstanding": 505,
        "dilutedEPS": 1.33,
        "ebit": 1071,
        "interestExpense": 567,
        "interestIncomeExpense": -325,
        "netIncome": 674,
        "netIncomeAfterTaxes": 682,
        "nonRecurringItems": 0,
        "operationsMaintenance": 2775,
        "otherOperatingExpensesTotal": 474,
        "otherRevenue": 7564,
        "period": "2019-12-31",
        "pretaxIncome": 774,
        "provisionforIncomeTaxes": 92,
        "purchasedFuelPowerGas": 2019,
        "revenue": 7564,
        "totalOperatingExpense": 6493,
        "totalOtherIncomeExpenseNet": 28,
        "year": 2019
      },
      {
        "depreciationAmortization": 1230,
        "dilutedAverageSharesOutstanding": 452,
        "dilutedEPS": 0.73,
        "ebit": 868,
        "interestExpense": 420,
        "interestIncomeExpense": -339,
        "netIncome": 333,
        "netIncomeAfterTaxes": 396,
        "nonRecurringItems": 0,
        "operationsMaintenance": 2271,
        "otherOperatingExpensesTotal": 404,
        "otherRevenue": 6277,
        "period": "2018-12-31",
        "pretaxIncome": 551,
        "provisionforIncomeTaxes": 155,
        "purchasedFuelPowerGas": 1504,
        "revenue": 6277,
        "totalOperatingExpense": 5409,
        "totalOtherIncomeExpenseNet": 22,
        "year": 2018
      },
      {
        "depreciationAmortization": 1036,
        "dilutedAverageSharesOutstanding": 434,
        "dilutedEPS": 4.12,
        "ebit": 1136,
        "interestExpense": 390,
        "interestIncomeExpense": -20,
        "netIncome": 1792,
        "netIncomeAfterTaxes": 679,
        "operationsMaintenance": 2157,
        "otherOperatingExpensesTotal": 391,
        "otherRevenue": 9614,
        "period": "2017-12-31",
        "pretaxIncome": 1063,
        "provisionforIncomeTaxes": 384,
        "purchasedFuelPowerGas": 4894,
        "revenue": 9614,
        "totalOperatingExpense": 8478,
        "totalOtherIncomeExpenseNet": -53,
        "year": 2017
      },
      {
        "depreciationAmortization": 1126,
        "dilutedAverageSharesOutstanding": 434,
        "dilutedEPS": 1,
        "ebit": 1023,
        "interestExpense": 429,
        "interestIncomeExpense": -721,
        "netIncome": 432,
        "netIncomeAfterTaxes": 432,
        "operationsMaintenance": 2029,
        "otherOperatingExpensesTotal": 384,
        "otherRevenue": 7528,
        "period": "2016-12-31",
        "pretaxIncome": 686,
        "provisionforIncomeTaxes": 254,
        "purchasedFuelPowerGas": 2966,
        "revenue": 7528,
        "totalOperatingExpense": 6505,
        "totalOtherIncomeExpenseNet": 384,
        "year": 2016
      },
      {
        "depreciationAmortization": 970,
        "dilutedAverageSharesOutstanding": 430,
        "dilutedEPS": -1.61,
        "ebit": 1038,
        "interestExpense": 457,
        "interestIncomeExpense": -2140,
        "netIncome": -692,
        "netIncomeAfterTaxes": -692,
        "operationsMaintenance": 2007,
        "otherOperatingExpensesTotal": 374,
        "otherRevenue": 134,
        "period": "2015-12-31",
        "pretaxIncome": -1130,
        "provisionforIncomeTaxes": -438,
        "purchasedFuelPowerGas": 2997,
        "revenue": 7386,
        "totalOperatingExpense": 6348,
        "totalOtherIncomeExpenseNet": -28,
        "year": 2015
      }
    ],
    "symbol": "CNP"
  }
}