{
  "symbol": "AXON",
  "statement": "ic",
  "frequency": "annual",
  "timestamp": "2025-09-19T13:56:34.273561",
  "data": {
    "financials": [
      {
        "costOfGoodsSold": 841.146,
        "dilutedAverageSharesOutstanding": 78.558,
        "dilutedEPS": 4.8,
        "ebit": 63.24,
        "grossIncome": 1241.38,
        "interestExpense": 7.098,
        "interestIncomeExpense": 323.275,
        "netIncome": 377.034,
        "netIncomeAfterTaxes": 377.034,
        "nonRecurringItems": -4.7,
        "period": "2024-12-31",
        "pretaxIncome": 381.504,
        "provisionforIncomeTaxes": 4.47,
        "researchDevelopment": 441.593,
        "revenue": 2082.526,
        "sgaExpense": 736.547,
        "totalOperatingExpense": 1178.14,
        "totalOtherIncomeExpenseNet": -0.311,
        "year": 2024
      },
      {
        "costOfGoodsSold": 605.246,
        "dilutedAverageSharesOutstanding": 75.456,
        "dilutedEPS": 2.33,
        "ebit": 159.45,
        "grossIncome": 955.453,
        "interestExpense": 6.995,
        "interestIncomeExpense": -0.177,
        "netIncome": 175.783,
        "netIncomeAfterTaxes": 175.783,
        "nonRecurringItems": -2.6,
        "period": "2023-12-31",
        "pretaxIncome": 157.061,
        "provisionforIncomeTaxes": -18.722,
        "researchDevelopment": 303.719,
        "revenue": 1560.699,
        "sgaExpense": 492.284,
        "totalOperatingExpense": 796.003,
        "totalOtherIncomeExpenseNet": 0.388,
        "year": 2023
      },
      {
        "costOfGoodsSold": 461.03,
        "dilutedAverageSharesOutstanding": 72.534,
        "dilutedEPS": 2.03,
        "ebit": 92.973,
        "grossIncome": 726.113,
        "interestIncomeExpense": 4.294,
        "netIncome": 146.93,
        "netIncomeAfterTaxes": 146.93,
        "period": "2022-12-31",
        "pretaxIncome": 196.238,
        "provisionforIncomeTaxes": 49.308,
        "researchDevelopment": 233.81,
        "revenue": 1187.143,
        "sgaExpense": 399.33,
        "totalOperatingExpense": 633.14,
        "totalOtherIncomeExpenseNet": 98.971,
        "year": 2022
      },
      {
        "costOfGoodsSold": 322.471,
        "depreciationAmortization": 9.824,
        "dilutedAverageSharesOutstanding": 66.191,
        "dilutedEPS": -0.91,
        "ebit": -168.123,
        "grossIncome": 540.91,
        "interestExpense": 0.028,
        "interestIncomeExpense": 26.748,
        "netIncome": -60.018,
        "netIncomeAfterTaxes": -60.018,
        "period": "2021-12-31",
        "pretaxIncome": -141.375,
        "provisionforIncomeTaxes": -81.357,
        "researchDevelopment": 194.026,
        "revenue": 863.381,
        "sgaExpense": 505.183,
        "totalOperatingExpense": 709.033,
        "year": 2021
      },
      {
        "costOfGoodsSold": 264.672,
        "depreciationAmortization": 6.079,
        "dilutedAverageSharesOutstanding": 61.782,
        "dilutedEPS": -0.03,
        "ebit": -14.15,
        "grossIncome": 416.331,
        "interestExpense": 0.055,
        "interestIncomeExpense": 7.859,
        "netIncome": -1.724,
        "netIncomeAfterTaxes": -1.724,
        "period": "2020-12-31",
        "pretaxIncome": -6.291,
        "provisionforIncomeTaxes": -4.567,
        "researchDevelopment": 123.195,
        "revenue": 681.003,
        "sgaExpense": 301.207,
        "totalOperatingExpense": 430.481,
        "year": 2020
      },
      {
        "costOfGoodsSold": 223.574,
        "depreciationAmortization": 5.739,
        "dilutedAverageSharesOutstanding": 60.018,
        "dilutedEPS": 0.01,
        "ebit": -6.394,
        "grossIncome": 307.286,
        "interestExpense": 0.046,
        "interestIncomeExpense": 8.464,
        "netIncome": 0.882,
        "netIncomeAfterTaxes": 0.882,
        "period": "2019-12-31",
        "pretaxIncome": 2.07,
        "provisionforIncomeTaxes": 1.188,
        "researchDevelopment": 100.721,
        "revenue": 530.86,
        "sgaExpense": 207.22,
        "totalOperatingExpense": 313.68,
        "year": 2019
      },
      {
        "costOfGoodsSold": 161.485,
        "depreciationAmortization": 6.051,
        "dilutedAverageSharesOutstanding": 57.922,
        "dilutedEPS": 0.51,
        "ebit": 24.841,
        "grossIncome": 258.583,
        "interestExpense": 0.1,
        "interestIncomeExpense": 3.263,
        "netIncome": 29.205,
        "netIncomeAfterTaxes": 29.505,
        "period": "2018-12-31",
        "pretaxIncome": 28.104,
        "provisionforIncomeTaxes": -1.401,
        "researchDevelopment": 76.856,
        "revenue": 420.068,
        "sgaExpense": 150.835,
        "totalOperatingExpense": 233.742,
        "year": 2018
      },
      {
        "costOfGoodsSold": 136.71,
        "dilutedAverageSharesOutstanding": 53.898,
        "dilutedEPS": 0.09,
        "ebit": 13.023,
        "grossIncome": 207.088,
        "interestIncomeExpense": 2.738,
        "netIncome": 5.207,
        "netIncomeAfterTaxes": 13.207,
        "period": "2017-12-31",
        "pretaxIncome": 15.761,
        "provisionforIncomeTaxes": 2.554,
        "researchDevelopment": 55.373,
        "revenue": 343.798,
        "sgaExpense": 138.692,
        "totalOperatingExpense": 194.065,
        "year": 2017
      },
      {
        "costOfGoodsSold": 97.709,
        "dilutedAverageSharesOutstanding": 53.536,
        "dilutedEPS": 0.32,
        "ebit": 31.851,
        "grossIncome": 170.536,
        "interestIncomeExpense": -0.354,
        "netIncome": 17.297,
        "netIncomeAfterTaxes": 17.297,
        "period": "2016-12-31",
        "pretaxIncome": 31.497,
        "provisionforIncomeTaxes": 14.2,
        "researchDevelopment": 30.609,
        "revenue": 268.245,
        "sgaExpense": 108.076,
        "totalOperatingExpense": 138.685,
        "year": 2016
      },
      {
        "costOfGoodsSold": 69.245,
        "depreciationAmortization": 1.861,
        "dilutedAverageSharesOutstanding": 54.638,
        "dilutedEPS": 0.36,
        "ebit": 35.335,
        "grossIncome": 128.647,
        "interestIncomeExpense": 0.026,
        "netIncome": 19.933,
        "netIncomeAfterTaxes": 19.933,
        "nonRecurringItems": 0,
        "period": "2015-12-31",
        "pretaxIncome": 35.361,
        "provisionforIncomeTaxes": 15.428,
        "researchDevelopment": 23.614,
        "revenue": 197.892,
        "sgaExpense": 67.837,
        "totalOperatingExpense": 93.312,
        "year": 2015
      }
    ],
    "symbol": "AXON"
  }
}