{
  "symbol": "IFF",
  "statement": "ic",
  "frequency": "annual",
  "timestamp": "2025-09-19T14:02:09.566453",
  "data": {
    "financials": [
      {
        "costOfGoodsSold": 7360,
        "depreciationAmortization": 610,
        "dilutedAverageSharesOutstanding": 256,
        "dilutedEPS": 0.9492,
        "ebit": 848,
        "gainLossOnDispositionOfAssets": -347,
        "grossIncome": 4124,
        "interestExpense": 305,
        "interestIncomeExpense": -381,
        "minorityInterest": -4,
        "netIncome": 243,
        "netIncomeAfterTaxes": 247,
        "nonRecurringItems": 264,
        "period": "2024-12-31",
        "pretaxIncome": 278,
        "provisionforIncomeTaxes": 31,
        "researchDevelopment": 671,
        "revenue": 11484,
        "sgaExpense": 1995,
        "totalOperatingExpense": 3276,
        "totalOtherIncomeExpenseNet": -106,
        "year": 2024
      },
      {
        "costOfGoodsSold": 7798,
        "depreciationAmortization": 680,
        "dilutedAverageSharesOutstanding": 255,
        "dilutedEPS": -10.0588,
        "ebit": 578,
        "grossIncome": 3681,
        "interestExpense": 380,
        "interestIncomeExpense": -452,
        "minorityInterest": -4,
        "netIncome": -2565,
        "netIncomeAfterTaxes": -2563,
        "nonRecurringItems": -2689,
        "period": "2023-12-31",
        "pretaxIncome": -2518,
        "provisionforIncomeTaxes": 45,
        "researchDevelopment": 636,
        "revenue": 11479,
        "sgaExpense": 1787,
        "totalOperatingExpense": 3103,
        "totalOtherIncomeExpenseNet": 45,
        "year": 2023
      },
      {
        "costOfGoodsSold": 8289,
        "depreciationAmortization": 727,
        "dilutedAverageSharesOutstanding": 255,
        "dilutedEPS": -7.33,
        "ebit": 1053,
        "grossIncome": 4151,
        "interestExpense": 336,
        "interestIncomeExpense": -336,
        "minorityInterest": -7,
        "netIncome": -1868,
        "netIncomeAfterTaxes": -1864,
        "nonRecurringItems": -2379,
        "period": "2022-12-31",
        "pretaxIncome": -1625,
        "provisionforIncomeTaxes": 239,
        "researchDevelopment": 603,
        "revenue": 12440,
        "sgaExpense": 1768,
        "totalOperatingExpense": 3098,
        "totalOtherIncomeExpenseNet": 37,
        "year": 2022
      },
      {
        "costOfGoodsSold": 7921,
        "depreciationAmortization": 732,
        "dilutedAverageSharesOutstanding": 243,
        "dilutedEPS": 1.1,
        "ebit": 625,
        "grossIncome": 3735,
        "interestExpense": 289,
        "interestIncomeExpense": -289,
        "minorityInterest": -9,
        "netIncome": 268,
        "netIncomeAfterTaxes": 279,
        "nonRecurringItems": -40,
        "period": "2021-12-31",
        "pretaxIncome": 354,
        "provisionforIncomeTaxes": 75,
        "researchDevelopment": 629,
        "revenue": 11656,
        "sgaExpense": 1749,
        "totalOperatingExpense": 3110,
        "totalOtherIncomeExpenseNet": 58,
        "year": 2021
      },
      {
        "costOfGoodsSold": 2998,
        "depreciationAmortization": 193,
        "dilutedAverageSharesOutstanding": 114,
        "dilutedEPS": 3.17,
        "ebit": 587,
        "grossIncome": 2086,
        "interestExpense": 131.802,
        "interestIncomeExpense": -132,
        "minorityInterest": -4,
        "netIncome": 360,
        "netIncomeAfterTaxes": 367,
        "nonRecurringItems": -21,
        "period": "2020-12-31",
        "pretaxIncome": 441,
        "provisionforIncomeTaxes": 74,
        "researchDevelopment": 357,
        "revenue": 5084,
        "sgaExpense": 949,
        "totalOperatingExpense": 1499,
        "totalOtherIncomeExpenseNet": 7,
        "year": 2020
      },
      {
        "costOfGoodsSold": 3027,
        "depreciationAmortization": 193,
        "dilutedAverageSharesOutstanding": 113,
        "dilutedEPS": 4,
        "ebit": 697,
        "grossIncome": 2113,
        "interestExpense": 138.221,
        "interestIncomeExpense": -138,
        "minorityInterest": -4,
        "netIncome": 453,
        "netIncomeAfterTaxes": 460,
        "nonRecurringItems": -32,
        "period": "2019-12-31",
        "pretaxIncome": 557,
        "provisionforIncomeTaxes": 97,
        "researchDevelopment": 346,
        "revenue": 5140,
        "sgaExpense": 876,
        "totalOperatingExpense": 1416,
        "totalOtherIncomeExpenseNet": 30,
        "year": 2019
      },
      {
        "costOfGoodsSold": 2295,
        "depreciationAmortization": 76,
        "dilutedAverageSharesOutstanding": 88,
        "dilutedEPS": 3.78,
        "ebit": 588,
        "grossIncome": 1683,
        "interestExpense": 132.91,
        "interestIncomeExpense": -118,
        "minorityInterest": -5,
        "netIncome": 333,
        "netIncomeAfterTaxes": 373,
        "nonRecurringItems": -43,
        "period": "2018-12-31",
        "pretaxIncome": 448,
        "provisionforIncomeTaxes": 75,
        "researchDevelopment": 312,
        "revenue": 3978,
        "sgaExpense": 707,
        "totalOperatingExpense": 1094,
        "totalOtherIncomeExpenseNet": 21,
        "year": 2018
      },
      {
        "costOfGoodsSold": 1926,
        "depreciationAmortization": 35,
        "dilutedAverageSharesOutstanding": 79,
        "dilutedEPS": 3.73,
        "ebit": 573,
        "grossIncome": 1472,
        "interestExpense": 65.363,
        "interestIncomeExpense": -75,
        "minorityInterest": 0,
        "netIncome": 295,
        "netIncomeAfterTaxes": 435,
        "nonRecurringItems": -20,
        "period": "2017-12-31",
        "pretaxIncome": 537,
        "provisionforIncomeTaxes": 102,
        "researchDevelopment": 295,
        "revenue": 3399,
        "sgaExpense": 570,
        "totalOperatingExpense": 900,
        "totalOtherIncomeExpenseNet": 60,
        "year": 2017
      },
      {
        "costOfGoodsSold": 1721,
        "depreciationAmortization": 24,
        "dilutedAverageSharesOutstanding": 80,
        "dilutedEPS": 5.05,
        "ebit": 540,
        "grossIncome": 1396,
        "interestExpense": 52.989,
        "interestIncomeExpense": -26,
        "minorityInterest": 0,
        "netIncome": 404,
        "netIncomeAfterTaxes": 405,
        "nonRecurringItems": 13,
        "period": "2016-12-31",
        "pretaxIncome": 524,
        "provisionforIncomeTaxes": 119,
        "researchDevelopment": 259,
        "revenue": 3116,
        "sgaExpense": 573,
        "totalOperatingExpense": 855,
        "totalOtherIncomeExpenseNet": -3,
        "year": 2016
      },
      {
        "costOfGoodsSold": 1672,
        "dilutedAverageSharesOutstanding": 81,
        "dilutedEPS": 5.16,
        "ebit": 596,
        "grossIncome": 1352,
        "interestExpense": 46.062,
        "interestIncomeExpense": -37,
        "netIncome": 417,
        "netIncomeAfterTaxes": 419,
        "nonRecurringItems": -8,
        "period": "2015-12-31",
        "pretaxIncome": 539,
        "provisionforIncomeTaxes": 120,
        "researchDevelopment": 246,
        "revenue": 3023,
        "sgaExpense": 510,
        "totalOperatingExpense": 755,
        "totalOtherIncomeExpenseNet": -12,
        "year": 2015
      }
    ],
    "symbol": "IFF"
  }
}