{
  "symbol": "SHW",
  "statement": "ic",
  "frequency": "quarterly",
  "timestamp": "2025-09-19T14:06:38.069699",
  "data": {
    "financials": [
      {
        "costOfGoodsSold": 3196.2,
        "dilutedAverageSharesOutstanding": 251.3,
        "dilutedEPS": 3.0032,
        "ebit": 1099.1,
        "grossIncome": 3118.3,
        "interestExpense": 112.4,
        "interestIncomeExpense": -121,
        "netIncome": 754.7,
        "netIncomeAfterTaxes": 754.7,
        "nonRecurringItems": 1.3,
        "otherOperatingExpensesTotal": 0.4,
        "period": "2025-06-30",
        "pretaxIncome": 985.7,
        "provisionforIncomeTaxes": 231,
        "revenue": 6314.5,
        "sgaExpense": 2018.8,
        "totalOperatingExpense": 2019.2,
        "totalOtherIncomeExpenseNet": 6.3
      },
      {
        "costOfGoodsSold": 2746.6,
        "dilutedAverageSharesOutstanding": 252.5,
        "dilutedEPS": 1.9956,
        "ebit": 754.3,
        "grossIncome": 2559.1,
        "interestExpense": 103.8,
        "interestIncomeExpense": -111.2,
        "netIncome": 503.9,
        "netIncomeAfterTaxes": 503.9,
        "nonRecurringItems": 2.1,
        "otherOperatingExpensesTotal": 3.1,
        "period": "2025-03-31",
        "pretaxIncome": 653,
        "provisionforIncomeTaxes": 149.1,
        "revenue": 5305.7,
        "sgaExpense": 1801.7,
        "totalOperatingExpense": 1804.8,
        "totalOtherIncomeExpenseNet": 7.8
      },
      {
        "costOfGoodsSold": 2724,
        "dilutedAverageSharesOutstanding": 252.6,
        "dilutedEPS": 1.9006,
        "ebit": 673.5,
        "grossIncome": 2573.2,
        "interestExpense": 99.2,
        "interestIncomeExpense": -89.5,
        "netIncome": 480.1,
        "netIncomeAfterTaxes": 480.1,
        "nonRecurringItems": 24.7,
        "otherOperatingExpensesTotal": 16.8,
        "period": "2024-12-31",
        "pretaxIncome": 615.6,
        "provisionforIncomeTaxes": 135.5,
        "revenue": 5297.2,
        "sgaExpense": 1882.9,
        "totalOperatingExpense": 1899.7,
        "totalOtherIncomeExpenseNet": 6.9
      },
      {
        "costOfGoodsSold": 3135,
        "dilutedAverageSharesOutstanding": 253.9,
        "dilutedEPS": 3.1753,
        "ebit": 1131.1,
        "grossIncome": 3027.5,
        "interestExpense": 103.4,
        "interestIncomeExpense": -109.3,
        "netIncome": 806.2,
        "netIncomeAfterTaxes": 806.2,
        "nonRecurringItems": 2,
        "otherOperatingExpensesTotal": 2.8,
        "period": "2024-09-30",
        "pretaxIncome": 1022.8,
        "provisionforIncomeTaxes": 216.6,
        "revenue": 6162.5,
        "sgaExpense": 1893.6,
        "totalOperatingExpense": 1896.4,
        "totalOtherIncomeExpenseNet": -1
      },
      {
        "costOfGoodsSold": 3208.1,
        "dilutedAverageSharesOutstanding": 254.2,
        "dilutedEPS": 3.5008,
        "ebit": 1231.5,
        "grossIncome": 3063.4,
        "interestExpense": 110.8,
        "interestIncomeExpense": -105.9,
        "netIncome": 889.9,
        "netIncomeAfterTaxes": 889.9,
        "nonRecurringItems": 19.8,
        "otherOperatingExpensesTotal": -14.1,
        "period": "2024-06-30",
        "pretaxIncome": 1173.4,
        "provisionforIncomeTaxes": 283.5,
        "revenue": 6271.5,
        "sgaExpense": 1846,
        "totalOperatingExpense": 1831.9,
        "totalOtherIncomeExpenseNet": 28
      },
      {
        "costOfGoodsSold": 2836.3,
        "dilutedAverageSharesOutstanding": 255.8,
        "dilutedEPS": 1.975,
        "ebit": 725.8,
        "grossIncome": 2531,
        "interestExpense": 103,
        "interestIncomeExpense": -102.7,
        "netIncome": 505.2,
        "netIncomeAfterTaxes": 505.2,
        "nonRecurringItems": 3.4,
        "otherOperatingExpensesTotal": 3.6,
        "period": "2024-03-31",
        "pretaxIncome": 640,
        "provisionforIncomeTaxes": 134.8,
        "revenue": 5367.3,
        "sgaExpense": 1801.6,
        "totalOperatingExpense": 1805.2,
        "totalOtherIncomeExpenseNet": 13.5
      },
      {
        "costOfGoodsSold": 2703.5,
        "dilutedAverageSharesOutstanding": 256.8,
        "dilutedEPS": 1.3871,
        "ebit": 654.5,
        "grossIncome": 2548.7,
        "interestExpense": 94.6,
        "interestIncomeExpense": -141.4,
        "netIncome": 356.2,
        "netIncomeAfterTaxes": 356.2,
        "nonRecurringItems": -25.6,
        "otherOperatingExpensesTotal": 38.3,
        "period": "2023-12-31",
        "pretaxIncome": 474,
        "provisionforIncomeTaxes": 117.8,
        "revenue": 5252.2,
        "sgaExpense": 1855.9,
        "totalOperatingExpense": 1894.2,
        "totalOtherIncomeExpenseNet": -13.5
      },
      {
        "costOfGoodsSold": 3200.5,
        "dilutedAverageSharesOutstanding": 258.4,
        "dilutedEPS": 2.95,
        "ebit": 1111.4,
        "grossIncome": 2916.2,
        "interestExpense": 101.9,
        "interestIncomeExpense": -100.5,
        "netIncome": 761.5,
        "netIncomeAfterTaxes": 761.5,
        "nonRecurringItems": -13.6,
        "otherOperatingExpensesTotal": 39.4,
        "period": "2023-09-30",
        "pretaxIncome": 1009,
        "provisionforIncomeTaxes": 247.5,
        "revenue": 6116.7,
        "sgaExpense": 1765.4,
        "totalOperatingExpense": 1804.8,
        "totalOtherIncomeExpenseNet": 11.7
      },
      {
        "costOfGoodsSold": 3363.4,
        "dilutedAverageSharesOutstanding": 258.9,
        "dilutedEPS": 3.07,
        "ebit": 1122.9,
        "grossIncome": 2877.2,
        "interestExpense": 111.7,
        "interestIncomeExpense": -109.7,
        "netIncome": 793.7,
        "netIncomeAfterTaxes": 793.7,
        "nonRecurringItems": -12.1,
        "otherOperatingExpensesTotal": 3.8,
        "period": "2023-06-30",
        "pretaxIncome": 1012.1,
        "provisionforIncomeTaxes": 218.4,
        "revenue": 6240.6,
        "sgaExpense": 1750.5,
        "totalOperatingExpense": 1754.3,
        "totalOtherIncomeExpenseNet": 11
      },
      {
        "costOfGoodsSold": 3021.5,
        "dilutedAverageSharesOutstanding": 259.7,
        "dilutedEPS": 1.84,
        "ebit": 713.7,
        "grossIncome": 2420.9,
        "interestExpense": 109.3,
        "interestIncomeExpense": -109.4,
        "netIncome": 477.4,
        "netIncomeAfterTaxes": 477.4,
        "nonRecurringItems": 3.7,
        "otherOperatingExpensesTotal": 12.7,
        "period": "2023-03-31",
        "pretaxIncome": 614.8,
        "provisionforIncomeTaxes": 137.4,
        "revenue": 5442.4,
        "sgaExpense": 1694.5,
        "totalOperatingExpense": 1707.2,
        "totalOtherIncomeExpenseNet": 6.8
      },
      {
        "costOfGoodsSold": 2996.7,
        "depreciationAmortization": 79.3,
        "dilutedAverageSharesOutstanding": 260.6,
        "dilutedEPS": 1.48,
        "ebit": 613.4,
        "grossIncome": 2233.8,
        "interestExpense": 108.3,
        "interestIncomeExpense": -106.1,
        "netIncome": 386.3,
        "netIncomeAfterTaxes": 386.3,
        "nonRecurringItems": -16.3,
        "otherOperatingExpensesTotal": -18.2,
        "period": "2022-12-31",
        "pretaxIncome": 494.9,
        "provisionforIncomeTaxes": 108.6,
        "revenue": 5230.5,
        "sgaExpense": 1559.3,
        "totalOperatingExpense": 1620.4,
        "totalOtherIncomeExpenseNet": 3.9
      },
      {
        "costOfGoodsSold": 3458,
        "depreciationAmortization": 81.3,
        "dilutedAverageSharesOutstanding": 261.1,
        "dilutedEPS": 2.62,
        "ebit": 973.1,
        "grossIncome": 2589.4,
        "interestExpense": 101.2,
        "interestIncomeExpense": -122,
        "netIncome": 685.1,
        "netIncomeAfterTaxes": 685.1,
        "nonRecurringItems": 20.8,
        "otherOperatingExpensesTotal": 6.4,
        "period": "2022-09-30",
        "pretaxIncome": 877.2,
        "provisionforIncomeTaxes": 192.1,
        "revenue": 6047.4,
        "sgaExpense": 1528.6,
        "totalOperatingExpense": 1616.3,
        "totalOtherIncomeExpenseNet": 5.3
      },
      {
        "costOfGoodsSold": 3423.3,
        "depreciationAmortization": 78.5,
        "dilutedAverageSharesOutstanding": 261.8,
        "dilutedEPS": 2.21,
        "ebit": 847.3,
        "grossIncome": 2449,
        "interestExpense": 92.9,
        "interestIncomeExpense": -109,
        "netIncome": 577.9,
        "netIncomeAfterTaxes": 577.9,
        "nonRecurringItems": -0.3,
        "otherOperatingExpensesTotal": 4.1,
        "period": "2022-06-30",
        "pretaxIncome": 739.9,
        "provisionforIncomeTaxes": 162,
        "revenue": 5872.3,
        "sgaExpense": 1519.1,
        "totalOperatingExpense": 1601.7,
        "totalOtherIncomeExpenseNet": 1.9
      },
      {
        "costOfGoodsSold": 2945.8,
        "depreciationAmortization": 78,
        "dilutedAverageSharesOutstanding": 263.1,
        "dilutedEPS": 1.41,
        "ebit": 566.8,
        "grossIncome": 2052.9,
        "interestExpense": 88.4,
        "interestIncomeExpense": -101.2,
        "netIncome": 370.8,
        "netIncomeAfterTaxes": 370.8,
        "nonRecurringItems": -1.9,
        "otherOperatingExpensesTotal": 0.6,
        "period": "2022-03-31",
        "pretaxIncome": 461.1,
        "provisionforIncomeTaxes": 90.3,
        "revenue": 4998.7,
        "sgaExpense": 1407.5,
        "totalOperatingExpense": 1486.1,
        "totalOtherIncomeExpenseNet": -2.6
      },
      {
        "costOfGoodsSold": 2882.4,
        "depreciationAmortization": 76.3,
        "dilutedAverageSharesOutstanding": 264.1,
        "dilutedEPS": 1.15,
        "ebit": 373,
        "grossIncome": 1879.7,
        "interestExpense": 84.9,
        "interestIncomeExpense": -74,
        "netIncome": 304,
        "netIncomeAfterTaxes": 304,
        "nonRecurringItems": 1.3,
        "otherOperatingExpensesTotal": -9.5,
        "period": "2021-12-31",
        "pretaxIncome": 308.9,
        "provisionforIncomeTaxes": 4.9,
        "revenue": 4762.1,
        "sgaExpense": 1439.9,
        "totalOperatingExpense": 1506.7,
        "totalOtherIncomeExpenseNet": 8.6
      },
      {
        "costOfGoodsSold": 3007.1,
        "depreciationAmortization": 76.2,
        "dilutedAverageSharesOutstanding": 266.6,
        "dilutedEPS": 1.88,
        "ebit": 694,
        "grossIncome": 2139.6,
        "interestExpense": 83.1,
        "interestIncomeExpense": -83.8,
        "netIncome": 502.2,
        "netIncomeAfterTaxes": 502.2,
        "nonRecurringItems": 1.6,
        "otherOperatingExpensesTotal": 0.5,
        "period": "2021-09-30",
        "pretaxIncome": 611.5,
        "provisionforIncomeTaxes": 109.3,
        "revenue": 5146.7,
        "sgaExpense": 1368.9,
        "totalOperatingExpense": 1445.6,
        "totalOtherIncomeExpenseNet": -0.3
      },
      {
        "costOfGoodsSold": 2968.4,
        "depreciationAmortization": 77.8,
        "dilutedAverageSharesOutstanding": 267.8,
        "dilutedEPS": 2.42,
        "ebit": 893.3,
        "grossIncome": 2411.4,
        "interestExpense": 83.5,
        "interestIncomeExpense": -82.7,
        "netIncome": 648.6,
        "netIncomeAfterTaxes": 648.6,
        "nonRecurringItems": 7.7,
        "otherOperatingExpensesTotal": 2.5,
        "period": "2021-06-30",
        "pretaxIncome": 819.2,
        "provisionforIncomeTaxes": 170.6,
        "revenue": 5379.8,
        "sgaExpense": 1437.8,
        "totalOperatingExpense": 1518.1,
        "totalOtherIncomeExpenseNet": 0.9
      },
      {
        "costOfGoodsSold": 2544,
        "depreciationAmortization": 79.2,
        "dilutedAverageSharesOutstanding": 270.6,
        "dilutedEPS": 1.51,
        "ebit": 704.4,
        "grossIncome": 2112,
        "interestExpense": 83.2,
        "interestIncomeExpense": -81.2,
        "netIncome": 409.6,
        "netIncomeAfterTaxes": 409.6,
        "nonRecurringItems": -115,
        "otherOperatingExpensesTotal": 2.5,
        "period": "2021-03-31",
        "pretaxIncome": 509,
        "provisionforIncomeTaxes": 99.4,
        "revenue": 4656,
        "sgaExpense": 1325.9,
        "totalOperatingExpense": 1407.6,
        "totalOtherIncomeExpenseNet": 0.8
      },
      {
        "costOfGoodsSold": 2360.1,
        "depreciationAmortization": 79.2,
        "dilutedAverageSharesOutstanding": 273,
        "dilutedEPS": 1.49,
        "ebit": 561,
        "grossIncome": 2128.7,
        "interestExpense": 82.8,
        "interestIncomeExpense": -70.6,
        "netIncome": 407,
        "netIncomeAfterTaxes": 407,
        "nonRecurringItems": -0.6,
        "otherOperatingExpensesTotal": 16.3,
        "period": "2020-12-31",
        "pretaxIncome": 503.9,
        "provisionforIncomeTaxes": 96.9,
        "revenue": 4488.8,
        "sgaExpense": 1472.2,
        "totalOperatingExpense": 1567.7,
        "totalOtherIncomeExpenseNet": 14.1
      },
      {
        "costOfGoodsSold": 2666.9,
        "depreciationAmortization": 78.7,
        "dilutedAverageSharesOutstanding": 276.3,
        "dilutedEPS": 2.55,
        "ebit": 954.7,
        "grossIncome": 2455.3,
        "interestExpense": 83.3,
        "interestIncomeExpense": -81.3,
        "netIncome": 705.8,
        "netIncomeAfterTaxes": 705.8,
        "nonRecurringItems": 4.6,
        "otherOperatingExpensesTotal": 10.1,
        "period": "2020-09-30",
        "pretaxIncome": 875.6,
        "provisionforIncomeTaxes": 169.8,
        "revenue": 5122.2,
        "sgaExpense": 1411.8,
        "totalOperatingExpense": 1500.6,
        "totalOtherIncomeExpenseNet": -2.4
      },
      {
        "costOfGoodsSold": 2395.1,
        "depreciationAmortization": 77.4,
        "dilutedAverageSharesOutstanding": 275.9,
        "dilutedEPS": 2.16,
        "ebit": 842.6,
        "grossIncome": 2208.9,
        "interestExpense": 88.1,
        "interestIncomeExpense": -91.5,
        "netIncome": 595.9,
        "netIncomeAfterTaxes": 595.9,
        "nonRecurringItems": -1.3,
        "otherOperatingExpensesTotal": 8.5,
        "period": "2020-06-30",
        "pretaxIncome": 747.4,
        "provisionforIncomeTaxes": 151.5,
        "revenue": 4604,
        "sgaExpense": 1280.4,
        "totalOperatingExpense": 1366.3,
        "totalOtherIncomeExpenseNet": -2.4
      },
      {
        "costOfGoodsSold": 2257,
        "depreciationAmortization": 78.1,
        "dilutedAverageSharesOutstanding": 278.6,
        "dilutedEPS": 1.15,
        "ebit": 516.9,
        "grossIncome": 1889.7,
        "interestExpense": 86.2,
        "interestIncomeExpense": -94.6,
        "netIncome": 321.7,
        "netIncomeAfterTaxes": 321.7,
        "nonRecurringItems": -37.9,
        "otherOperatingExpensesTotal": 2.2,
        "period": "2020-03-31",
        "pretaxIncome": 392.3,
        "provisionforIncomeTaxes": 70.6,
        "revenue": 4146.7,
        "sgaExpense": 1292.5,
        "totalOperatingExpense": 1372.8,
        "totalOtherIncomeExpenseNet": 7.9
      },
      {
        "costOfGoodsSold": 2220.4,
        "depreciationAmortization": 78.4,
        "dilutedAverageSharesOutstanding": 279.8,
        "dilutedEPS": 0.89,
        "ebit": 456.1,
        "grossIncome": 1894,
        "interestExpense": 83.826,
        "interestIncomeExpense": -65.3,
        "netIncome": 248.6,
        "netIncomeAfterTaxes": 248.6,
        "nonRecurringItems": -137.4,
        "otherOperatingExpensesTotal": 5.1,
        "period": "2019-12-31",
        "pretaxIncome": 297.4,
        "provisionforIncomeTaxes": 48.8,
        "revenue": 4114.4,
        "sgaExpense": 1354.4,
        "totalOperatingExpense": 1437.9,
        "totalOtherIncomeExpenseNet": 44
      },
      {
        "costOfGoodsSold": 2642.1,
        "depreciationAmortization": 77.5,
        "dilutedAverageSharesOutstanding": 280.8,
        "dilutedEPS": 2.05,
        "ebit": 792.2,
        "grossIncome": 2225.6,
        "interestExpense": 85.282,
        "interestIncomeExpense": -101.4,
        "netIncome": 576.4,
        "netIncomeAfterTaxes": 576.4,
        "nonRecurringItems": 18.5,
        "otherOperatingExpensesTotal": 10.6,
        "period": "2019-09-30",
        "pretaxIncome": 709.8,
        "provisionforIncomeTaxes": 133.4,
        "revenue": 4867.7,
        "sgaExpense": 1345.2,
        "totalOperatingExpense": 1433.4,
        "totalOtherIncomeExpenseNet": 0.5
      },
      {
        "costOfGoodsSold": 2696.4,
        "depreciationAmortization": 78.1,
        "dilutedAverageSharesOutstanding": 280.7,
        "dilutedEPS": 1.68,
        "ebit": 765.4,
        "grossIncome": 2181.4,
        "interestExpense": 89.198,
        "interestIncomeExpense": -88.7,
        "netIncome": 471,
        "netIncomeAfterTaxes": 471,
        "nonRecurringItems": -0.4,
        "otherOperatingExpensesTotal": 6.7,
        "period": "2019-06-30",
        "pretaxIncome": 675.7,
        "provisionforIncomeTaxes": 204.7,
        "revenue": 4877.9,
        "sgaExpense": 1331.3,
        "totalOperatingExpense": 1416.1,
        "totalOtherIncomeExpenseNet": -0.5
      },
      {
        "costOfGoodsSold": 2305.8,
        "depreciationAmortization": 78.8,
        "dilutedAverageSharesOutstanding": 281,
        "dilutedEPS": 0.87,
        "ebit": 411.8,
        "grossIncome": 1735.1,
        "interestExpense": 90.994,
        "interestIncomeExpense": -86.4,
        "netIncome": 245.2,
        "netIncomeAfterTaxes": 245.2,
        "nonRecurringItems": -31.4,
        "otherOperatingExpensesTotal": 0.6,
        "period": "2019-03-31",
        "pretaxIncome": 298.9,
        "provisionforIncomeTaxes": 53.6,
        "revenue": 4040.9,
        "sgaExpense": 1244,
        "totalOperatingExpense": 1323.3,
        "totalOtherIncomeExpenseNet": 4.9
      },
      {
        "costOfGoodsSold": 2381.5,
        "depreciationAmortization": 79.1,
        "dilutedAverageSharesOutstanding": 283.3,
        "dilutedEPS": 0.35,
        "ebit": 223.3,
        "grossIncome": 1682.7,
        "interestExpense": 89.399,
        "interestIncomeExpense": -89,
        "netIncome": 101,
        "netIncomeAfterTaxes": 92.4,
        "nonRecurringItems": -43.3,
        "otherOperatingExpensesTotal": 142,
        "period": "2018-12-31",
        "pretaxIncome": 102,
        "provisionforIncomeTaxes": 9.6,
        "revenue": 4064.2,
        "sgaExpense": 1238.3,
        "totalOperatingExpense": 1459.4,
        "totalOtherIncomeExpenseNet": 11
      },
      {
        "costOfGoodsSold": 2721.1,
        "depreciationAmortization": 80.1,
        "dilutedAverageSharesOutstanding": 285.4,
        "dilutedEPS": 1.24,
        "ebit": 655,
        "grossIncome": 2010.4,
        "interestExpense": 92.281,
        "interestIncomeExpense": -97.6,
        "netIncome": 354,
        "netIncomeAfterTaxes": 354,
        "nonRecurringItems": -145.6,
        "otherOperatingExpensesTotal": 2.3,
        "period": "2018-09-30",
        "pretaxIncome": 416,
        "provisionforIncomeTaxes": 61.9,
        "revenue": 4731.5,
        "sgaExpense": 1273.1,
        "totalOperatingExpense": 1355.4,
        "totalOtherIncomeExpenseNet": 4.1
      },
      {
        "costOfGoodsSold": 2735.2,
        "depreciationAmortization": 73.9,
        "dilutedAverageSharesOutstanding": 284.7,
        "dilutedEPS": 1.42,
        "ebit": 625.5,
        "grossIncome": 2038.6,
        "interestExpense": 93.507,
        "interestIncomeExpense": -99.5,
        "netIncome": 403.6,
        "netIncomeAfterTaxes": 403.6,
        "nonRecurringItems": 4.3,
        "otherOperatingExpensesTotal": 31.3,
        "period": "2018-06-30",
        "pretaxIncome": 538.1,
        "provisionforIncomeTaxes": 134.5,
        "revenue": 4773.8,
        "sgaExpense": 1307.9,
        "totalOperatingExpense": 1413,
        "totalOtherIncomeExpenseNet": 7.7
      },
      {
        "costOfGoodsSold": 2278.2,
        "depreciationAmortization": 85,
        "dilutedAverageSharesOutstanding": 286.6,
        "dilutedEPS": 0.87,
        "ebit": 386.4,
        "grossIncome": 1686.8,
        "interestExpense": 91.547,
        "interestIncomeExpense": -88.2,
        "netIncome": 250.1,
        "netIncomeAfterTaxes": 250.1,
        "nonRecurringItems": -2.2,
        "otherOperatingExpensesTotal": 0.8,
        "period": "2018-03-31",
        "pretaxIncome": 303.6,
        "provisionforIncomeTaxes": 53.5,
        "revenue": 3965,
        "sgaExpense": 1214.6,
        "totalOperatingExpense": 1300.4,
        "totalOtherIncomeExpenseNet": 7.6
      },
      {
        "costOfGoodsSold": 2240.3,
        "depreciationAmortization": 88,
        "dilutedAverageSharesOutstanding": 285.8,
        "dilutedEPS": 2.98,
        "ebit": 316.3,
        "grossIncome": 1739.3,
        "interestExpense": 89.454,
        "interestIncomeExpense": -91.3,
        "netIncome": 853.1,
        "netIncomeAfterTaxes": 245.2,
        "nonRecurringItems": -7.1,
        "otherOperatingExpensesTotal": 9.6,
        "period": "2017-12-31",
        "pretaxIncome": 226,
        "provisionforIncomeTaxes": -19.2,
        "revenue": 3979.6,
        "sgaExpense": 1325.4,
        "totalOperatingExpense": 1423,
        "totalOtherIncomeExpenseNet": 8.1
      },
      {
        "costOfGoodsSold": 2605.2,
        "depreciationAmortization": 83.7,
        "dilutedAverageSharesOutstanding": 285.6,
        "dilutedEPS": 1.11,
        "ebit": 506.5,
        "grossIncome": 1901.8,
        "interestExpense": 91.593,
        "interestIncomeExpense": -88.8,
        "netIncome": 316.6,
        "netIncomeAfterTaxes": 316.6,
        "nonRecurringItems": 0.1,
        "otherOperatingExpensesTotal": 4.2,
        "period": "2017-09-30",
        "pretaxIncome": 427.7,
        "provisionforIncomeTaxes": 111.1,
        "revenue": 4507,
        "sgaExpense": 1307.4,
        "totalOperatingExpense": 1395.4,
        "totalOtherIncomeExpenseNet": 10
      },
      {
        "costOfGoodsSold": 2001.2,
        "depreciationAmortization": 28.9,
        "dilutedAverageSharesOutstanding": 284.9,
        "dilutedEPS": 1.12,
        "ebit": 550.8,
        "grossIncome": 1734.6,
        "interestExpense": 56.729,
        "interestIncomeExpense": -55.9,
        "netIncome": 319.1,
        "netIncomeAfterTaxes": 360.7,
        "nonRecurringItems": -0.7,
        "otherOperatingExpensesTotal": 1.1,
        "period": "2017-06-30",
        "pretaxIncome": 509,
        "provisionforIncomeTaxes": 148.4,
        "revenue": 3735.8,
        "sgaExpense": 1153.8,
        "totalOperatingExpense": 1183.8,
        "totalOtherIncomeExpenseNet": 14.8
      },
      {
        "costOfGoodsSold": 1418.3,
        "depreciationAmortization": 6.2,
        "dilutedAverageSharesOutstanding": 283.6,
        "dilutedEPS": 0.84,
        "ebit": 325.4,
        "grossIncome": 1343.1,
        "interestExpense": 25.695,
        "interestIncomeExpense": -21.4,
        "netIncome": 239.2,
        "netIncomeAfterTaxes": 239.2,
        "nonRecurringItems": 0.2,
        "otherOperatingExpensesTotal": 0.5,
        "period": "2017-03-31",
        "pretaxIncome": 306.6,
        "provisionforIncomeTaxes": 67.5,
        "revenue": 2761.4,
        "sgaExpense": 1011,
        "totalOperatingExpense": 1017.7,
        "totalOtherIncomeExpenseNet": 2.5
      },
      {
        "costOfGoodsSold": 1395.5,
        "depreciationAmortization": 5.9,
        "dilutedAverageSharesOutstanding": 284.1,
        "dilutedEPS": 0.71,
        "ebit": 314.5,
        "grossIncome": 1387.1,
        "interestExpense": 43.378,
        "interestIncomeExpense": -42.6,
        "netIncome": 203,
        "netIncomeAfterTaxes": 203,
        "nonRecurringItems": 19.8,
        "otherOperatingExpensesTotal": 21.7,
        "period": "2016-12-31",
        "pretaxIncome": 304,
        "provisionforIncomeTaxes": 101,
        "revenue": 2782.6,
        "sgaExpense": 1045,
        "totalOperatingExpense": 1072.6,
        "totalOtherIncomeExpenseNet": 12.4
      },
      {
        "costOfGoodsSold": 1643,
        "depreciationAmortization": 8.2,
        "dilutedAverageSharesOutstanding": 284.3,
        "dilutedEPS": 1.36,
        "ebit": 577.5,
        "grossIncome": 1636.4,
        "interestExpense": 44.1,
        "interestIncomeExpense": -47.1,
        "netIncome": 386.7,
        "netIncomeAfterTaxes": 386.7,
        "nonRecurringItems": -0.1,
        "otherOperatingExpensesTotal": 0.7,
        "period": "2016-09-30",
        "pretaxIncome": 535.6,
        "provisionforIncomeTaxes": 148.9,
        "revenue": 3279.5,
        "sgaExpense": 1050.1,
        "totalOperatingExpense": 1059,
        "totalOtherIncomeExpenseNet": 5.3
      },
      {
        "costOfGoodsSold": 1583.7,
        "dilutedAverageSharesOutstanding": 284,
        "dilutedEPS": 1.33,
        "ebit": 579.3,
        "grossIncome": 1635.8,
        "interestExpense": 40.878,
        "interestIncomeExpense": -42.8,
        "netIncome": 378.1,
        "netIncomeAfterTaxes": 378.1,
        "nonRecurringItems": -0.2,
        "otherOperatingExpensesTotal": 2.5,
        "period": "2016-06-30",
        "pretaxIncome": 539.2,
        "provisionforIncomeTaxes": 161.2,
        "revenue": 3219.5,
        "sgaExpense": 1054,
        "totalOperatingExpense": 1056.6,
        "totalOtherIncomeExpenseNet": 3
      },
      {
        "costOfGoodsSold": 1312.3,
        "dilutedAverageSharesOutstanding": 282.3,
        "dilutedEPS": 0.58,
        "ebit": 241.3,
        "grossIncome": 1261.7,
        "interestExpense": 25.732,
        "interestIncomeExpense": -28,
        "netIncome": 164.9,
        "netIncomeAfterTaxes": 164.9,
        "nonRecurringItems": 0.5,
        "otherOperatingExpensesTotal": 18,
        "period": "2016-03-31",
        "pretaxIncome": 216.4,
        "provisionforIncomeTaxes": 51.5,
        "revenue": 2574,
        "sgaExpense": 1002.4,
        "totalOperatingExpense": 1020.4,
        "totalOtherIncomeExpenseNet": 2.6
      },
      {
        "costOfGoodsSold": 1282,
        "depreciationAmortization": 28.2,
        "dilutedAverageSharesOutstanding": 281.5,
        "dilutedEPS": 0.7,
        "ebit": 318.4,
        "grossIncome": 1322.6,
        "interestExpense": 19.56,
        "interestIncomeExpense": -23.1,
        "netIncome": 198,
        "netIncomeAfterTaxes": 198,
        "nonRecurringItems": -0.5,
        "otherOperatingExpensesTotal": 12.4,
        "period": "2015-12-31",
        "pretaxIncome": 297.2,
        "provisionforIncomeTaxes": 99.2,
        "revenue": 2604.6,
        "sgaExpense": 963.6,
        "totalOperatingExpense": 1004.2,
        "totalOtherIncomeExpenseNet": 2.4
      },
      {
        "costOfGoodsSold": 1577.7,
        "dilutedAverageSharesOutstanding": 283.3,
        "dilutedEPS": 1.32,
        "ebit": 573.8,
        "grossIncome": 1574.6,
        "interestExpense": 16.995,
        "interestIncomeExpense": -24,
        "netIncome": 374.5,
        "netIncomeAfterTaxes": 374.5,
        "nonRecurringItems": -2,
        "otherOperatingExpensesTotal": 7.1,
        "period": "2015-09-30",
        "pretaxIncome": 550.7,
        "provisionforIncomeTaxes": 176.2,
        "revenue": 3152.3,
        "sgaExpense": 993.6,
        "totalOperatingExpense": 1000.8,
        "totalOtherIncomeExpenseNet": 2.9
      }
    ],
    "symbol": "SHW"
  }
}