{
  "symbol": "LII",
  "statement": "ic",
  "frequency": "quarterly",
  "timestamp": "2025-09-19T14:03:10.349442",
  "data": {
    "financials": [
      {
        "costOfGoodsSold": 978.4,
        "dilutedAverageSharesOutstanding": 35.5,
        "dilutedEPS": 7.8197,
        "ebit": 349.2,
        "grossIncome": 522.5,
        "interestIncomeExpense": -1.9,
        "netIncome": 277.6,
        "netIncomeAfterTaxes": 277.6,
        "nonRecurringItems": -1.7,
        "otherOperatingExpensesTotal": 0,
        "period": "2025-06-30",
        "pretaxIncome": 345,
        "provisionforIncomeTaxes": 67.4,
        "revenue": 1500.9,
        "sgaExpense": 173.3,
        "totalOperatingExpense": 173.3,
        "totalOtherIncomeExpenseNet": -0.6
      },
      {
        "costOfGoodsSold": 744.1,
        "dilutedAverageSharesOutstanding": 35.7,
        "dilutedEPS": 3.3698,
        "ebit": 157.2,
        "grossIncome": 328.5,
        "interestIncomeExpense": -5.8,
        "netIncome": 120.3,
        "netIncomeAfterTaxes": 120.3,
        "nonRecurringItems": -2.1,
        "otherOperatingExpensesTotal": 0,
        "period": "2025-03-31",
        "pretaxIncome": 148.4,
        "provisionforIncomeTaxes": 28.1,
        "revenue": 1072.6,
        "sgaExpense": 171.3,
        "totalOperatingExpense": 171.3,
        "totalOtherIncomeExpenseNet": -0.9
      },
      {
        "costOfGoodsSold": 889.7,
        "dilutedAverageSharesOutstanding": 35.8,
        "dilutedEPS": 5.5224,
        "ebit": 248.2,
        "grossIncome": 455.3,
        "interestIncomeExpense": -6.9,
        "netIncome": 197.7,
        "netIncomeAfterTaxes": 197.7,
        "nonRecurringItems": -2.2,
        "otherOperatingExpensesTotal": 0.1,
        "period": "2024-12-31",
        "pretaxIncome": 238.7,
        "provisionforIncomeTaxes": 41,
        "revenue": 1345,
        "sgaExpense": 207,
        "totalOperatingExpense": 207.1,
        "totalOtherIncomeExpenseNet": -0.4
      },
      {
        "costOfGoodsSold": 1009.7,
        "dilutedAverageSharesOutstanding": 35.8,
        "dilutedEPS": 6.676,
        "ebit": 304.5,
        "grossIncome": 488.4,
        "interestIncomeExpense": -8.2,
        "netIncome": 239,
        "netIncomeAfterTaxes": 239,
        "nonRecurringItems": -2,
        "otherOperatingExpensesTotal": -0.5,
        "period": "2024-09-30",
        "pretaxIncome": 293.9,
        "provisionforIncomeTaxes": 54.9,
        "revenue": 1498.1,
        "sgaExpense": 184.4,
        "totalOperatingExpense": 183.9,
        "totalOtherIncomeExpenseNet": -0.4
      },
      {
        "costOfGoodsSold": 962.9,
        "dilutedAverageSharesOutstanding": 35.8,
        "dilutedEPS": 6.8687,
        "ebit": 319.5,
        "grossIncome": 488.2,
        "interestIncomeExpense": -11.6,
        "netIncome": 245.9,
        "netIncomeAfterTaxes": 245.9,
        "nonRecurringItems": -0.6,
        "otherOperatingExpensesTotal": 0.2,
        "period": "2024-06-30",
        "pretaxIncome": 307,
        "provisionforIncomeTaxes": 61.1,
        "revenue": 1451.1,
        "sgaExpense": 168.5,
        "totalOperatingExpense": 168.7,
        "totalOtherIncomeExpenseNet": -0.3
      },
      {
        "costOfGoodsSold": 707.1,
        "dilutedAverageSharesOutstanding": 35.8,
        "dilutedEPS": 3.4721,
        "ebit": 169,
        "grossIncome": 340,
        "interestIncomeExpense": -12,
        "netIncome": 124.3,
        "netIncomeAfterTaxes": 124.3,
        "nonRecurringItems": -2,
        "otherOperatingExpensesTotal": 0.3,
        "period": "2024-03-31",
        "pretaxIncome": 154.2,
        "provisionforIncomeTaxes": 29.9,
        "revenue": 1047.1,
        "sgaExpense": 170.7,
        "totalOperatingExpense": 171,
        "totalOtherIncomeExpenseNet": -0.8
      },
      {
        "costOfGoodsSold": 800,
        "dilutedAverageSharesOutstanding": 36,
        "dilutedEPS": 4.0139,
        "ebit": 178.8,
        "grossIncome": 354.8,
        "interestIncomeExpense": -10.7,
        "netIncome": 144.5,
        "netIncomeAfterTaxes": 144.5,
        "nonRecurringItems": 5.5,
        "otherOperatingExpensesTotal": -1.9,
        "period": "2023-12-31",
        "pretaxIncome": 173.4,
        "provisionforIncomeTaxes": 28.9,
        "revenue": 1154.8,
        "sgaExpense": 177.9,
        "totalOperatingExpense": 176,
        "totalOtherIncomeExpenseNet": -0.2
      },
      {
        "costOfGoodsSold": 937.8,
        "dilutedAverageSharesOutstanding": 35.7,
        "dilutedEPS": 3.65,
        "ebit": 210.3,
        "grossIncome": 428.5,
        "interestIncomeExpense": -5.8,
        "netIncome": 130.4,
        "netIncomeAfterTaxes": 130.4,
        "nonRecurringItems": -29.2,
        "otherOperatingExpensesTotal": 39.3,
        "period": "2023-09-30",
        "pretaxIncome": 175.2,
        "provisionforIncomeTaxes": 44.8,
        "revenue": 1366.3,
        "sgaExpense": 178.9,
        "totalOperatingExpense": 218.2,
        "totalOtherIncomeExpenseNet": -0.1
      },
      {
        "costOfGoodsSold": 953.6,
        "dilutedAverageSharesOutstanding": 35.6,
        "dilutedEPS": 6.1,
        "ebit": 277.4,
        "grossIncome": 457.8,
        "interestIncomeExpense": -9.8,
        "netIncome": 217.2,
        "netIncomeAfterTaxes": 217.2,
        "nonRecurringItems": -3.9,
        "otherOperatingExpensesTotal": -0.9,
        "period": "2023-06-30",
        "pretaxIncome": 263.7,
        "provisionforIncomeTaxes": 46.5,
        "revenue": 1411.4,
        "sgaExpense": 181.3,
        "totalOperatingExpense": 180.4,
        "totalOtherIncomeExpenseNet": 0
      },
      {
        "costOfGoodsSold": 742.8,
        "dilutedAverageSharesOutstanding": 35.6,
        "dilutedEPS": 2.75,
        "ebit": 139.9,
        "grossIncome": 306.6,
        "interestIncomeExpense": -12.5,
        "netIncome": 98,
        "netIncomeAfterTaxes": 98,
        "nonRecurringItems": -2.3,
        "otherOperatingExpensesTotal": 1.6,
        "period": "2023-03-31",
        "pretaxIncome": 125.1,
        "provisionforIncomeTaxes": 27.1,
        "revenue": 1049.4,
        "sgaExpense": 165.1,
        "totalOperatingExpense": 166.7,
        "totalOtherIncomeExpenseNet": 0
      },
      {
        "costOfGoodsSold": 808.6,
        "dilutedAverageSharesOutstanding": 35.5,
        "dilutedEPS": 2.66,
        "ebit": 129.6,
        "grossIncome": 285.2,
        "interestIncomeExpense": -10,
        "netIncome": 94.4,
        "netIncomeAfterTaxes": 94.4,
        "nonRecurringItems": -0.1,
        "otherOperatingExpensesTotal": 0.6,
        "period": "2022-12-31",
        "pretaxIncome": 119.5,
        "provisionforIncomeTaxes": 25.1,
        "revenue": 1093.8,
        "sgaExpense": 155,
        "totalOperatingExpense": 155.6,
        "totalOtherIncomeExpenseNet": 0
      },
      {
        "costOfGoodsSold": 910.7,
        "dilutedAverageSharesOutstanding": 35.5,
        "dilutedEPS": 4,
        "ebit": 184,
        "grossIncome": 334.2,
        "interestIncomeExpense": -8.7,
        "netIncome": 141.9,
        "netIncomeAfterTaxes": 141.9,
        "nonRecurringItems": 0,
        "otherOperatingExpensesTotal": 2.9,
        "period": "2022-09-30",
        "pretaxIncome": 174.6,
        "provisionforIncomeTaxes": 32.7,
        "revenue": 1244.9,
        "sgaExpense": 147.3,
        "totalOperatingExpense": 150.2,
        "totalOtherIncomeExpenseNet": -0.7
      },
      {
        "costOfGoodsSold": 969.2,
        "dilutedAverageSharesOutstanding": 35.7,
        "dilutedEPS": 4.96,
        "ebit": 227.4,
        "grossIncome": 397.1,
        "interestIncomeExpense": -8.5,
        "netIncome": 177.2,
        "netIncomeAfterTaxes": 177.2,
        "nonRecurringItems": -0.9,
        "otherOperatingExpensesTotal": 0.1,
        "period": "2022-06-30",
        "pretaxIncome": 217.3,
        "provisionforIncomeTaxes": 40.1,
        "revenue": 1366.3,
        "sgaExpense": 169.6,
        "totalOperatingExpense": 169.7,
        "totalOtherIncomeExpenseNet": -0.7
      },
      {
        "costOfGoodsSold": 745.2,
        "dilutedAverageSharesOutstanding": 36.5,
        "dilutedEPS": 2.29,
        "ebit": 112.6,
        "grossIncome": 268.2,
        "interestIncomeExpense": -5.6,
        "netIncome": 83.6,
        "netIncomeAfterTaxes": 83.6,
        "nonRecurringItems": -2,
        "otherOperatingExpensesTotal": 0.3,
        "period": "2022-03-31",
        "pretaxIncome": 104.4,
        "provisionforIncomeTaxes": 20.8,
        "revenue": 1013.4,
        "sgaExpense": 155.3,
        "totalOperatingExpense": 155.6,
        "totalOtherIncomeExpenseNet": -0.6
      },
      {
        "costOfGoodsSold": 711.2,
        "dilutedAverageSharesOutstanding": 36.9,
        "dilutedEPS": 2.26,
        "ebit": 98.5,
        "grossIncome": 253.6,
        "interestIncomeExpense": -5,
        "netIncome": 83.6,
        "netIncomeAfterTaxes": 83.5,
        "nonRecurringItems": -2.2,
        "otherOperatingExpensesTotal": 3.6,
        "period": "2021-12-31",
        "pretaxIncome": 90.2,
        "provisionforIncomeTaxes": 6.7,
        "revenue": 964.8,
        "sgaExpense": 151.5,
        "totalOperatingExpense": 155.1,
        "totalOtherIncomeExpenseNet": -1.1
      },
      {
        "costOfGoodsSold": 764.7,
        "dilutedAverageSharesOutstanding": 37,
        "dilutedEPS": 3.41,
        "ebit": 161.5,
        "grossIncome": 295.2,
        "interestIncomeExpense": -2.4,
        "netIncome": 126.3,
        "netIncomeAfterTaxes": 126.3,
        "nonRecurringItems": -3.2,
        "otherOperatingExpensesTotal": -0.5,
        "period": "2021-09-30",
        "pretaxIncome": 154.8,
        "provisionforIncomeTaxes": 28.5,
        "revenue": 1059.9,
        "sgaExpense": 134.2,
        "totalOperatingExpense": 133.7,
        "totalOtherIncomeExpenseNet": -1.1
      },
      {
        "costOfGoodsSold": 855.8,
        "dilutedAverageSharesOutstanding": 37.7,
        "dilutedEPS": 4.51,
        "ebit": 214.2,
        "grossIncome": 383.2,
        "interestIncomeExpense": -0.7,
        "netIncome": 170,
        "netIncomeAfterTaxes": 170,
        "nonRecurringItems": -3.9,
        "otherOperatingExpensesTotal": 1.2,
        "period": "2021-06-30",
        "pretaxIncome": 208.7,
        "provisionforIncomeTaxes": 38.7,
        "revenue": 1239,
        "sgaExpense": 167.8,
        "totalOperatingExpense": 169,
        "totalOtherIncomeExpenseNet": -0.9
      },
      {
        "costOfGoodsSold": 674,
        "dilutedAverageSharesOutstanding": 38.2,
        "dilutedEPS": 2.2,
        "ebit": 111.7,
        "grossIncome": 256.5,
        "interestIncomeExpense": -1.9,
        "netIncome": 84.2,
        "netIncomeAfterTaxes": 84.2,
        "nonRecurringItems": -2.4,
        "otherOperatingExpensesTotal": -0.5,
        "period": "2021-03-31",
        "pretaxIncome": 106.4,
        "provisionforIncomeTaxes": 22.2,
        "revenue": 930.5,
        "sgaExpense": 145.3,
        "totalOperatingExpense": 144.8,
        "totalOtherIncomeExpenseNet": -1
      },
      {
        "costOfGoodsSold": 638.7,
        "dilutedAverageSharesOutstanding": 38.6,
        "dilutedEPS": 2.91,
        "ebit": 135.3,
        "grossIncome": 275.3,
        "interestIncomeExpense": -0.7,
        "netIncome": 111.7,
        "netIncomeAfterTaxes": 112.2,
        "nonRecurringItems": -2,
        "otherOperatingExpensesTotal": -3.2,
        "period": "2020-12-31",
        "pretaxIncome": 131.5,
        "provisionforIncomeTaxes": 19.3,
        "revenue": 914,
        "sgaExpense": 143.2,
        "totalOperatingExpense": 140,
        "totalOtherIncomeExpenseNet": -1.1
      },
      {
        "costOfGoodsSold": 731.7,
        "dilutedAverageSharesOutstanding": 38.6,
        "dilutedEPS": 3.41,
        "ebit": 171.7,
        "grossIncome": 323.3,
        "interestIncomeExpense": -0.7,
        "netIncome": 131.7,
        "netIncomeAfterTaxes": 131.7,
        "nonRecurringItems": -10.7,
        "otherOperatingExpensesTotal": -0.2,
        "period": "2020-09-30",
        "pretaxIncome": 159.2,
        "provisionforIncomeTaxes": 27.5,
        "revenue": 1055,
        "sgaExpense": 151.8,
        "totalOperatingExpense": 151.6,
        "totalOtherIncomeExpenseNet": -1.1
      },
      {
        "costOfGoodsSold": 665.6,
        "dilutedAverageSharesOutstanding": 38.4,
        "dilutedEPS": 2.62,
        "ebit": 146.5,
        "grossIncome": 275.7,
        "interestIncomeExpense": -1.3,
        "netIncome": 100,
        "netIncomeAfterTaxes": 100.6,
        "nonRecurringItems": -16.1,
        "otherOperatingExpensesTotal": -0.3,
        "period": "2020-06-30",
        "pretaxIncome": 128,
        "provisionforIncomeTaxes": 27.4,
        "revenue": 941.3,
        "sgaExpense": 129.5,
        "totalOperatingExpense": 129.2,
        "totalOtherIncomeExpenseNet": -1.1
      },
      {
        "costOfGoodsSold": 558.1,
        "dilutedAverageSharesOutstanding": 38.7,
        "dilutedEPS": 0.32,
        "ebit": 34.2,
        "grossIncome": 165.7,
        "interestIncomeExpense": -6,
        "netIncome": 12.9,
        "netIncomeAfterTaxes": 12.5,
        "nonRecurringItems": -0.5,
        "otherOperatingExpensesTotal": 0.4,
        "period": "2020-03-31",
        "pretaxIncome": 26.5,
        "provisionforIncomeTaxes": 14,
        "revenue": 723.8,
        "sgaExpense": 131.1,
        "totalOperatingExpense": 131.5,
        "totalOtherIncomeExpenseNet": -1.2
      },
      {
        "costOfGoodsSold": 637.1,
        "dilutedAverageSharesOutstanding": 39.1,
        "dilutedEPS": 2.91,
        "ebit": 100.3,
        "grossIncome": 247.9,
        "interestExpense": 0.4,
        "interestIncomeExpense": -7.3,
        "netIncome": 114,
        "netIncomeAfterTaxes": 113.8,
        "nonRecurringItems": 49,
        "otherOperatingExpensesTotal": 3.3,
        "period": "2019-12-31",
        "pretaxIncome": 141.4,
        "provisionforIncomeTaxes": 27.6,
        "revenue": 885,
        "sgaExpense": 144.3,
        "totalOperatingExpense": 147.6,
        "totalOtherIncomeExpenseNet": -0.6
      },
      {
        "costOfGoodsSold": 734.6,
        "dilutedAverageSharesOutstanding": 39,
        "dilutedEPS": 2.94,
        "ebit": 154.4,
        "grossIncome": 298.3,
        "interestExpense": 0.2,
        "interestIncomeExpense": -9.1,
        "netIncome": 114.7,
        "netIncomeAfterTaxes": 114.7,
        "nonRecurringItems": -1,
        "otherOperatingExpensesTotal": 0.5,
        "period": "2019-09-30",
        "pretaxIncome": 143.7,
        "provisionforIncomeTaxes": 29,
        "revenue": 1032.9,
        "sgaExpense": 143.4,
        "totalOperatingExpense": 143.9,
        "totalOtherIncomeExpenseNet": -0.6
      },
      {
        "costOfGoodsSold": 767,
        "dilutedAverageSharesOutstanding": 39.5,
        "dilutedEPS": 2.81,
        "ebit": 177.5,
        "grossIncome": 332.1,
        "interestExpense": 0.2,
        "interestIncomeExpense": -8.5,
        "netIncome": 110.7,
        "netIncomeAfterTaxes": 111,
        "nonRecurringItems": -28.9,
        "otherOperatingExpensesTotal": 2.2,
        "period": "2019-06-30",
        "pretaxIncome": 139.8,
        "provisionforIncomeTaxes": 28.8,
        "revenue": 1099.1,
        "sgaExpense": 152.4,
        "totalOperatingExpense": 154.6,
        "totalOtherIncomeExpenseNet": -0.3
      },
      {
        "costOfGoodsSold": 588.7,
        "dilutedAverageSharesOutstanding": 40.1,
        "dilutedEPS": 1.73,
        "ebit": 55.7,
        "grossIncome": 201.6,
        "interestExpense": 0.2,
        "interestIncomeExpense": -7.5,
        "netIncome": 69.3,
        "netIncomeAfterTaxes": 69.4,
        "nonRecurringItems": 35.6,
        "otherOperatingExpensesTotal": 0.1,
        "period": "2019-03-31",
        "pretaxIncome": 83,
        "provisionforIncomeTaxes": 13.6,
        "revenue": 790.3,
        "sgaExpense": 145.8,
        "totalOperatingExpense": 145.9,
        "totalOtherIncomeExpenseNet": -0.8
      },
      {
        "costOfGoodsSold": 618.9,
        "dilutedAverageSharesOutstanding": 40.5,
        "dilutedEPS": 1.86,
        "ebit": 81.3,
        "grossIncome": 224.6,
        "interestIncomeExpense": -9.4,
        "netIncome": 75.6,
        "netIncomeAfterTaxes": 79.7,
        "nonRecurringItems": 34.5,
        "otherOperatingExpensesTotal": 1.2,
        "period": "2018-12-31",
        "pretaxIncome": 105.5,
        "provisionforIncomeTaxes": 25.8,
        "revenue": 843.5,
        "sgaExpense": 142.1,
        "totalOperatingExpense": 143.3,
        "totalOtherIncomeExpenseNet": -0.9
      },
      {
        "costOfGoodsSold": 728.3,
        "dilutedAverageSharesOutstanding": 40.7,
        "dilutedEPS": 2.65,
        "ebit": 152.1,
        "grossIncome": 301.9,
        "interestIncomeExpense": -8.7,
        "netIncome": 108,
        "netIncomeAfterTaxes": 108,
        "nonRecurringItems": -8.5,
        "otherOperatingExpensesTotal": 0.4,
        "period": "2018-09-30",
        "pretaxIncome": 133.8,
        "provisionforIncomeTaxes": 25.8,
        "revenue": 1030.2,
        "sgaExpense": 149.4,
        "totalOperatingExpense": 149.8,
        "totalOtherIncomeExpenseNet": -1.1
      },
      {
        "costOfGoodsSold": 813.8,
        "dilutedAverageSharesOutstanding": 41.1,
        "dilutedEPS": 3.34,
        "ebit": 198.8,
        "grossIncome": 361.6,
        "interestIncomeExpense": -4.8,
        "netIncome": 137.6,
        "netIncomeAfterTaxes": 139.2,
        "nonRecurringItems": -8.7,
        "otherOperatingExpensesTotal": 1.4,
        "period": "2018-06-30",
        "pretaxIncome": 184.5,
        "provisionforIncomeTaxes": 45.3,
        "revenue": 1175.4,
        "sgaExpense": 161.4,
        "totalOperatingExpense": 162.8,
        "totalOtherIncomeExpenseNet": -0.8
      },
      {
        "costOfGoodsSold": 611.6,
        "dilutedAverageSharesOutstanding": 42.1,
        "dilutedEPS": 0.9,
        "ebit": 67.3,
        "grossIncome": 223.2,
        "interestIncomeExpense": -6.7,
        "netIncome": 37.9,
        "netIncomeAfterTaxes": 37.9,
        "nonRecurringItems": -16,
        "otherOperatingExpensesTotal": 0.7,
        "period": "2018-03-31",
        "pretaxIncome": 44,
        "provisionforIncomeTaxes": 6.1,
        "revenue": 834.8,
        "sgaExpense": 155.2,
        "totalOperatingExpense": 155.9,
        "totalOtherIncomeExpenseNet": -0.6
      },
      {
        "costOfGoodsSold": 632,
        "dilutedAverageSharesOutstanding": 42.5,
        "dilutedEPS": 1.01,
        "ebit": 98.7,
        "grossIncome": 259.7,
        "interestIncomeExpense": -0.3,
        "netIncome": 43.2,
        "netIncomeAfterTaxes": 75.3,
        "nonRecurringItems": -2,
        "otherOperatingExpensesTotal": 2.9,
        "period": "2017-12-31",
        "pretaxIncome": 96.3,
        "provisionforIncomeTaxes": 21,
        "revenue": 891.7,
        "sgaExpense": 158.1,
        "totalOperatingExpense": 161,
        "totalOtherIncomeExpenseNet": -0.1
      },
      {
        "costOfGoodsSold": 738.6,
        "dilutedAverageSharesOutstanding": 42.4,
        "dilutedEPS": 2.45,
        "ebit": 153.5,
        "grossIncome": 313.7,
        "interestIncomeExpense": -1.5,
        "netIncome": 103.5,
        "netIncomeAfterTaxes": 104,
        "nonRecurringItems": -5,
        "otherOperatingExpensesTotal": 1.5,
        "period": "2017-09-30",
        "pretaxIncome": 147,
        "provisionforIncomeTaxes": 43,
        "revenue": 1052.3,
        "sgaExpense": 158.7,
        "totalOperatingExpense": 160.2,
        "totalOtherIncomeExpenseNet": 0
      },
      {
        "costOfGoodsSold": 761.3,
        "dilutedAverageSharesOutstanding": 42.9,
        "dilutedEPS": 2.71,
        "ebit": 168.8,
        "grossIncome": 340.8,
        "interestIncomeExpense": 0.4,
        "netIncome": 115.5,
        "netIncomeAfterTaxes": 116.4,
        "nonRecurringItems": -2,
        "otherOperatingExpensesTotal": 3.5,
        "period": "2017-06-30",
        "pretaxIncome": 167.3,
        "provisionforIncomeTaxes": 50.9,
        "revenue": 1102.1,
        "sgaExpense": 168.5,
        "totalOperatingExpense": 172,
        "totalOtherIncomeExpenseNet": 0.1
      },
      {
        "costOfGoodsSold": 582.5,
        "dilutedAverageSharesOutstanding": 43.5,
        "dilutedEPS": 1,
        "ebit": 58.8,
        "grossIncome": 210.9,
        "interestIncomeExpense": -2.8,
        "netIncome": 43.5,
        "netIncomeAfterTaxes": 43.5,
        "nonRecurringItems": -2.6,
        "otherOperatingExpensesTotal": -0.3,
        "period": "2017-03-31",
        "pretaxIncome": 53.4,
        "provisionforIncomeTaxes": 9.9,
        "revenue": 793.4,
        "sgaExpense": 152.4,
        "totalOperatingExpense": 152.1
      },
      {
        "costOfGoodsSold": 629.6,
        "dilutedAverageSharesOutstanding": 43.4,
        "dilutedEPS": 0.94,
        "ebit": 104,
        "grossIncome": 267.7,
        "interestIncomeExpense": -5.7,
        "netIncome": 40.5,
        "netIncomeAfterTaxes": 40.7,
        "nonRecurringItems": -37.6,
        "otherOperatingExpensesTotal": -1.1,
        "period": "2016-12-31",
        "pretaxIncome": 60.8,
        "provisionforIncomeTaxes": 20.1,
        "revenue": 897.3,
        "sgaExpense": 164.8,
        "totalOperatingExpense": 163.7,
        "totalOtherIncomeExpenseNet": 0.1
      },
      {
        "costOfGoodsSold": 699.7,
        "dilutedAverageSharesOutstanding": 43.7,
        "dilutedEPS": 2.33,
        "ebit": 153.4,
        "grossIncome": 310.3,
        "interestIncomeExpense": -1.8,
        "netIncome": 101.7,
        "netIncomeAfterTaxes": 101.7,
        "nonRecurringItems": -1.7,
        "otherOperatingExpensesTotal": 0.4,
        "period": "2016-09-30",
        "pretaxIncome": 149.9,
        "provisionforIncomeTaxes": 48.2,
        "revenue": 1010,
        "sgaExpense": 156.5,
        "totalOperatingExpense": 156.9,
        "totalOtherIncomeExpenseNet": 0
      },
      {
        "costOfGoodsSold": 704.2,
        "dilutedAverageSharesOutstanding": 44.1,
        "dilutedEPS": 2.52,
        "ebit": 154.7,
        "grossIncome": 315,
        "interestIncomeExpense": -0.5,
        "netIncome": 110.7,
        "netIncomeAfterTaxes": 111.2,
        "nonRecurringItems": -0.3,
        "otherOperatingExpensesTotal": 0.9,
        "period": "2016-06-30",
        "pretaxIncome": 154.1,
        "provisionforIncomeTaxes": 42.9,
        "revenue": 1019.2,
        "sgaExpense": 159.4,
        "totalOperatingExpense": 160.3,
        "totalOtherIncomeExpenseNet": 0.2
      },
      {
        "costOfGoodsSold": 531.6,
        "dilutedAverageSharesOutstanding": 44.7,
        "dilutedEPS": 0.56,
        "ebit": 42.4,
        "grossIncome": 183.6,
        "interestIncomeExpense": -1.8,
        "netIncome": 24.9,
        "netIncomeAfterTaxes": 24.9,
        "nonRecurringItems": -2.7,
        "otherOperatingExpensesTotal": 0.8,
        "period": "2016-03-31",
        "pretaxIncome": 37.9,
        "provisionforIncomeTaxes": 13,
        "revenue": 715.2,
        "sgaExpense": 140.4,
        "totalOperatingExpense": 141.2,
        "totalOtherIncomeExpenseNet": 0
      },
      {
        "costOfGoodsSold": 606.5,
        "dilutedAverageSharesOutstanding": 45.6,
        "dilutedEPS": 0.25,
        "ebit": 76.9,
        "grossIncome": 227.6,
        "interestIncomeExpense": -5.3,
        "netIncome": 11.3,
        "netIncomeAfterTaxes": 11.4,
        "nonRecurringItems": -56.8,
        "otherOperatingExpensesTotal": 0.2,
        "period": "2015-12-31",
        "pretaxIncome": 14.9,
        "provisionforIncomeTaxes": 3.5,
        "revenue": 834.1,
        "sgaExpense": 150.5,
        "totalOperatingExpense": 150.7,
        "totalOtherIncomeExpenseNet": 0.1
      },
      {
        "costOfGoodsSold": 681.6,
        "dilutedAverageSharesOutstanding": 45.6,
        "dilutedEPS": 1.76,
        "ebit": 128.2,
        "grossIncome": 273.4,
        "interestIncomeExpense": -5.5,
        "netIncome": 80.3,
        "netIncomeAfterTaxes": 80.3,
        "nonRecurringItems": -1.4,
        "otherOperatingExpensesTotal": 1.4,
        "period": "2015-09-30",
        "pretaxIncome": 122,
        "provisionforIncomeTaxes": 41.7,
        "revenue": 955,
        "sgaExpense": 143.8,
        "totalOperatingExpense": 145.2,
        "totalOtherIncomeExpenseNet": 0.7
      }
    ],
    "symbol": "LII"
  }
}