{
  "symbol": "CF",
  "statement": "ic",
  "frequency": "quarterly",
  "timestamp": "2025-09-19T13:57:41.653491",
  "data": {
    "financials": [
      {
        "costOfGoodsSold": 1135,
        "dilutedAverageSharesOutstanding": 163.1,
        "dilutedEPS": 2.3667,
        "ebit": 643,
        "grossIncome": 755,
        "interestExpense": 36,
        "interestIncomeExpense": -14,
        "minorityInterest": -106,
        "netIncome": 386,
        "netIncomeAfterTaxes": 492,
        "nonRecurringItems": 0,
        "otherOperatingExpensesTotal": 11,
        "period": "2025-06-30",
        "pretaxIncome": 635,
        "provisionforIncomeTaxes": 143,
        "revenue": 1890,
        "sgaExpense": 101,
        "totalOperatingExpense": 112,
        "totalOtherIncomeExpenseNet": 6
      },
      {
        "costOfGoodsSold": 1091,
        "dilutedAverageSharesOutstanding": 168.8,
        "dilutedEPS": 1.8483,
        "ebit": 476,
        "grossIncome": 572,
        "interestExpense": 37,
        "interestIncomeExpense": -18,
        "minorityInterest": -39,
        "netIncome": 312,
        "netIncomeAfterTaxes": 351,
        "nonRecurringItems": -23,
        "otherOperatingExpensesTotal": 12,
        "period": "2025-03-31",
        "pretaxIncome": 437,
        "provisionforIncomeTaxes": 86,
        "revenue": 1663,
        "sgaExpense": 84,
        "totalOperatingExpense": 96,
        "totalOtherIncomeExpenseNet": 2
      },
      {
        "costOfGoodsSold": 1000,
        "dilutedAverageSharesOutstanding": 173.5,
        "dilutedEPS": 1.8905,
        "ebit": 401,
        "grossIncome": 524,
        "interestExpense": 37,
        "interestIncomeExpense": -9,
        "minorityInterest": -64,
        "netIncome": 328,
        "netIncomeAfterTaxes": 392,
        "nonRecurringItems": 35,
        "otherOperatingExpensesTotal": 45,
        "period": "2024-12-31",
        "pretaxIncome": 433,
        "provisionforIncomeTaxes": 41,
        "revenue": 1524,
        "sgaExpense": 78,
        "totalOperatingExpense": 123,
        "totalOtherIncomeExpenseNet": 6
      },
      {
        "costOfGoodsSold": 926,
        "dilutedAverageSharesOutstanding": 178.6,
        "dilutedEPS": 1.5454,
        "ebit": 363,
        "grossIncome": 444,
        "interestExpense": 37,
        "interestIncomeExpense": 33,
        "minorityInterest": -65,
        "netIncome": 276,
        "netIncomeAfterTaxes": 341,
        "nonRecurringItems": 0,
        "otherOperatingExpensesTotal": 3,
        "period": "2024-09-30",
        "pretaxIncome": 400,
        "provisionforIncomeTaxes": 59,
        "revenue": 1370,
        "sgaExpense": 78,
        "totalOperatingExpense": 81,
        "totalOtherIncomeExpenseNet": 4
      },
      {
        "costOfGoodsSold": 893,
        "dilutedAverageSharesOutstanding": 182.8,
        "dilutedEPS": 2.2976,
        "ebit": 642,
        "grossIncome": 679,
        "interestExpense": 37,
        "interestIncomeExpense": -12,
        "minorityInterest": -86,
        "netIncome": 420,
        "netIncomeAfterTaxes": 506,
        "nonRecurringItems": -1,
        "otherOperatingExpensesTotal": -39,
        "period": "2024-06-30",
        "pretaxIncome": 629,
        "provisionforIncomeTaxes": 123,
        "revenue": 1572,
        "sgaExpense": 76,
        "totalOperatingExpense": 37,
        "totalOtherIncomeExpenseNet": 0
      },
      {
        "costOfGoodsSold": 1061,
        "dilutedAverageSharesOutstanding": 188.1,
        "dilutedEPS": 1.0314,
        "ebit": 305,
        "grossIncome": 409,
        "interestExpense": 37,
        "interestIncomeExpense": -6,
        "minorityInterest": -44,
        "netIncome": 194,
        "netIncomeAfterTaxes": 238,
        "nonRecurringItems": -3,
        "otherOperatingExpensesTotal": 16,
        "period": "2024-03-31",
        "pretaxIncome": 300,
        "provisionforIncomeTaxes": 62,
        "revenue": 1470,
        "sgaExpense": 88,
        "totalOperatingExpense": 104,
        "totalOtherIncomeExpenseNet": 4
      },
      {
        "costOfGoodsSold": 1070,
        "dilutedAverageSharesOutstanding": 190.5,
        "dilutedEPS": 1.4383,
        "ebit": 397,
        "grossIncome": 501,
        "interestExpense": 38,
        "interestIncomeExpense": 17,
        "minorityInterest": -78,
        "netIncome": 274,
        "netIncomeAfterTaxes": 352,
        "nonRecurringItems": 20,
        "otherOperatingExpensesTotal": 28,
        "period": "2023-12-31",
        "pretaxIncome": 436,
        "provisionforIncomeTaxes": 84,
        "revenue": 1571,
        "sgaExpense": 76,
        "totalOperatingExpense": 104,
        "totalOtherIncomeExpenseNet": 2
      },
      {
        "costOfGoodsSold": 896,
        "dilutedAverageSharesOutstanding": 192.9,
        "dilutedEPS": 0.8502,
        "ebit": 303,
        "grossIncome": 377,
        "interestExpense": 39,
        "interestIncomeExpense": 6,
        "minorityInterest": -66,
        "netIncome": 164,
        "netIncomeAfterTaxes": 230,
        "nonRecurringItems": -59,
        "otherOperatingExpensesTotal": 6,
        "period": "2023-09-30",
        "pretaxIncome": 253,
        "provisionforIncomeTaxes": 23,
        "revenue": 1273,
        "sgaExpense": 68,
        "totalOperatingExpense": 74,
        "totalOtherIncomeExpenseNet": 3
      },
      {
        "costOfGoodsSold": 971,
        "dilutedAverageSharesOutstanding": 195,
        "dilutedEPS": 2.7026,
        "ebit": 729,
        "grossIncome": 804,
        "interestExpense": 38,
        "interestIncomeExpense": 12,
        "minorityInterest": -79,
        "netIncome": 527,
        "netIncomeAfterTaxes": 606,
        "nonRecurringItems": -3,
        "otherOperatingExpensesTotal": 4,
        "period": "2023-06-30",
        "pretaxIncome": 740,
        "provisionforIncomeTaxes": 134,
        "revenue": 1775,
        "sgaExpense": 71,
        "totalOperatingExpense": 75,
        "totalOtherIncomeExpenseNet": 2
      },
      {
        "costOfGoodsSold": 1149,
        "dilutedAverageSharesOutstanding": 196.9,
        "dilutedEPS": 2.8441,
        "ebit": 823,
        "grossIncome": 863,
        "interestExpense": 40,
        "interestIncomeExpense": 8,
        "minorityInterest": -90,
        "netIncome": 560,
        "netIncomeAfterTaxes": 650,
        "nonRecurringItems": -15,
        "otherOperatingExpensesTotal": -34,
        "period": "2023-03-31",
        "pretaxIncome": 819,
        "provisionforIncomeTaxes": 169,
        "revenue": 2012,
        "sgaExpense": 74,
        "totalOperatingExpense": 40,
        "totalOtherIncomeExpenseNet": 3
      },
      {
        "costOfGoodsSold": 1352,
        "dilutedAverageSharesOutstanding": 197.3,
        "dilutedEPS": 4.3588,
        "ebit": 1178,
        "grossIncome": 1256,
        "interestExpense": -25,
        "interestIncomeExpense": 64,
        "minorityInterest": -149,
        "netIncome": 860,
        "netIncomeAfterTaxes": 1009,
        "nonRecurringItems": 3,
        "otherOperatingExpensesTotal": -9,
        "period": "2022-12-31",
        "pretaxIncome": 1254,
        "provisionforIncomeTaxes": 245,
        "revenue": 2608,
        "sgaExpense": 87,
        "totalOperatingExpense": 78,
        "totalOtherIncomeExpenseNet": 9
      },
      {
        "costOfGoodsSold": 1405,
        "dilutedAverageSharesOutstanding": 200.9,
        "dilutedEPS": 2.1802,
        "ebit": 852,
        "grossIncome": 916,
        "interestExpense": 46,
        "interestIncomeExpense": -41,
        "minorityInterest": -100,
        "netIncome": 438,
        "netIncomeAfterTaxes": 538,
        "nonRecurringItems": -95,
        "otherOperatingExpensesTotal": -2,
        "period": "2022-09-30",
        "pretaxIncome": 693,
        "provisionforIncomeTaxes": 155,
        "revenue": 2321,
        "sgaExpense": 66,
        "totalOperatingExpense": 64,
        "totalOtherIncomeExpenseNet": -23
      },
      {
        "costOfGoodsSold": 1398,
        "dilutedAverageSharesOutstanding": 208.9,
        "dilutedEPS": 5.5768,
        "ebit": 1917,
        "grossIncome": 1991,
        "interestExpense": 82,
        "interestIncomeExpense": -51,
        "minorityInterest": -174,
        "netIncome": 1165,
        "netIncomeAfterTaxes": 1339,
        "nonRecurringItems": -170,
        "otherOperatingExpensesTotal": 1,
        "period": "2022-06-30",
        "pretaxIncome": 1696,
        "provisionforIncomeTaxes": 357,
        "revenue": 3389,
        "sgaExpense": 73,
        "totalOperatingExpense": 74,
        "totalOtherIncomeExpenseNet": 0
      },
      {
        "costOfGoodsSold": 1170,
        "dilutedAverageSharesOutstanding": 209.9,
        "dilutedEPS": 4.2068,
        "ebit": 1638,
        "grossIncome": 1698,
        "interestExpense": 241,
        "interestIncomeExpense": -185,
        "minorityInterest": -168,
        "netIncome": 883,
        "netIncomeAfterTaxes": 1051,
        "nonRecurringItems": 0,
        "otherOperatingExpensesTotal": -4,
        "period": "2022-03-31",
        "pretaxIncome": 1452,
        "provisionforIncomeTaxes": 401,
        "revenue": 2868,
        "sgaExpense": 64,
        "totalOperatingExpense": 60,
        "totalOtherIncomeExpenseNet": -1
      },
      {
        "costOfGoodsSold": 1385,
        "dilutedAverageSharesOutstanding": 215.6,
        "dilutedEPS": 3.2699,
        "ebit": 1120,
        "grossIncome": 1155,
        "interestExpense": 44,
        "interestIncomeExpense": -34,
        "minorityInterest": -154,
        "netIncome": 705,
        "netIncomeAfterTaxes": 859,
        "nonRecurringItems": 0,
        "otherOperatingExpensesTotal": -21,
        "period": "2021-12-31",
        "pretaxIncome": 1085,
        "provisionforIncomeTaxes": 226,
        "revenue": 2540,
        "sgaExpense": 56,
        "totalOperatingExpense": 35,
        "totalOtherIncomeExpenseNet": -1
      },
      {
        "costOfGoodsSold": 922,
        "dilutedAverageSharesOutstanding": 214.9,
        "dilutedEPS": -0.8609,
        "ebit": 385,
        "grossIncome": 440,
        "interestExpense": 46,
        "interestIncomeExpense": -33,
        "minorityInterest": -94,
        "netIncome": -185,
        "netIncomeAfterTaxes": -91,
        "nonRecurringItems": -528,
        "otherOperatingExpensesTotal": 3,
        "period": "2021-09-30",
        "pretaxIncome": -137,
        "provisionforIncomeTaxes": -46,
        "revenue": 1362,
        "sgaExpense": 52,
        "totalOperatingExpense": 55,
        "totalOtherIncomeExpenseNet": 39
      },
      {
        "costOfGoodsSold": 1085,
        "dilutedAverageSharesOutstanding": 216.6,
        "dilutedEPS": 1.1357,
        "ebit": 442,
        "grossIncome": 503,
        "interestExpense": 46,
        "interestIncomeExpense": -38,
        "minorityInterest": -71,
        "netIncome": 246,
        "netIncomeAfterTaxes": 317,
        "nonRecurringItems": 0,
        "otherOperatingExpensesTotal": 1,
        "period": "2021-06-30",
        "pretaxIncome": 402,
        "provisionforIncomeTaxes": 85,
        "revenue": 1588,
        "sgaExpense": 60,
        "totalOperatingExpense": 61,
        "totalOtherIncomeExpenseNet": -2
      },
      {
        "costOfGoodsSold": 759,
        "dilutedAverageSharesOutstanding": 216,
        "dilutedEPS": 0.7,
        "ebit": 236,
        "grossIncome": 289,
        "interestExpense": 48,
        "interestIncomeExpense": -37,
        "minorityInterest": -24,
        "netIncome": 151,
        "netIncomeAfterTaxes": 175,
        "nonRecurringItems": -6,
        "otherOperatingExpensesTotal": -2,
        "period": "2021-03-31",
        "pretaxIncome": 193,
        "provisionforIncomeTaxes": 18,
        "revenue": 1048,
        "sgaExpense": 55,
        "totalOperatingExpense": 53
      },
      {
        "costOfGoodsSold": 922,
        "dilutedAverageSharesOutstanding": 214.9,
        "dilutedEPS": 0.4,
        "ebit": 124,
        "grossIncome": 180,
        "interestExpense": 38,
        "interestIncomeExpense": -33,
        "minorityInterest": -32,
        "netIncome": 87,
        "netIncomeAfterTaxes": 119,
        "nonRecurringItems": 27,
        "otherOperatingExpensesTotal": 4,
        "period": "2020-12-31",
        "pretaxIncome": 117,
        "provisionforIncomeTaxes": -2,
        "revenue": 1102,
        "sgaExpense": 52,
        "totalOperatingExpense": 56,
        "totalOtherIncomeExpenseNet": -1
      },
      {
        "costOfGoodsSold": 753,
        "dilutedAverageSharesOutstanding": 213.9,
        "dilutedEPS": -0.13,
        "ebit": 44,
        "grossIncome": 94,
        "interestExpense": 48,
        "interestIncomeExpense": -40,
        "minorityInterest": -32,
        "netIncome": -28,
        "netIncomeAfterTaxes": 4,
        "nonRecurringItems": -12,
        "otherOperatingExpensesTotal": 1,
        "period": "2020-09-30",
        "pretaxIncome": -9,
        "provisionforIncomeTaxes": -13,
        "revenue": 847,
        "sgaExpense": 49,
        "totalOperatingExpense": 50,
        "totalOtherIncomeExpenseNet": -1
      },
      {
        "costOfGoodsSold": 855,
        "dilutedAverageSharesOutstanding": 214.6,
        "dilutedEPS": 0.89,
        "ebit": 295,
        "grossIncome": 349,
        "interestExpense": 49,
        "interestIncomeExpense": -24,
        "minorityInterest": -28,
        "netIncome": 190,
        "netIncomeAfterTaxes": 218,
        "nonRecurringItems": -23,
        "otherOperatingExpensesTotal": 3,
        "period": "2020-06-30",
        "pretaxIncome": 251,
        "provisionforIncomeTaxes": 33,
        "revenue": 1204,
        "sgaExpense": 51,
        "totalOperatingExpense": 54,
        "totalOtherIncomeExpenseNet": 3
      },
      {
        "costOfGoodsSold": 767,
        "dilutedAverageSharesOutstanding": 216.6,
        "dilutedEPS": 0.31,
        "ebit": 152,
        "grossIncome": 204,
        "interestExpense": 44,
        "interestIncomeExpense": -58,
        "minorityInterest": -23,
        "netIncome": 68,
        "netIncomeAfterTaxes": 91,
        "nonRecurringItems": 10,
        "otherOperatingExpensesTotal": -2,
        "period": "2020-03-31",
        "pretaxIncome": 104,
        "provisionforIncomeTaxes": 13,
        "revenue": 971,
        "sgaExpense": 54,
        "totalOperatingExpense": 52,
        "totalOtherIncomeExpenseNet": 0
      },
      {
        "costOfGoodsSold": 822,
        "dilutedAverageSharesOutstanding": 218.9,
        "dilutedEPS": 0.25,
        "ebit": 174,
        "grossIncome": 227,
        "interestExpense": 55,
        "interestIncomeExpense": -46,
        "minorityInterest": -39,
        "netIncome": 55,
        "netIncomeAfterTaxes": 94,
        "nonRecurringItems": -21,
        "otherOperatingExpensesTotal": -10,
        "period": "2019-12-31",
        "pretaxIncome": 107,
        "provisionforIncomeTaxes": 13,
        "revenue": 1049,
        "sgaExpense": 63,
        "totalOperatingExpense": 53,
        "totalOtherIncomeExpenseNet": 0
      },
      {
        "costOfGoodsSold": 810,
        "dilutedAverageSharesOutstanding": 220.7,
        "dilutedEPS": 0.29,
        "ebit": 202,
        "grossIncome": 228,
        "interestExpense": 63,
        "interestIncomeExpense": -73,
        "minorityInterest": -49,
        "netIncome": 65,
        "netIncomeAfterTaxes": 114,
        "otherOperatingExpensesTotal": -30,
        "period": "2019-09-30",
        "pretaxIncome": 133,
        "provisionforIncomeTaxes": 19,
        "revenue": 1038,
        "sgaExpense": 56,
        "totalOperatingExpense": 26,
        "totalOtherIncomeExpenseNet": 4
      },
      {
        "costOfGoodsSold": 1003,
        "dilutedAverageSharesOutstanding": 222.3,
        "dilutedEPS": 1.27,
        "ebit": 474,
        "grossIncome": 499,
        "interestExpense": 59,
        "interestIncomeExpense": -54,
        "minorityInterest": -37,
        "netIncome": 283,
        "netIncomeAfterTaxes": 320,
        "otherOperatingExpensesTotal": -37,
        "period": "2019-06-30",
        "pretaxIncome": 422,
        "provisionforIncomeTaxes": 102,
        "revenue": 1502,
        "sgaExpense": 62,
        "totalOperatingExpense": 25,
        "totalOtherIncomeExpenseNet": 2
      },
      {
        "costOfGoodsSold": 781,
        "dilutedAverageSharesOutstanding": 224.6,
        "dilutedEPS": 0.4,
        "ebit": 158,
        "grossIncome": 220,
        "interestExpense": 60,
        "interestIncomeExpense": -49,
        "minorityInterest": -28,
        "netIncome": 90,
        "netIncomeAfterTaxes": 118,
        "otherOperatingExpensesTotal": 4,
        "period": "2019-03-31",
        "pretaxIncome": 110,
        "provisionforIncomeTaxes": -8,
        "revenue": 1001,
        "sgaExpense": 58,
        "totalOperatingExpense": 62,
        "totalOtherIncomeExpenseNet": 1
      },
      {
        "costOfGoodsSold": 890,
        "dilutedAverageSharesOutstanding": 230.5,
        "dilutedEPS": 0.21,
        "ebit": 189,
        "grossIncome": 242,
        "interestExpense": 61,
        "interestIncomeExpense": -51,
        "minorityInterest": -46,
        "netIncome": 49,
        "netIncomeAfterTaxes": 111,
        "nonRecurringItems": 0,
        "otherOperatingExpensesTotal": 2,
        "period": "2018-12-31",
        "pretaxIncome": 141,
        "provisionforIncomeTaxes": 30,
        "revenue": 1132,
        "sgaExpense": 51,
        "totalOperatingExpense": 53,
        "totalOtherIncomeExpenseNet": 3
      },
      {
        "costOfGoodsSold": 867,
        "dilutedAverageSharesOutstanding": 235.2,
        "dilutedEPS": 0.13,
        "ebit": 131,
        "grossIncome": 173,
        "interestExpense": 60,
        "interestIncomeExpense": -50,
        "minorityInterest": -41,
        "netIncome": 30,
        "netIncomeAfterTaxes": 71,
        "otherOperatingExpensesTotal": -11,
        "period": "2018-09-30",
        "pretaxIncome": 83,
        "provisionforIncomeTaxes": 12,
        "revenue": 1040,
        "sgaExpense": 53,
        "totalOperatingExpense": 42,
        "totalOtherIncomeExpenseNet": 2
      },
      {
        "costOfGoodsSold": 988,
        "dilutedAverageSharesOutstanding": 234.9,
        "dilutedEPS": 0.63,
        "ebit": 256,
        "grossIncome": 312,
        "interestExpense": 61,
        "interestIncomeExpense": -41,
        "minorityInterest": -26,
        "netIncome": 148,
        "netIncomeAfterTaxes": 174,
        "otherOperatingExpensesTotal": 3,
        "period": "2018-06-30",
        "pretaxIncome": 218,
        "provisionforIncomeTaxes": 44,
        "revenue": 1300,
        "sgaExpense": 53,
        "totalOperatingExpense": 56,
        "totalOtherIncomeExpenseNet": 3
      },
      {
        "costOfGoodsSold": 767,
        "dilutedAverageSharesOutstanding": 234.8,
        "dilutedEPS": 0.27,
        "ebit": 154,
        "grossIncome": 190,
        "interestExpense": 60,
        "interestIncomeExpense": -50,
        "minorityInterest": -25,
        "netIncome": 63,
        "netIncomeAfterTaxes": 88,
        "otherOperatingExpensesTotal": -21,
        "period": "2018-03-31",
        "pretaxIncome": 105,
        "provisionforIncomeTaxes": 17,
        "revenue": 957,
        "sgaExpense": 57,
        "totalOperatingExpense": 36,
        "totalOtherIncomeExpenseNet": 1
      },
      {
        "costOfGoodsSold": 956,
        "dilutedAverageSharesOutstanding": 236,
        "dilutedEPS": 1.97,
        "ebit": 88,
        "grossIncome": 143,
        "interestExpense": 75,
        "interestIncomeExpense": -53,
        "minorityInterest": -38,
        "netIncome": 465,
        "netIncomeAfterTaxes": 12,
        "nonRecurringItems": -53,
        "otherOperatingExpensesTotal": 4,
        "period": "2017-12-31",
        "pretaxIncome": -17,
        "provisionforIncomeTaxes": -29,
        "revenue": 1099,
        "sgaExpense": 51,
        "totalOperatingExpense": 55,
        "totalOtherIncomeExpenseNet": 1
      },
      {
        "costOfGoodsSold": 859,
        "dilutedAverageSharesOutstanding": 233.2,
        "dilutedEPS": -0.37,
        "ebit": -32,
        "grossIncome": 11,
        "interestExpense": 81,
        "interestIncomeExpense": -81,
        "minorityInterest": -19,
        "netIncome": -87,
        "netIncomeAfterTaxes": -68,
        "otherOperatingExpensesTotal": -2,
        "period": "2017-09-30",
        "pretaxIncome": -115,
        "provisionforIncomeTaxes": -47,
        "revenue": 870,
        "sgaExpense": 45,
        "totalOperatingExpense": 43,
        "totalOtherIncomeExpenseNet": -2
      },
      {
        "costOfGoodsSold": 952,
        "dilutedAverageSharesOutstanding": 233.7,
        "dilutedEPS": 0.01,
        "ebit": 113,
        "grossIncome": 172,
        "interestExpense": 80,
        "interestIncomeExpense": -84,
        "minorityInterest": -21,
        "netIncome": 3,
        "netIncomeAfterTaxes": 24,
        "nonRecurringItems": 0,
        "otherOperatingExpensesTotal": 10,
        "period": "2017-06-30",
        "pretaxIncome": 29,
        "provisionforIncomeTaxes": 5,
        "revenue": 1124,
        "sgaExpense": 49,
        "totalOperatingExpense": 59,
        "totalOtherIncomeExpenseNet": 0
      },
      {
        "costOfGoodsSold": 931,
        "dilutedAverageSharesOutstanding": 233.1,
        "dilutedEPS": -0.1,
        "ebit": 54,
        "grossIncome": 106,
        "interestExpense": 80,
        "interestIncomeExpense": -76,
        "minorityInterest": -14,
        "netIncome": -23,
        "netIncomeAfterTaxes": -9,
        "nonRecurringItems": 0,
        "otherOperatingExpensesTotal": 6,
        "period": "2017-03-31",
        "pretaxIncome": -22,
        "provisionforIncomeTaxes": -13,
        "revenue": 1037,
        "sgaExpense": 46,
        "totalOperatingExpense": 52,
        "totalOtherIncomeExpenseNet": 0
      },
      {
        "costOfGoodsSold": 773,
        "dilutedAverageSharesOutstanding": 232.8,
        "dilutedEPS": -1.37,
        "ebit": 234,
        "equityEarningsAffiliates": 0,
        "grossIncome": 94,
        "interestExpense": 70,
        "interestIncomeExpense": -320,
        "minorityInterest": -32,
        "netIncome": -320,
        "netIncomeAfterTaxes": -288,
        "nonRecurringItems": -250,
        "otherOperatingExpensesTotal": -173,
        "period": "2016-12-31",
        "pretaxIncome": -335,
        "provisionforIncomeTaxes": -47,
        "revenue": 867,
        "sgaExpense": 33,
        "totalOperatingExpense": -140,
        "totalOtherIncomeExpenseNet": 1
      },
      {
        "costOfGoodsSold": 678,
        "dilutedAverageSharesOutstanding": 233.1,
        "dilutedEPS": -0.13,
        "ebit": -99,
        "equityEarningsAffiliates": 0,
        "grossIncome": 2,
        "interestExpense": 31,
        "interestIncomeExpense": -31,
        "minorityInterest": -30,
        "netIncome": -30,
        "netIncomeAfterTaxes": 0,
        "nonRecurringItems": 0,
        "otherOperatingExpensesTotal": 57,
        "period": "2016-09-30",
        "pretaxIncome": -131,
        "provisionforIncomeTaxes": -131,
        "revenue": 680,
        "sgaExpense": 44,
        "totalOperatingExpense": 101,
        "totalOtherIncomeExpenseNet": -1
      },
      {
        "costOfGoodsSold": 607,
        "dilutedAverageSharesOutstanding": 233.5,
        "dilutedEPS": 0.2,
        "ebit": 408,
        "equityEarningsAffiliates": 0,
        "grossIncome": 527,
        "interestExpense": 61,
        "interestIncomeExpense": -65,
        "minorityInterest": -36,
        "netIncome": 47,
        "netIncomeAfterTaxes": 83,
        "nonRecurringItems": -165,
        "otherOperatingExpensesTotal": 67,
        "period": "2016-06-30",
        "pretaxIncome": 178,
        "provisionforIncomeTaxes": 95,
        "revenue": 1134,
        "sgaExpense": 52,
        "totalOperatingExpense": 119,
        "totalOtherIncomeExpenseNet": 0
      },
      {
        "costOfGoodsSold": 787,
        "dilutedAverageSharesOutstanding": 233.5,
        "dilutedEPS": 0.11,
        "ebit": 114,
        "equityEarningsAffiliates": 0,
        "grossIncome": 217,
        "interestExpense": 38,
        "interestIncomeExpense": -40,
        "minorityInterest": -21,
        "netIncome": 26,
        "netIncomeAfterTaxes": 47,
        "nonRecurringItems": -14,
        "otherOperatingExpensesTotal": 58,
        "period": "2016-03-31",
        "pretaxIncome": 62,
        "provisionforIncomeTaxes": 15,
        "revenue": 1004,
        "sgaExpense": 45,
        "totalOperatingExpense": 103,
        "totalOtherIncomeExpenseNet": 2
      },
      {
        "costOfGoodsSold": 835.4,
        "dilutedAverageSharesOutstanding": 233.7,
        "dilutedEPS": 0.11,
        "ebit": 230.2,
        "equityEarningsAffiliates": 0,
        "grossIncome": 280.4,
        "interestExpense": 40,
        "interestIncomeExpense": -40.5,
        "minorityInterest": -9.5,
        "netIncome": 26.5,
        "netIncomeAfterTaxes": 36,
        "nonRecurringItems": -92.2,
        "period": "2015-12-31",
        "pretaxIncome": 98.3,
        "provisionforIncomeTaxes": 62.3,
        "revenue": 1115.8,
        "sgaExpense": 50.2,
        "totalOperatingExpense": 50.2,
        "totalOtherIncomeExpenseNet": 0.8
      },
      {
        "costOfGoodsSold": 762.4,
        "dilutedAverageSharesOutstanding": 234,
        "dilutedEPS": 0.39,
        "ebit": 90.3,
        "equityEarningsAffiliates": 92.9,
        "grossIncome": 165,
        "interestExpense": 30.3,
        "interestIncomeExpense": -24.1,
        "minorityInterest": -6.5,
        "netIncome": 90.9,
        "netIncomeAfterTaxes": 4.5,
        "nonRecurringItems": -37.4,
        "otherOperatingExpensesTotal": 33.1,
        "period": "2015-09-30",
        "pretaxIncome": 24.6,
        "provisionforIncomeTaxes": 20.1,
        "revenue": 927.4,
        "sgaExpense": 41.6,
        "totalOperatingExpense": 74.7,
        "totalOtherIncomeExpenseNet": -4.2
      }
    ],
    "symbol": "CF"
  }
}