{
  "symbol": "AMP",
  "statement": "ic",
  "frequency": "quarterly",
  "timestamp": "2025-09-19T13:55:55.692620",
  "data": {
    "financials": [
      {
        "costOfGoodsSold": 2063,
        "dilutedAverageSharesOutstanding": 98.8,
        "dilutedEPS": 10.73,
        "ebit": 1423,
        "grossIncome": 2427,
        "interestExpense": 82,
        "interestIncomeExpense": -72,
        "netIncome": 1060,
        "netIncomeAfterTaxes": 1060,
        "otherOperatingExpensesTotal": 57,
        "period": "2025-06-30",
        "pretaxIncome": 1351,
        "provisionforIncomeTaxes": 291,
        "revenue": 4490,
        "sgaExpense": 947,
        "totalOperatingExpense": 1004
      },
      {
        "costOfGoodsSold": 2250,
        "dilutedAverageSharesOutstanding": 100,
        "dilutedEPS": 5.83,
        "ebit": 1264,
        "grossIncome": 2231,
        "interestExpense": 80,
        "interestIncomeExpense": -577,
        "netIncome": 583,
        "netIncomeAfterTaxes": 583,
        "otherOperatingExpensesTotal": 51,
        "period": "2025-03-31",
        "pretaxIncome": 687,
        "provisionforIncomeTaxes": 104,
        "revenue": 4481,
        "sgaExpense": 916,
        "totalOperatingExpense": 967
      },
      {
        "costOfGoodsSold": 2188,
        "dilutedAverageSharesOutstanding": 101.4,
        "dilutedEPS": 10.56,
        "ebit": 1399,
        "grossIncome": 2461,
        "interestExpense": 77,
        "interestIncomeExpense": -47,
        "netIncome": 1071,
        "netIncomeAfterTaxes": 1071,
        "otherOperatingExpensesTotal": 51,
        "period": "2024-12-31",
        "pretaxIncome": 1352,
        "provisionforIncomeTaxes": 281,
        "revenue": 4649,
        "sgaExpense": 1011,
        "totalOperatingExpense": 1062
      },
      {
        "costOfGoodsSold": 2250,
        "dilutedAverageSharesOutstanding": 102.2,
        "dilutedEPS": 5,
        "ebit": 1298,
        "grossIncome": 2310,
        "interestExpense": 87,
        "interestIncomeExpense": -653,
        "netIncome": 511,
        "netIncomeAfterTaxes": 511,
        "otherOperatingExpensesTotal": 37,
        "period": "2024-09-30",
        "pretaxIncome": 645,
        "provisionforIncomeTaxes": 134,
        "revenue": 4560,
        "sgaExpense": 975,
        "totalOperatingExpense": 1012
      },
      {
        "costOfGoodsSold": 2138,
        "dilutedAverageSharesOutstanding": 103.4,
        "dilutedEPS": 8.02,
        "ebit": 1244,
        "grossIncome": 2254,
        "interestExpense": 83,
        "interestIncomeExpense": -193,
        "netIncome": 829,
        "netIncomeAfterTaxes": 829,
        "otherOperatingExpensesTotal": 53,
        "period": "2024-06-30",
        "pretaxIncome": 1051,
        "provisionforIncomeTaxes": 222,
        "revenue": 4392,
        "sgaExpense": 957,
        "totalOperatingExpense": 1010
      },
      {
        "costOfGoodsSold": 2025,
        "dilutedAverageSharesOutstanding": 104.6,
        "dilutedEPS": 9.46,
        "ebit": 1283,
        "grossIncome": 2300,
        "interestExpense": 82,
        "interestIncomeExpense": -64,
        "netIncome": 990,
        "netIncomeAfterTaxes": 990,
        "otherOperatingExpensesTotal": 57,
        "period": "2024-03-31",
        "pretaxIncome": 1219,
        "provisionforIncomeTaxes": 229,
        "revenue": 4325,
        "sgaExpense": 960,
        "totalOperatingExpense": 1017
      },
      {
        "costOfGoodsSold": 2275,
        "dilutedAverageSharesOutstanding": 105.7,
        "dilutedEPS": 3.57,
        "ebit": 818,
        "grossIncome": 1893,
        "interestExpense": 84,
        "interestIncomeExpense": -324,
        "netIncome": 377,
        "netIncomeAfterTaxes": 377,
        "otherOperatingExpensesTotal": 58,
        "period": "2023-12-31",
        "pretaxIncome": 494,
        "provisionforIncomeTaxes": 117,
        "revenue": 4168,
        "sgaExpense": 1017,
        "totalOperatingExpense": 1075
      },
      {
        "costOfGoodsSold": 1707,
        "dilutedAverageSharesOutstanding": 107.1,
        "dilutedEPS": 8.14,
        "ebit": 1369,
        "grossIncome": 2369,
        "interestExpense": 84,
        "interestIncomeExpense": -252,
        "netIncome": 872,
        "netIncomeAfterTaxes": 872,
        "otherOperatingExpensesTotal": 50,
        "period": "2023-09-30",
        "pretaxIncome": 1117,
        "provisionforIncomeTaxes": 245,
        "revenue": 4076,
        "sgaExpense": 950,
        "totalOperatingExpense": 1000
      },
      {
        "costOfGoodsSold": 1867,
        "dilutedAverageSharesOutstanding": 108.4,
        "dilutedEPS": 8.21,
        "ebit": 1112,
        "grossIncome": 2140,
        "interestExpense": 84,
        "interestIncomeExpense": 15,
        "netIncome": 890,
        "netIncomeAfterTaxes": 890,
        "otherOperatingExpensesTotal": 61,
        "period": "2023-06-30",
        "pretaxIncome": 1127,
        "provisionforIncomeTaxes": 237,
        "revenue": 4007,
        "sgaExpense": 967,
        "totalOperatingExpense": 1028
      },
      {
        "costOfGoodsSold": 1794,
        "dilutedAverageSharesOutstanding": 110,
        "dilutedEPS": 3.79,
        "ebit": 1057,
        "grossIncome": 2051,
        "interestExpense": 72,
        "interestIncomeExpense": -561,
        "netIncome": 417,
        "netIncomeAfterTaxes": 417,
        "otherOperatingExpensesTotal": 57,
        "period": "2023-03-31",
        "pretaxIncome": 496,
        "provisionforIncomeTaxes": 79,
        "revenue": 3845,
        "sgaExpense": 937,
        "totalOperatingExpense": 994
      },
      {
        "costOfGoodsSold": 1801,
        "dilutedAverageSharesOutstanding": 111.6,
        "dilutedEPS": 5.82,
        "ebit": 892,
        "grossIncome": 1918,
        "interestExpense": 62,
        "interestIncomeExpense": -75,
        "netIncome": 649,
        "netIncomeAfterTaxes": 649,
        "otherOperatingExpensesTotal": 69,
        "period": "2022-12-31",
        "pretaxIncome": 817,
        "provisionforIncomeTaxes": 168,
        "revenue": 3719,
        "sgaExpense": 957,
        "totalOperatingExpense": 1026
      },
      {
        "costOfGoodsSold": 1451,
        "dilutedAverageSharesOutstanding": 112.7,
        "dilutedEPS": 9.41,
        "ebit": 1066,
        "grossIncome": 2048,
        "interestExpense": 52,
        "interestIncomeExpense": 269,
        "netIncome": 1061,
        "netIncomeAfterTaxes": 1061,
        "otherOperatingExpensesTotal": 57,
        "period": "2022-09-30",
        "pretaxIncome": 1335,
        "provisionforIncomeTaxes": 274,
        "revenue": 3499,
        "sgaExpense": 925,
        "totalOperatingExpense": 982
      },
      {
        "costOfGoodsSold": 1191,
        "dilutedAverageSharesOutstanding": 114.4,
        "dilutedEPS": 5.37,
        "ebit": 1336,
        "grossIncome": 2298,
        "interestExpense": 44,
        "interestIncomeExpense": -563,
        "netIncome": 614,
        "netIncomeAfterTaxes": 614,
        "otherOperatingExpensesTotal": 68,
        "period": "2022-06-30",
        "pretaxIncome": 773,
        "provisionforIncomeTaxes": 159,
        "revenue": 3489,
        "sgaExpense": 894,
        "totalOperatingExpense": 962
      },
      {
        "costOfGoodsSold": 1475,
        "dilutedAverageSharesOutstanding": 116.2,
        "dilutedEPS": 7.1,
        "ebit": 1146,
        "grossIncome": 2152,
        "interestExpense": 40,
        "interestIncomeExpense": -140,
        "netIncome": 825,
        "netIncomeAfterTaxes": 825,
        "otherOperatingExpensesTotal": 59,
        "period": "2022-03-31",
        "pretaxIncome": 1006,
        "provisionforIncomeTaxes": 181,
        "revenue": 3627,
        "sgaExpense": 947,
        "totalOperatingExpense": 1006
      },
      {
        "costOfGoodsSold": 269,
        "dilutedAverageSharesOutstanding": 120.037,
        "dilutedEPS": 11.31,
        "ebit": 1630,
        "grossIncome": 3439,
        "interestExpense": 42,
        "interestIncomeExpense": 71,
        "netIncome": 1358,
        "netIncomeAfterTaxes": 1358,
        "otherOperatingExpensesTotal": 849,
        "period": "2021-12-31",
        "pretaxIncome": 1701,
        "provisionforIncomeTaxes": 343,
        "revenue": 3708,
        "sgaExpense": 960,
        "totalOperatingExpense": 1809
      },
      {
        "costOfGoodsSold": 1460,
        "dilutedAverageSharesOutstanding": 119.2,
        "dilutedEPS": 8.65,
        "ebit": 1334,
        "grossIncome": 1446,
        "interestExpense": 64,
        "interestIncomeExpense": -64,
        "netIncome": 1031,
        "netIncomeAfterTaxes": 1031,
        "otherOperatingExpensesTotal": -710,
        "period": "2021-09-30",
        "pretaxIncome": 1270,
        "provisionforIncomeTaxes": 239,
        "revenue": 2906,
        "sgaExpense": 822,
        "totalOperatingExpense": 112
      },
      {
        "costOfGoodsSold": 1763,
        "dilutedAverageSharesOutstanding": 121.2,
        "dilutedEPS": 4.88,
        "ebit": 764,
        "grossIncome": 1657,
        "interestExpense": 43,
        "interestIncomeExpense": -43,
        "netIncome": 591,
        "netIncomeAfterTaxes": 591,
        "otherOperatingExpensesTotal": 63,
        "period": "2021-06-30",
        "pretaxIncome": 721,
        "provisionforIncomeTaxes": 130,
        "revenue": 3420,
        "sgaExpense": 830,
        "totalOperatingExpense": 893
      },
      {
        "costOfGoodsSold": 1992,
        "dilutedAverageSharesOutstanding": 122.2,
        "dilutedEPS": 3.58,
        "ebit": 535,
        "grossIncome": 1363,
        "interestExpense": 42,
        "interestIncomeExpense": -42,
        "netIncome": 437,
        "netIncomeAfterTaxes": 437,
        "otherOperatingExpensesTotal": 5,
        "period": "2021-03-31",
        "pretaxIncome": 493,
        "provisionforIncomeTaxes": 56,
        "revenue": 3355,
        "sgaExpense": 823,
        "totalOperatingExpense": 828
      },
      {
        "costOfGoodsSold": 2205,
        "dilutedAverageSharesOutstanding": 123.3,
        "dilutedEPS": 1.44,
        "ebit": 228,
        "grossIncome": 984,
        "interestExpense": 38,
        "interestIncomeExpense": -38,
        "netIncome": 177,
        "netIncomeAfterTaxes": 177,
        "nonRecurringItems": 0,
        "otherOperatingExpensesTotal": -72,
        "period": "2020-12-31",
        "pretaxIncome": 190,
        "provisionforIncomeTaxes": 13,
        "revenue": 3189,
        "sgaExpense": 828,
        "totalOperatingExpense": 756
      },
      {
        "costOfGoodsSold": 2312,
        "dilutedAverageSharesOutstanding": 123,
        "dilutedEPS": -1.14,
        "ebit": -147,
        "grossIncome": 701,
        "interestExpense": 37,
        "interestIncomeExpense": -37,
        "netIncome": -140,
        "netIncomeAfterTaxes": -140,
        "otherOperatingExpensesTotal": 85,
        "period": "2020-09-30",
        "pretaxIncome": -184,
        "provisionforIncomeTaxes": -44,
        "revenue": 3013,
        "sgaExpense": 763,
        "totalOperatingExpense": 848
      },
      {
        "costOfGoodsSold": 2687,
        "dilutedAverageSharesOutstanding": 125,
        "dilutedEPS": -4.31,
        "ebit": -485,
        "grossIncome": 43,
        "interestExpense": 41,
        "interestIncomeExpense": -41,
        "netIncome": -539,
        "netIncomeAfterTaxes": -539,
        "otherOperatingExpensesTotal": -248,
        "period": "2020-06-30",
        "pretaxIncome": -526,
        "provisionforIncomeTaxes": 13,
        "revenue": 2730,
        "sgaExpense": 776,
        "totalOperatingExpense": 528
      },
      {
        "costOfGoodsSold": 1111,
        "dilutedAverageSharesOutstanding": 128.2,
        "dilutedEPS": 15.88,
        "ebit": 2397,
        "grossIncome": 1915,
        "interestExpense": 46,
        "interestIncomeExpense": -46,
        "netIncome": 2036,
        "netIncomeAfterTaxes": 2036,
        "otherOperatingExpensesTotal": -1235,
        "period": "2020-03-31",
        "pretaxIncome": 2351,
        "provisionforIncomeTaxes": 315,
        "revenue": 3026,
        "sgaExpense": 753,
        "totalOperatingExpense": -482
      },
      {
        "costOfGoodsSold": 1901,
        "depreciationAmortization": 2,
        "dilutedAverageSharesOutstanding": 131.5,
        "dilutedEPS": 3.52,
        "ebit": 371,
        "grossIncome": 1203,
        "interestExpense": 50,
        "interestIncomeExpense": -50,
        "netIncome": 463,
        "netIncomeAfterTaxes": 463,
        "nonRecurringItems": 213,
        "otherOperatingExpensesTotal": -7,
        "period": "2019-12-31",
        "pretaxIncome": 534,
        "provisionforIncomeTaxes": 71,
        "revenue": 3104,
        "sgaExpense": 837,
        "totalOperatingExpense": 832
      },
      {
        "costOfGoodsSold": 1726,
        "depreciationAmortization": 2,
        "dilutedAverageSharesOutstanding": 134.5,
        "dilutedEPS": 4.04,
        "ebit": 693,
        "grossIncome": 1625,
        "interestExpense": 52,
        "interestIncomeExpense": -52,
        "netIncome": 543,
        "netIncomeAfterTaxes": 543,
        "otherOperatingExpensesTotal": 112,
        "period": "2019-09-30",
        "pretaxIncome": 641,
        "provisionforIncomeTaxes": 98,
        "revenue": 3351,
        "sgaExpense": 818,
        "totalOperatingExpense": 932
      },
      {
        "costOfGoodsSold": 1755,
        "depreciationAmortization": 2,
        "dilutedAverageSharesOutstanding": 138,
        "dilutedEPS": 3.57,
        "ebit": 646,
        "grossIncome": 1527,
        "interestExpense": 59,
        "interestIncomeExpense": -59,
        "netIncome": 492,
        "netIncomeAfterTaxes": 492,
        "otherOperatingExpensesTotal": 58,
        "period": "2019-06-30",
        "pretaxIncome": 587,
        "provisionforIncomeTaxes": 95,
        "revenue": 3282,
        "sgaExpense": 821,
        "totalOperatingExpense": 881
      },
      {
        "costOfGoodsSold": 1809,
        "depreciationAmortization": 2,
        "dilutedAverageSharesOutstanding": 140.1,
        "dilutedEPS": 2.82,
        "ebit": 523,
        "grossIncome": 1344,
        "interestExpense": 53,
        "interestIncomeExpense": -53,
        "netIncome": 395,
        "netIncomeAfterTaxes": 395,
        "otherOperatingExpensesTotal": 16,
        "period": "2019-03-31",
        "pretaxIncome": 470,
        "provisionforIncomeTaxes": 75,
        "revenue": 3153,
        "sgaExpense": 803,
        "totalOperatingExpense": 821
      },
      {
        "costOfGoodsSold": 1558,
        "dilutedAverageSharesOutstanding": 143.2,
        "dilutedEPS": 3.76,
        "ebit": 716,
        "grossIncome": 1650,
        "interestExpense": 64,
        "interestIncomeExpense": -64,
        "netIncome": 539,
        "netIncomeAfterTaxes": 536,
        "otherOperatingExpensesTotal": 142,
        "period": "2018-12-31",
        "pretaxIncome": 652,
        "provisionforIncomeTaxes": 116,
        "revenue": 3208,
        "sgaExpense": 792,
        "totalOperatingExpense": 934
      },
      {
        "costOfGoodsSold": 1851,
        "dilutedAverageSharesOutstanding": 146.5,
        "dilutedEPS": 3.43,
        "ebit": 638,
        "grossIncome": 1465,
        "interestExpense": 50,
        "interestIncomeExpense": -50,
        "netIncome": 503,
        "netIncomeAfterTaxes": 503,
        "otherOperatingExpensesTotal": 25,
        "period": "2018-09-30",
        "pretaxIncome": 588,
        "provisionforIncomeTaxes": 85,
        "revenue": 3316,
        "sgaExpense": 802,
        "totalOperatingExpense": 827
      },
      {
        "costOfGoodsSold": 1737,
        "dilutedAverageSharesOutstanding": 149,
        "dilutedEPS": 3.1,
        "ebit": 628,
        "grossIncome": 1479,
        "interestExpense": 80,
        "interestIncomeExpense": -80,
        "netIncome": 462,
        "netIncomeAfterTaxes": 462,
        "otherOperatingExpensesTotal": 63,
        "period": "2018-06-30",
        "pretaxIncome": 548,
        "provisionforIncomeTaxes": 86,
        "revenue": 3216,
        "sgaExpense": 788,
        "totalOperatingExpense": 851
      },
      {
        "costOfGoodsSold": 1556,
        "dilutedAverageSharesOutstanding": 152.1,
        "dilutedEPS": 3.91,
        "ebit": 747,
        "grossIncome": 1628,
        "interestExpense": 51,
        "interestIncomeExpense": -51,
        "netIncome": 594,
        "netIncomeAfterTaxes": 594,
        "otherOperatingExpensesTotal": 92,
        "period": "2018-03-31",
        "pretaxIncome": 696,
        "provisionforIncomeTaxes": 102,
        "revenue": 3184,
        "sgaExpense": 789,
        "totalOperatingExpense": 881
      },
      {
        "costOfGoodsSold": 1635,
        "dilutedAverageSharesOutstanding": 154,
        "dilutedEPS": 1.14,
        "ebit": 648,
        "grossIncome": 1559,
        "interestExpense": 53,
        "interestIncomeExpense": -53,
        "netIncome": 177,
        "netIncomeAfterTaxes": 463,
        "otherOperatingExpensesTotal": 78,
        "period": "2017-12-31",
        "pretaxIncome": 595,
        "provisionforIncomeTaxes": 132,
        "revenue": 3194,
        "sgaExpense": 833,
        "totalOperatingExpense": 911
      },
      {
        "costOfGoodsSold": 1512,
        "dilutedAverageSharesOutstanding": 155.4,
        "dilutedEPS": 3.26,
        "ebit": 685,
        "grossIncome": 1514,
        "interestExpense": 52,
        "interestIncomeExpense": -52,
        "netIncome": 507,
        "netIncomeAfterTaxes": 507,
        "otherOperatingExpensesTotal": 48,
        "period": "2017-09-30",
        "pretaxIncome": 633,
        "provisionforIncomeTaxes": 126,
        "revenue": 3026,
        "sgaExpense": 781,
        "totalOperatingExpense": 829
      },
      {
        "costOfGoodsSold": 1625,
        "dilutedAverageSharesOutstanding": 157.5,
        "dilutedEPS": 2.5,
        "ebit": 563,
        "grossIncome": 1399,
        "interestExpense": 52,
        "interestIncomeExpense": -52,
        "netIncome": 393,
        "netIncomeAfterTaxes": 393,
        "otherOperatingExpensesTotal": 69,
        "period": "2017-06-30",
        "pretaxIncome": 511,
        "provisionforIncomeTaxes": 118,
        "revenue": 3024,
        "sgaExpense": 767,
        "totalOperatingExpense": 836
      },
      {
        "costOfGoodsSold": 1562,
        "dilutedAverageSharesOutstanding": 160.1,
        "dilutedEPS": 2.52,
        "ebit": 525,
        "grossIncome": 1374,
        "interestExpense": 50,
        "interestIncomeExpense": -50,
        "netIncome": 403,
        "netIncomeAfterTaxes": 403,
        "otherOperatingExpensesTotal": 72,
        "period": "2017-03-31",
        "pretaxIncome": 475,
        "provisionforIncomeTaxes": 72,
        "revenue": 2936,
        "sgaExpense": 777,
        "totalOperatingExpense": 849
      },
      {
        "costOfGoodsSold": 1709,
        "dilutedAverageSharesOutstanding": 162.5,
        "dilutedEPS": 2.46,
        "ebit": 549,
        "grossIncome": 1467,
        "interestExpense": 81,
        "interestIncomeExpense": -81,
        "netIncome": 399,
        "netIncomeAfterTaxes": 399,
        "otherOperatingExpensesTotal": 55,
        "period": "2016-12-31",
        "pretaxIncome": 468,
        "provisionforIncomeTaxes": 69,
        "revenue": 3176,
        "sgaExpense": 863,
        "totalOperatingExpense": 918
      },
      {
        "costOfGoodsSold": 1826,
        "dilutedAverageSharesOutstanding": 165.8,
        "dilutedEPS": 1.3,
        "ebit": 290,
        "grossIncome": 1184,
        "interestExpense": 52,
        "interestIncomeExpense": -52,
        "minorityInterest": 0,
        "netIncome": 215,
        "netIncomeAfterTaxes": 215,
        "otherOperatingExpensesTotal": 163,
        "period": "2016-09-30",
        "pretaxIncome": 238,
        "provisionforIncomeTaxes": 23,
        "revenue": 3010,
        "sgaExpense": 731,
        "totalOperatingExpense": 894
      },
      {
        "costOfGoodsSold": 1566,
        "dilutedAverageSharesOutstanding": 170.1,
        "dilutedEPS": 1.97,
        "ebit": 463,
        "grossIncome": 1313,
        "interestExpense": 53,
        "interestIncomeExpense": -53,
        "minorityInterest": 0,
        "netIncome": 335,
        "netIncomeAfterTaxes": 335,
        "otherOperatingExpensesTotal": 87,
        "period": "2016-06-30",
        "pretaxIncome": 410,
        "provisionforIncomeTaxes": 75,
        "revenue": 2879,
        "sgaExpense": 763,
        "totalOperatingExpense": 850
      },
      {
        "costOfGoodsSold": 1407,
        "dilutedAverageSharesOutstanding": 174.4,
        "dilutedEPS": 2.09,
        "ebit": 530,
        "grossIncome": 1367,
        "interestExpense": 55,
        "interestIncomeExpense": -55,
        "minorityInterest": 0,
        "netIncome": 364,
        "netIncomeAfterTaxes": 364,
        "otherOperatingExpensesTotal": 110,
        "period": "2016-03-31",
        "pretaxIncome": 475,
        "provisionforIncomeTaxes": 111,
        "revenue": 2774,
        "sgaExpense": 727,
        "totalOperatingExpense": 837
      },
      {
        "costOfGoodsSold": 1704,
        "dilutedAverageSharesOutstanding": 178.8,
        "dilutedEPS": 2,
        "ebit": 562,
        "grossIncome": 1408,
        "interestExpense": 116,
        "interestIncomeExpense": -116,
        "minorityInterest": -23,
        "netIncome": 357,
        "netIncomeAfterTaxes": 380,
        "otherOperatingExpensesTotal": 52,
        "period": "2015-12-31",
        "pretaxIncome": 446,
        "provisionforIncomeTaxes": 66,
        "revenue": 3112,
        "sgaExpense": 794,
        "totalOperatingExpense": 846
      },
      {
        "costOfGoodsSold": 1455,
        "dilutedAverageSharesOutstanding": 182.7,
        "dilutedEPS": 2.17,
        "ebit": 561,
        "grossIncome": 1438,
        "interestExpense": 98,
        "interestIncomeExpense": -98,
        "minorityInterest": 45,
        "netIncome": 397,
        "netIncomeAfterTaxes": 352,
        "otherOperatingExpensesTotal": 133,
        "period": "2015-09-30",
        "pretaxIncome": 463,
        "provisionforIncomeTaxes": 111,
        "revenue": 2893,
        "sgaExpense": 744,
        "totalOperatingExpense": 877
      }
    ],
    "symbol": "AMP"
  }
}