{
  "symbol": "VTR",
  "statement": "ic",
  "frequency": "quarterly",
  "timestamp": "2025-09-19T14:08:09.660956",
  "data": {
    "financials": [
      {
        "costOfGoodsSold": 826.896,
        "depreciationAmortization": 312.819,
        "dilutedAverageSharesOutstanding": 459.088,
        "dilutedEPS": 0.1487,
        "ebit": 238.322,
        "gainLossOnDispositionOfAssets": 33.816,
        "grossIncome": 593.997,
        "interestExpense": 150.298,
        "interestIncomeExpense": -150.362,
        "minorityInterest": -3.198,
        "netIncome": 68.264,
        "netIncomeAfterTaxes": 71.462,
        "nonRecurringItems": -40.485,
        "period": "2025-06-30",
        "pretaxIncome": 75.336,
        "provisionforIncomeTaxes": 3.874,
        "revenue": 1420.893,
        "sgaExpense": 42.856,
        "totalOperatingExpense": 355.675,
        "totalOtherIncomeExpenseNet": -5.955
      },
      {
        "costOfGoodsSold": 785.709,
        "depreciationAmortization": 299.425,
        "dilutedAverageSharesOutstanding": 446.424,
        "dilutedEPS": 0.105,
        "ebit": 219.791,
        "gainLossOnDispositionOfAssets": 0.169,
        "grossIncome": 572.365,
        "interestExpense": 149.356,
        "interestIncomeExpense": -144.283,
        "minorityInterest": -1.488,
        "netIncome": 46.868,
        "netIncomeAfterTaxes": 48.356,
        "nonRecurringItems": -32.148,
        "period": "2025-03-31",
        "pretaxIncome": 37.799,
        "provisionforIncomeTaxes": -10.557,
        "revenue": 1358.074,
        "sgaExpense": 53.149,
        "totalOperatingExpense": 352.574,
        "totalOtherIncomeExpenseNet": -5.73
      },
      {
        "costOfGoodsSold": 741.057,
        "depreciationAmortization": 290.372,
        "dilutedAverageSharesOutstanding": 427.109,
        "dilutedEPS": 0.1331,
        "ebit": 214.194,
        "gainLossOnDispositionOfAssets": 6.727,
        "grossIncome": 546,
        "interestExpense": 153.206,
        "interestIncomeExpense": -164.642,
        "minorityInterest": -1.892,
        "netIncome": 56.835,
        "netIncomeAfterTaxes": 58.727,
        "nonRecurringItems": -25.244,
        "period": "2024-12-31",
        "pretaxIncome": 13.188,
        "provisionforIncomeTaxes": -45.539,
        "revenue": 1287.057,
        "sgaExpense": 41.434,
        "totalOperatingExpense": 331.806,
        "totalOtherIncomeExpenseNet": -17.847
      },
      {
        "costOfGoodsSold": 714.961,
        "depreciationAmortization": 286.968,
        "dilutedAverageSharesOutstanding": 419.474,
        "dilutedEPS": 0.0459,
        "ebit": 199.294,
        "gainLossOnDispositionOfAssets": 0.271,
        "grossIncome": 521.354,
        "interestExpense": 150.437,
        "interestIncomeExpense": -147.297,
        "minorityInterest": -1.753,
        "netIncome": 19.243,
        "netIncomeAfterTaxes": 20.996,
        "nonRecurringItems": -27.984,
        "period": "2024-09-30",
        "pretaxIncome": 23.998,
        "provisionforIncomeTaxes": 3.002,
        "revenue": 1236.315,
        "sgaExpense": 35.092,
        "totalOperatingExpense": 322.06,
        "totalOtherIncomeExpenseNet": -0.286
      },
      {
        "costOfGoodsSold": 681.801,
        "depreciationAmortization": 294.948,
        "dilutedAverageSharesOutstanding": 411.823,
        "dilutedEPS": 0.0471,
        "ebit": 186.504,
        "gainLossOnDispositionOfAssets": 49.67,
        "grossIncome": 519.179,
        "interestExpense": 149.259,
        "interestIncomeExpense": -152.298,
        "minorityInterest": -1.781,
        "netIncome": 19.387,
        "netIncomeAfterTaxes": 21.168,
        "nonRecurringItems": -50.569,
        "period": "2024-06-30",
        "pretaxIncome": 28.934,
        "provisionforIncomeTaxes": 7.766,
        "revenue": 1200.98,
        "sgaExpense": 37.727,
        "totalOperatingExpense": 332.675,
        "totalOtherIncomeExpenseNet": -4.373
      },
      {
        "costOfGoodsSold": 689.25,
        "depreciationAmortization": 294.855,
        "dilutedAverageSharesOutstanding": 403.365,
        "dilutedEPS": -0.0355,
        "ebit": 167.072,
        "gainLossOnDispositionOfAssets": 0.341,
        "grossIncome": 510.664,
        "interestExpense": 149.933,
        "interestIncomeExpense": -148.977,
        "minorityInterest": -1.772,
        "netIncome": -14.312,
        "netIncomeAfterTaxes": -12.54,
        "nonRecurringItems": -11.489,
        "period": "2024-03-31",
        "pretaxIncome": -15.544,
        "provisionforIncomeTaxes": -3.004,
        "revenue": 1199.914,
        "sgaExpense": 48.737,
        "totalOperatingExpense": 343.592,
        "totalOtherIncomeExpenseNet": -22.491
      },
      {
        "costOfGoodsSold": 669.406,
        "depreciationAmortization": 300.676,
        "dilutedAverageSharesOutstanding": 402.964,
        "dilutedEPS": -0.2254,
        "ebit": 157.928,
        "gainLossOnDispositionOfAssets": 39.802,
        "grossIncome": 494.986,
        "interestExpense": 154.853,
        "interestIncomeExpense": -161.739,
        "minorityInterest": -6.103,
        "netIncome": -90.819,
        "netIncomeAfterTaxes": -84.716,
        "nonRecurringItems": -138.32,
        "otherOperatingExpensesTotal": 0.001,
        "period": "2023-12-31",
        "pretaxIncome": -80.018,
        "provisionforIncomeTaxes": 4.698,
        "revenue": 1164.392,
        "sgaExpense": 36.382,
        "totalOperatingExpense": 337.058,
        "totalOtherIncomeExpenseNet": 22.311
      },
      {
        "costOfGoodsSold": 657.949,
        "depreciationAmortization": 297.677,
        "dilutedAverageSharesOutstanding": 402.859,
        "dilutedEPS": -0.1766,
        "ebit": 160.909,
        "gainLossOnDispositionOfAssets": 10.711,
        "grossIncome": 491.883,
        "interestExpense": 147.919,
        "interestIncomeExpense": -153.038,
        "minorityInterest": -1.565,
        "netIncome": -71.124,
        "netIncomeAfterTaxes": -69.559,
        "nonRecurringItems": -80.437,
        "period": "2023-09-30",
        "pretaxIncome": -71.221,
        "provisionforIncomeTaxes": -1.662,
        "revenue": 1149.832,
        "sgaExpense": 33.297,
        "totalOperatingExpense": 330.974,
        "totalOtherIncomeExpenseNet": -9.366
      },
      {
        "costOfGoodsSold": 624.254,
        "depreciationAmortization": 293.989,
        "dilutedAverageSharesOutstanding": 404.122,
        "dilutedEPS": 0.256,
        "ebit": 153.716,
        "gainLossOnDispositionOfAssets": 30.532,
        "grossIncome": 482.104,
        "interestExpense": 143.265,
        "interestIncomeExpense": -112.011,
        "minorityInterest": -1.613,
        "netIncome": 103.453,
        "netIncomeAfterTaxes": 105.066,
        "nonRecurringItems": -6.968,
        "period": "2023-06-30",
        "pretaxIncome": 95.293,
        "provisionforIncomeTaxes": -9.773,
        "revenue": 1106.358,
        "sgaExpense": 34.399,
        "totalOperatingExpense": 328.388,
        "totalOtherIncomeExpenseNet": 30.024
      },
      {
        "costOfGoodsSold": 609.637,
        "depreciationAmortization": 273.519,
        "dilutedAverageSharesOutstanding": 403.792,
        "dilutedEPS": 0.0434,
        "ebit": 149.291,
        "gainLossOnDispositionOfAssets": 10.201,
        "grossIncome": 467.608,
        "interestExpense": 128.075,
        "interestIncomeExpense": -133.698,
        "minorityInterest": -1.395,
        "netIncome": 17.517,
        "netIncomeAfterTaxes": 18.912,
        "nonRecurringItems": -9.986,
        "period": "2023-03-31",
        "pretaxIncome": 16.11,
        "provisionforIncomeTaxes": -2.802,
        "revenue": 1077.245,
        "sgaExpense": 44.798,
        "totalOperatingExpense": 318.317,
        "totalOtherIncomeExpenseNet": 0.302
      },
      {
        "costOfGoodsSold": 591.539,
        "depreciationAmortization": 271.378,
        "dilutedAverageSharesOutstanding": 399.657,
        "dilutedEPS": -0.1126,
        "ebit": 154.968,
        "gainLossOnDispositionOfAssets": 5.223,
        "grossIncome": 459.886,
        "interestExpense": 123.399,
        "interestIncomeExpense": -91.553,
        "minorityInterest": -1.635,
        "netIncome": -45.019,
        "netIncomeAfterTaxes": -43.384,
        "nonRecurringItems": -66.525,
        "period": "2022-12-31",
        "pretaxIncome": -46.003,
        "provisionforIncomeTaxes": -2.619,
        "revenue": 1051.425,
        "sgaExpense": 33.54,
        "totalOperatingExpense": 304.918,
        "totalOtherIncomeExpenseNet": -48.116
      },
      {
        "costOfGoodsSold": 571.576,
        "depreciationAmortization": 273.381,
        "dilutedAverageSharesOutstanding": 403.543,
        "dilutedEPS": 0.0031,
        "ebit": 156.898,
        "gainLossOnDispositionOfAssets": 0.136,
        "grossIncome": 465.7,
        "interestExpense": 119.413,
        "interestIncomeExpense": -117.443,
        "minorityInterest": -1.807,
        "netIncome": 1.256,
        "netIncomeAfterTaxes": 3.063,
        "nonRecurringItems": -33.456,
        "period": "2022-09-30",
        "pretaxIncome": -2.964,
        "provisionforIncomeTaxes": -6.027,
        "revenue": 1037.276,
        "sgaExpense": 35.421,
        "totalOperatingExpense": 308.802,
        "totalOtherIncomeExpenseNet": -9.099
      },
      {
        "costOfGoodsSold": 575.769,
        "depreciationAmortization": 270.475,
        "dilutedAverageSharesOutstanding": 399.592,
        "dilutedEPS": -0.1062,
        "ebit": 143.779,
        "gainLossOnDispositionOfAssets": -0.034,
        "grossIncome": 447.169,
        "interestExpense": 113.951,
        "interestIncomeExpense": -114.998,
        "minorityInterest": -1.214,
        "netIncome": -42.416,
        "netIncomeAfterTaxes": -41.202,
        "nonRecurringItems": -25.685,
        "period": "2022-06-30",
        "pretaxIncome": -44.992,
        "provisionforIncomeTaxes": -3.79,
        "revenue": 1022.938,
        "sgaExpense": 32.915,
        "totalOperatingExpense": 303.39,
        "totalOtherIncomeExpenseNet": -48.054
      },
      {
        "costOfGoodsSold": 544.034,
        "depreciationAmortization": 274.764,
        "dilutedAverageSharesOutstanding": 403.26,
        "dilutedEPS": 0.0961,
        "ebit": 155.758,
        "gainLossOnDispositionOfAssets": 2.455,
        "grossIncome": 473.52,
        "interestExpense": 110.794,
        "interestIncomeExpense": -115.063,
        "minorityInterest": -1.86,
        "netIncome": 38.732,
        "netIncomeAfterTaxes": 40.592,
        "nonRecurringItems": -34.292,
        "period": "2022-03-31",
        "pretaxIncome": 36.102,
        "provisionforIncomeTaxes": -4.49,
        "revenue": 1017.554,
        "sgaExpense": 42.998,
        "totalOperatingExpense": 317.762,
        "totalOtherIncomeExpenseNet": 27.244
      },
      {
        "costOfGoodsSold": 582.576,
        "depreciationAmortization": 272.559,
        "dilutedAverageSharesOutstanding": 399.327,
        "dilutedEPS": -0.1023,
        "ebit": 138.707,
        "gainLossOnDispositionOfAssets": 24.705,
        "grossIncome": 439.868,
        "interestExpense": 110.455,
        "interestIncomeExpense": -112.761,
        "minorityInterest": -1.749,
        "netIncome": -40.854,
        "netIncomeAfterTaxes": -39.105,
        "nonRecurringItems": -68.209,
        "period": "2021-12-31",
        "pretaxIncome": -43.852,
        "provisionforIncomeTaxes": -4.747,
        "revenue": 1022.444,
        "sgaExpense": 28.602,
        "totalOperatingExpense": 301.161,
        "totalOtherIncomeExpenseNet": -26.294
      },
      {
        "costOfGoodsSold": 523.85,
        "depreciationAmortization": 237.696,
        "dilutedAverageSharesOutstanding": 385.523,
        "dilutedEPS": 0.1574,
        "ebit": 184.273,
        "gainLossOnDispositionOfAssets": 150.292,
        "grossIncome": 452.228,
        "interestExpense": 108.816,
        "interestIncomeExpense": -106.044,
        "minorityInterest": -2.094,
        "netIncome": 60.68,
        "netIncomeAfterTaxes": 62.774,
        "nonRecurringItems": -128.354,
        "period": "2021-09-30",
        "pretaxIncome": 66.554,
        "provisionforIncomeTaxes": 3.78,
        "revenue": 976.078,
        "sgaExpense": 30.259,
        "totalOperatingExpense": 267.955,
        "totalOtherIncomeExpenseNet": -33.613
      },
      {
        "costOfGoodsSold": 494.853,
        "depreciationAmortization": 232.1,
        "dilutedAverageSharesOutstanding": 378.408,
        "dilutedEPS": 0.2283,
        "ebit": 161.653,
        "gainLossOnDispositionOfAssets": 41.258,
        "grossIncome": 424.341,
        "interestExpense": 110.051,
        "interestIncomeExpense": -105.284,
        "minorityInterest": -1.897,
        "netIncome": 86.391,
        "netIncomeAfterTaxes": 88.288,
        "nonRecurringItems": -19.247,
        "period": "2021-06-30",
        "pretaxIncome": 91.929,
        "provisionforIncomeTaxes": 3.641,
        "revenue": 919.194,
        "sgaExpense": 30.588,
        "totalOperatingExpense": 262.688,
        "totalOtherIncomeExpenseNet": 13.549
      },
      {
        "costOfGoodsSold": 487.2,
        "depreciationAmortization": 235.6,
        "dilutedAverageSharesOutstanding": 374.7,
        "dilutedEPS": -0.15,
        "ebit": 147.1,
        "gainLossOnDispositionOfAssets": 2.5,
        "grossIncome": 423.1,
        "interestExpense": 110.767,
        "interestIncomeExpense": -111,
        "minorityInterest": -1.8,
        "netIncome": -57.2,
        "netIncomeAfterTaxes": -55.4,
        "nonRecurringItems": -110.2,
        "period": "2021-03-31",
        "pretaxIncome": -53.2,
        "provisionforIncomeTaxes": 2.2,
        "revenue": 910.3,
        "sgaExpense": 40.3,
        "totalOperatingExpense": 276,
        "totalOtherIncomeExpenseNet": 18.3
      },
      {
        "costOfGoodsSold": 463.4,
        "depreciationAmortization": 237.7,
        "dilutedAverageSharesOutstanding": 377.7,
        "dilutedEPS": 0.29,
        "ebit": 196.7,
        "gainLossOnDispositionOfAssets": 22.1,
        "grossIncome": 457.8,
        "interestExpense": 114.208,
        "interestIncomeExpense": -96.5,
        "minorityInterest": -1.5,
        "netIncome": 110.5,
        "netIncomeAfterTaxes": 112,
        "nonRecurringItems": -31.4,
        "period": "2020-12-31",
        "pretaxIncome": 111.3,
        "provisionforIncomeTaxes": -0.7,
        "revenue": 921.2,
        "sgaExpense": 23.4,
        "totalOperatingExpense": 261,
        "totalOtherIncomeExpenseNet": 20.3
      },
      {
        "costOfGoodsSold": 495.5,
        "depreciationAmortization": 241.4,
        "dilutedAverageSharesOutstanding": 376.3,
        "dilutedEPS": 0.03,
        "ebit": 147.8,
        "gainLossOnDispositionOfAssets": 12.6,
        "grossIncome": 423.4,
        "interestExpense": 115.505,
        "interestIncomeExpense": -114.6,
        "minorityInterest": -1,
        "netIncome": 12.8,
        "netIncomeAfterTaxes": 13.7,
        "nonRecurringItems": -26.7,
        "period": "2020-09-30",
        "pretaxIncome": 10.5,
        "provisionforIncomeTaxes": -3.2,
        "revenue": 918.9,
        "sgaExpense": 34.2,
        "totalOperatingExpense": 275.6,
        "totalOtherIncomeExpenseNet": -8.5
      },
      {
        "costOfGoodsSold": 499.1,
        "depreciationAmortization": 240.3,
        "dilutedAverageSharesOutstanding": 373,
        "dilutedEPS": -0.42,
        "ebit": 173.8,
        "gainLossOnDispositionOfAssets": 1.3,
        "grossIncome": 444.1,
        "interestExpense": 123.132,
        "interestIncomeExpense": -129,
        "minorityInterest": 2.1,
        "netIncome": -157.2,
        "netIncomeAfterTaxes": -159.2,
        "nonRecurringItems": -115.9,
        "period": "2020-06-30",
        "pretaxIncome": -102.9,
        "provisionforIncomeTaxes": 56.4,
        "revenue": 943.2,
        "sgaExpense": 30,
        "totalOperatingExpense": 270.3,
        "totalOtherIncomeExpenseNet": -33
      },
      {
        "costOfGoodsSold": 481.7,
        "depreciationAmortization": 236.6,
        "dilutedAverageSharesOutstanding": 376,
        "dilutedEPS": 1.26,
        "ebit": 251.2,
        "gainLossOnDispositionOfAssets": 226.2,
        "grossIncome": 530.4,
        "interestExpense": 116.696,
        "interestIncomeExpense": -127.6,
        "minorityInterest": -1.6,
        "netIncome": 473.1,
        "netIncomeAfterTaxes": 474.7,
        "nonRecurringItems": -20.4,
        "period": "2020-03-31",
        "pretaxIncome": 325.7,
        "provisionforIncomeTaxes": -149,
        "revenue": 1012.1,
        "sgaExpense": 42.5,
        "totalOperatingExpense": 279.2,
        "totalOtherIncomeExpenseNet": -3.7
      },
      {
        "costOfGoodsSold": 480.9,
        "depreciationAmortization": 237.9,
        "dilutedAverageSharesOutstanding": 376.6,
        "dilutedEPS": 0.03,
        "ebit": 235.6,
        "gainLossOnDispositionOfAssets": 1.4,
        "grossIncome": 515.2,
        "interestExpense": 116.707,
        "interestIncomeExpense": -116.5,
        "minorityInterest": -1.5,
        "netIncome": 11.4,
        "netIncomeAfterTaxes": 12.9,
        "nonRecurringItems": -115.2,
        "period": "2019-12-31",
        "pretaxIncome": 13.6,
        "provisionforIncomeTaxes": 0.7,
        "revenue": 996,
        "sgaExpense": 41.6,
        "totalOperatingExpense": 279.5,
        "totalOtherIncomeExpenseNet": 8.3
      },
      {
        "costOfGoodsSold": 462.1,
        "depreciationAmortization": 225.5,
        "dilutedAverageSharesOutstanding": 376.6,
        "dilutedEPS": 0.23,
        "ebit": 255,
        "gainLossOnDispositionOfAssets": 0,
        "grossIncome": 521,
        "interestExpense": 113.967,
        "interestIncomeExpense": -113.1,
        "minorityInterest": -1.7,
        "netIncome": 85.3,
        "netIncomeAfterTaxes": 86.9,
        "nonRecurringItems": -50.8,
        "period": "2019-09-30",
        "pretaxIncome": 88.9,
        "provisionforIncomeTaxes": 2,
        "revenue": 983.2,
        "sgaExpense": 40.5,
        "totalOperatingExpense": 266.1,
        "totalOtherIncomeExpenseNet": -2.2
      },
      {
        "costOfGoodsSold": 436.4,
        "depreciationAmortization": 222.9,
        "dilutedAverageSharesOutstanding": 365.6,
        "dilutedEPS": 0.58,
        "ebit": 248.3,
        "gainLossOnDispositionOfAssets": 19.2,
        "grossIncome": 514.3,
        "interestExpense": 110.369,
        "interestIncomeExpense": -112.9,
        "minorityInterest": -1.4,
        "netIncome": 210.5,
        "netIncomeAfterTaxes": 211.9,
        "nonRecurringItems": -11.9,
        "period": "2019-06-30",
        "pretaxIncome": 154.1,
        "provisionforIncomeTaxes": -57.8,
        "revenue": 950.7,
        "sgaExpense": 43.1,
        "totalOperatingExpense": 266,
        "totalOtherIncomeExpenseNet": 11.5
      },
      {
        "costOfGoodsSold": 431.1,
        "depreciationAmortization": 225.7,
        "dilutedAverageSharesOutstanding": 360.6,
        "dilutedEPS": 0.35,
        "ebit": 245.3,
        "gainLossOnDispositionOfAssets": 5.4,
        "grossIncome": 511.7,
        "interestExpense": 110.619,
        "interestIncomeExpense": -111.6,
        "minorityInterest": -1.8,
        "netIncome": 125.8,
        "netIncomeAfterTaxes": 127.6,
        "nonRecurringItems": -12.8,
        "period": "2019-03-31",
        "pretaxIncome": 126.3,
        "provisionforIncomeTaxes": -1.3,
        "revenue": 942.9,
        "sgaExpense": 40.8,
        "totalOperatingExpense": 266.5,
        "totalOtherIncomeExpenseNet": 0
      },
      {
        "costOfGoodsSold": 427.5,
        "depreciationAmortization": 173,
        "dilutedAverageSharesOutstanding": 360,
        "dilutedEPS": 0.17,
        "ebit": 284.3,
        "gainLossOnDispositionOfAssets": 10.4,
        "grossIncome": 495.8,
        "interestExpense": 110.524,
        "interestIncomeExpense": -117.7,
        "minorityInterest": -1,
        "netIncome": 62.3,
        "netIncomeAfterTaxes": 40.1,
        "nonRecurringItems": -83.4,
        "period": "2018-12-31",
        "pretaxIncome": 34.7,
        "provisionforIncomeTaxes": -5.5,
        "revenue": 923.3,
        "sgaExpense": 38.5,
        "totalOperatingExpense": 211.5,
        "totalOtherIncomeExpenseNet": -58.9
      },
      {
        "costOfGoodsSold": 428.8,
        "depreciationAmortization": 218.6,
        "dilutedAverageSharesOutstanding": 359.4,
        "dilutedEPS": 0.28,
        "ebit": 249.5,
        "gainLossOnDispositionOfAssets": 0,
        "grossIncome": 507.7,
        "interestExpense": 107.581,
        "interestIncomeExpense": -108.3,
        "minorityInterest": -1.3,
        "netIncome": 102,
        "netIncomeAfterTaxes": 103.3,
        "nonRecurringItems": -44,
        "period": "2018-09-30",
        "pretaxIncome": 96,
        "provisionforIncomeTaxes": -7.3,
        "revenue": 936.5,
        "sgaExpense": 39.7,
        "totalOperatingExpense": 258.3,
        "totalOtherIncomeExpenseNet": -1.2
      },
      {
        "costOfGoodsSold": 421.9,
        "depreciationAmortization": 219.9,
        "dilutedAverageSharesOutstanding": 359,
        "dilutedEPS": 0.46,
        "ebit": 263.8,
        "gainLossOnDispositionOfAssets": 35.8,
        "grossIncome": 520.4,
        "interestExpense": 113.029,
        "interestIncomeExpense": -119.4,
        "minorityInterest": -2.8,
        "netIncome": 166.5,
        "netIncomeAfterTaxes": 169.3,
        "nonRecurringItems": -8.1,
        "period": "2018-06-30",
        "pretaxIncome": 168.6,
        "provisionforIncomeTaxes": -0.7,
        "revenue": 942.3,
        "sgaExpense": 36.7,
        "totalOperatingExpense": 256.6,
        "totalOtherIncomeExpenseNet": -3.5
      },
      {
        "costOfGoodsSold": 413,
        "depreciationAmortization": 226.2,
        "dilutedAverageSharesOutstanding": 358.9,
        "dilutedEPS": 0.22,
        "ebit": 267.3,
        "gainLossOnDispositionOfAssets": 0,
        "grossIncome": 530.7,
        "interestExpense": 111.363,
        "interestIncomeExpense": -152.1,
        "minorityInterest": -1.4,
        "netIncome": 78.7,
        "netIncomeAfterTaxes": 80.1,
        "nonRecurringItems": -35.3,
        "period": "2018-03-31",
        "pretaxIncome": 76.9,
        "provisionforIncomeTaxes": -3.2,
        "revenue": 943.7,
        "sgaExpense": 37.2,
        "totalOperatingExpense": 263.4,
        "totalOtherIncomeExpenseNet": -3.1
      },
      {
        "costOfGoodsSold": 373.7,
        "depreciationAmortization": 215.4,
        "dilutedAverageSharesOutstanding": 359.2,
        "dilutedEPS": 1.09,
        "ebit": 271.2,
        "grossIncome": 521.6,
        "interestExpense": 111.951,
        "interestIncomeExpense": -116.3,
        "minorityInterest": -1.3,
        "netIncome": 392.6,
        "netIncomeAfterTaxes": 137.6,
        "nonRecurringItems": -18.8,
        "period": "2017-12-31",
        "pretaxIncome": 132.2,
        "provisionforIncomeTaxes": -5.5,
        "revenue": 895.3,
        "sgaExpense": 34.9,
        "totalOperatingExpense": 250.3,
        "totalOtherIncomeExpenseNet": -4
      },
      {
        "costOfGoodsSold": 376.6,
        "depreciationAmortization": 208.8,
        "dilutedAverageSharesOutstanding": 359.3,
        "dilutedEPS": 1.7,
        "ebit": 281.2,
        "grossIncome": 523.3,
        "interestExpense": 113.869,
        "interestIncomeExpense": -113.1,
        "minorityInterest": -1.2,
        "netIncome": 614,
        "netIncomeAfterTaxes": 156.9,
        "nonRecurringItems": -5.9,
        "period": "2017-09-30",
        "pretaxIncome": 149.1,
        "provisionforIncomeTaxes": -7.8,
        "revenue": 899.9,
        "sgaExpense": 33.3,
        "totalOperatingExpense": 242.2,
        "totalOtherIncomeExpenseNet": -13
      },
      {
        "costOfGoodsSold": 366.4,
        "depreciationAmortization": 213.7,
        "dilutedAverageSharesOutstanding": 358.3,
        "dilutedEPS": 0.42,
        "ebit": 282.1,
        "grossIncome": 529.1,
        "interestExpense": 113.572,
        "interestIncomeExpense": -113.7,
        "minorityInterest": -1.1,
        "netIncome": 151.8,
        "netIncomeAfterTaxes": 152.3,
        "nonRecurringItems": -16.5,
        "period": "2017-06-30",
        "pretaxIncome": 150.1,
        "provisionforIncomeTaxes": -2.2,
        "revenue": 895.5,
        "sgaExpense": 33.3,
        "totalOperatingExpense": 247,
        "totalOtherIncomeExpenseNet": -1.8
      },
      {
        "costOfGoodsSold": 369.7,
        "depreciationAmortization": 212.6,
        "dilutedAverageSharesOutstanding": 357.6,
        "dilutedEPS": 0.55,
        "ebit": 267.2,
        "grossIncome": 513.7,
        "interestExpense": 108.804,
        "interestIncomeExpense": -105.7,
        "minorityInterest": -1,
        "netIncome": 198.1,
        "netIncomeAfterTaxes": 155.9,
        "nonRecurringItems": -7.6,
        "period": "2017-03-31",
        "pretaxIncome": 152.8,
        "provisionforIncomeTaxes": -3.1,
        "revenue": 883.4,
        "sgaExpense": 34,
        "totalOperatingExpense": 246.5,
        "totalOtherIncomeExpenseNet": -1.2
      },
      {
        "costOfGoodsSold": 366.5,
        "depreciationAmortization": 232.2,
        "dilutedAverageSharesOutstanding": 357.5,
        "dilutedEPS": 0.58,
        "ebit": 245.6,
        "grossIncome": 509.2,
        "interestExpense": 107.739,
        "interestIncomeExpense": -105.5,
        "minorityInterest": -1.2,
        "netIncome": 207.6,
        "netIncomeAfterTaxes": 142.6,
        "nonRecurringItems": 0.8,
        "period": "2016-12-31",
        "pretaxIncome": 139.7,
        "provisionforIncomeTaxes": -2.8,
        "revenue": 875.7,
        "sgaExpense": 31.5,
        "totalOperatingExpense": 263.7,
        "totalOtherIncomeExpenseNet": -1.1
      },
      {
        "costOfGoodsSold": 362.1,
        "depreciationAmortization": 208.4,
        "dilutedAverageSharesOutstanding": 354.2,
        "dilutedEPS": 0.42,
        "ebit": 265.1,
        "grossIncome": 505,
        "interestExpense": 105.063,
        "interestIncomeExpense": -104.1,
        "minorityInterest": -0.7,
        "netIncome": 149.5,
        "netIncomeAfterTaxes": 150.4,
        "nonRecurringItems": -16.6,
        "period": "2016-09-30",
        "pretaxIncome": 141.9,
        "provisionforIncomeTaxes": -8.5,
        "revenue": 867.1,
        "sgaExpense": 31.6,
        "totalOperatingExpense": 239.9,
        "totalOtherIncomeExpenseNet": -2.4
      },
      {
        "costOfGoodsSold": 353.8,
        "depreciationAmortization": 222,
        "dilutedAverageSharesOutstanding": 342.6,
        "dilutedEPS": 0.4,
        "ebit": 240.6,
        "grossIncome": 494.6,
        "interestExpense": 103.665,
        "interestIncomeExpense": -102.2,
        "minorityInterest": -0.3,
        "netIncome": 143.2,
        "netIncomeAfterTaxes": 137.8,
        "nonRecurringItems": -9.7,
        "period": "2016-06-30",
        "pretaxIncome": 126.3,
        "provisionforIncomeTaxes": -11.5,
        "revenue": 848.4,
        "sgaExpense": 32.1,
        "totalOperatingExpense": 254.1,
        "totalOtherIncomeExpenseNet": -2.3
      },
      {
        "costOfGoodsSold": 359.7,
        "depreciationAmortization": 236.4,
        "dilutedAverageSharesOutstanding": 339.2,
        "dilutedEPS": 0.43,
        "ebit": 224.5,
        "grossIncome": 492.6,
        "interestExpense": 103.273,
        "interestIncomeExpense": -103.5,
        "minorityInterest": -0.1,
        "netIncome": 149,
        "netIncomeAfterTaxes": 123.3,
        "nonRecurringItems": -1.9,
        "period": "2016-03-31",
        "pretaxIncome": 114.9,
        "provisionforIncomeTaxes": -8.4,
        "revenue": 852.3,
        "sgaExpense": 31.7,
        "totalOperatingExpense": 268.1,
        "totalOtherIncomeExpenseNet": -4.2
      },
      {
        "costOfGoodsSold": 359.8,
        "depreciationAmortization": 236.8,
        "dilutedAverageSharesOutstanding": 336.4,
        "dilutedEPS": 0.37,
        "ebit": 217,
        "grossIncome": 481.5,
        "interestExpense": 103.692,
        "interestIncomeExpense": -103.9,
        "minorityInterest": -0.3,
        "netIncome": 124.7,
        "netIncomeAfterTaxes": 123.2,
        "nonRecurringItems": 2.6,
        "period": "2015-12-31",
        "pretaxIncome": 111.7,
        "provisionforIncomeTaxes": -11.5,
        "revenue": 841.3,
        "sgaExpense": 27.6,
        "totalOperatingExpense": 264.5,
        "totalOtherIncomeExpenseNet": -4
      },
      {
        "costOfGoodsSold": 354.3,
        "depreciationAmortization": 226.3,
        "dilutedAverageSharesOutstanding": 336.3,
        "dilutedEPS": 0.06,
        "ebit": 214.9,
        "grossIncome": 473.3,
        "interestExpense": 97.135,
        "interestIncomeExpense": -98.1,
        "minorityInterest": -0.3,
        "netIncome": 22.9,
        "netIncomeAfterTaxes": 45.2,
        "nonRecurringItems": -77.5,
        "period": "2015-09-30",
        "pretaxIncome": 34.5,
        "provisionforIncomeTaxes": -10.7,
        "revenue": 827.6,
        "sgaExpense": 32.1,
        "totalOperatingExpense": 258.4,
        "totalOtherIncomeExpenseNet": -4.8
      }
    ],
    "symbol": "VTR"
  }
}