{
  "symbol": "BLK",
  "statement": "ic",
  "frequency": "quarterly",
  "timestamp": "2025-09-19T13:56:50.278336",
  "data": {
    "financials": [
      {
        "costOfGoodsSold": 1063,
        "depreciationAmortization": 137,
        "dilutedAverageSharesOutstanding": 156.3,
        "dilutedEPS": 10.19,
        "ebit": 1780,
        "grossIncome": 4360,
        "interestExpense": 173,
        "interestIncomeExpense": 521,
        "minorityInterest": -72,
        "netIncome": 1593,
        "netIncomeAfterTaxes": 1665,
        "nonRecurringItems": -49,
        "period": "2025-06-30",
        "pretaxIncome": 2252,
        "provisionforIncomeTaxes": 587,
        "revenue": 5423,
        "sgaExpense": 2443,
        "totalOperatingExpense": 2580
      },
      {
        "costOfGoodsSold": 1009,
        "depreciationAmortization": 117,
        "dilutedAverageSharesOutstanding": 156.6,
        "dilutedEPS": 9.64,
        "ebit": 1737,
        "grossIncome": 4267,
        "interestExpense": 166,
        "interestIncomeExpense": 65,
        "minorityInterest": -5,
        "netIncome": 1510,
        "netIncomeAfterTaxes": 1515,
        "nonRecurringItems": -39,
        "period": "2025-03-31",
        "pretaxIncome": 1763,
        "provisionforIncomeTaxes": 248,
        "revenue": 5276,
        "sgaExpense": 2413,
        "totalOperatingExpense": 2530
      },
      {
        "costOfGoodsSold": 996,
        "depreciationAmortization": 125,
        "dilutedAverageSharesOutstanding": 157,
        "dilutedEPS": 10.64,
        "ebit": 2113,
        "grossIncome": 4681,
        "interestExpense": 166,
        "interestIncomeExpense": 28,
        "minorityInterest": 9,
        "netIncome": 1670,
        "netIncomeAfterTaxes": 1661,
        "nonRecurringItems": -38,
        "period": "2024-12-31",
        "pretaxIncome": 2103,
        "provisionforIncomeTaxes": 442,
        "revenue": 5677,
        "sgaExpense": 2443,
        "totalOperatingExpense": 2568
      },
      {
        "costOfGoodsSold": 962,
        "depreciationAmortization": 39,
        "dilutedAverageSharesOutstanding": 149.6,
        "dilutedEPS": 10.9,
        "ebit": 2073,
        "grossIncome": 4235,
        "interestExpense": 154,
        "interestIncomeExpense": 259,
        "minorityInterest": -60,
        "netIncome": 1631,
        "netIncomeAfterTaxes": 1691,
        "nonRecurringItems": -67,
        "period": "2024-09-30",
        "pretaxIncome": 2265,
        "provisionforIncomeTaxes": 574,
        "revenue": 5197,
        "sgaExpense": 2123,
        "totalOperatingExpense": 2162
      },
      {
        "costOfGoodsSold": 929,
        "depreciationAmortization": 39,
        "dilutedAverageSharesOutstanding": 149.7,
        "dilutedEPS": 9.99,
        "ebit": 1813,
        "grossIncome": 3876,
        "interestExpense": 126,
        "interestIncomeExpense": 214,
        "minorityInterest": -42,
        "netIncome": 1495,
        "netIncomeAfterTaxes": 1537,
        "nonRecurringItems": -13,
        "period": "2024-06-30",
        "pretaxIncome": 2014,
        "provisionforIncomeTaxes": 477,
        "revenue": 4805,
        "sgaExpense": 2024,
        "totalOperatingExpense": 2063
      },
      {
        "costOfGoodsSold": 888,
        "depreciationAmortization": 38,
        "dilutedAverageSharesOutstanding": 150.1,
        "dilutedEPS": 10.48,
        "ebit": 1715,
        "grossIncome": 3840,
        "interestExpense": 92,
        "interestIncomeExpense": 220,
        "minorityInterest": -50,
        "netIncome": 1573,
        "netIncomeAfterTaxes": 1623,
        "nonRecurringItems": -22,
        "period": "2024-03-31",
        "pretaxIncome": 1913,
        "provisionforIncomeTaxes": 290,
        "revenue": 4728,
        "sgaExpense": 2087,
        "totalOperatingExpense": 2125
      },
      {
        "costOfGoodsSold": 820,
        "depreciationAmortization": 38,
        "dilutedAverageSharesOutstanding": 150.1,
        "dilutedEPS": 9.16,
        "ebit": 1646,
        "grossIncome": 3811,
        "interestExpense": 82,
        "interestIncomeExpense": 342,
        "minorityInterest": -114,
        "netIncome": 1375,
        "netIncomeAfterTaxes": 1489,
        "nonRecurringItems": -61,
        "period": "2023-12-31",
        "pretaxIncome": 1927,
        "provisionforIncomeTaxes": 438,
        "revenue": 4631,
        "sgaExpense": 2127,
        "totalOperatingExpense": 2165
      },
      {
        "costOfGoodsSold": 880,
        "depreciationAmortization": 39,
        "dilutedAverageSharesOutstanding": 150.5,
        "dilutedEPS": 10.66,
        "ebit": 1641,
        "grossIncome": 3642,
        "interestExpense": 82,
        "interestIncomeExpense": 171,
        "minorityInterest": 9,
        "netIncome": 1604,
        "netIncomeAfterTaxes": 1595,
        "nonRecurringItems": -4,
        "period": "2023-09-30",
        "pretaxIncome": 1808,
        "provisionforIncomeTaxes": 213,
        "revenue": 4522,
        "sgaExpense": 1962,
        "totalOperatingExpense": 2001
      },
      {
        "costOfGoodsSold": 862,
        "depreciationAmortization": 37,
        "dilutedAverageSharesOutstanding": 150.7,
        "dilutedEPS": 9.06,
        "ebit": 1618,
        "grossIncome": 3601,
        "interestExpense": 69,
        "interestIncomeExpense": 251,
        "minorityInterest": -57,
        "netIncome": 1366,
        "netIncomeAfterTaxes": 1423,
        "nonRecurringItems": -3,
        "period": "2023-06-30",
        "pretaxIncome": 1866,
        "provisionforIncomeTaxes": 443,
        "revenue": 4463,
        "sgaExpense": 1946,
        "totalOperatingExpense": 1983
      },
      {
        "costOfGoodsSold": 820,
        "depreciationAmortization": 37,
        "dilutedAverageSharesOutstanding": 151.3,
        "dilutedEPS": 7.65,
        "ebit": 1438,
        "grossIncome": 3423,
        "interestExpense": 59,
        "interestIncomeExpense": 116,
        "minorityInterest": -12,
        "netIncome": 1157,
        "netIncomeAfterTaxes": 1169,
        "period": "2023-03-31",
        "pretaxIncome": 1554,
        "provisionforIncomeTaxes": 385,
        "revenue": 4243,
        "sgaExpense": 1948,
        "totalOperatingExpense": 1985
      },
      {
        "costOfGoodsSold": 772,
        "depreciationAmortization": 37,
        "dilutedAverageSharesOutstanding": 151.962,
        "dilutedEPS": 8.28,
        "ebit": 1524,
        "grossIncome": 3565,
        "interestExpense": 54,
        "interestIncomeExpense": 225,
        "minorityInterest": -48,
        "netIncome": 1259,
        "netIncomeAfterTaxes": 1307,
        "nonRecurringItems": -97,
        "period": "2022-12-31",
        "pretaxIncome": 1652,
        "provisionforIncomeTaxes": 345,
        "revenue": 4337,
        "sgaExpense": 2004,
        "totalOperatingExpense": 2041
      },
      {
        "costOfGoodsSold": 854,
        "depreciationAmortization": 38,
        "dilutedAverageSharesOutstanding": 152,
        "dilutedEPS": 9.25,
        "ebit": 1526,
        "grossIncome": 3457,
        "interestExpense": 50,
        "interestIncomeExpense": 165,
        "minorityInterest": 45,
        "netIncome": 1406,
        "netIncomeAfterTaxes": 1361,
        "period": "2022-09-30",
        "pretaxIncome": 1691,
        "provisionforIncomeTaxes": 330,
        "revenue": 4311,
        "sgaExpense": 1893,
        "totalOperatingExpense": 1931
      },
      {
        "costOfGoodsSold": 876,
        "depreciationAmortization": 38,
        "dilutedAverageSharesOutstanding": 152.452,
        "dilutedEPS": 7.06,
        "ebit": 1668,
        "grossIncome": 3650,
        "interestExpense": 54,
        "interestIncomeExpense": -347,
        "minorityInterest": 114,
        "netIncome": 1077,
        "netIncomeAfterTaxes": 963,
        "nonRecurringItems": 0,
        "period": "2022-06-30",
        "pretaxIncome": 1321,
        "provisionforIncomeTaxes": 358,
        "revenue": 4526,
        "sgaExpense": 1944,
        "totalOperatingExpense": 1982
      },
      {
        "costOfGoodsSold": 903,
        "depreciationAmortization": 38,
        "dilutedAverageSharesOutstanding": 153.53,
        "dilutedEPS": 9.35,
        "ebit": 1764,
        "grossIncome": 3796,
        "interestExpense": 54,
        "interestIncomeExpense": -138,
        "minorityInterest": 73,
        "netIncome": 1436,
        "netIncomeAfterTaxes": 1363,
        "nonRecurringItems": 0,
        "period": "2022-03-31",
        "pretaxIncome": 1626,
        "provisionforIncomeTaxes": 263,
        "revenue": 4699,
        "sgaExpense": 1994,
        "totalOperatingExpense": 2032
      },
      {
        "costOfGoodsSold": 906,
        "depreciationAmortization": 38,
        "dilutedAverageSharesOutstanding": 154.56,
        "dilutedEPS": 10.63,
        "ebit": 2039,
        "grossIncome": 4200,
        "interestExpense": 50,
        "interestIncomeExpense": 71,
        "minorityInterest": 11,
        "netIncome": 1643,
        "netIncomeAfterTaxes": 1632,
        "nonRecurringItems": 0,
        "period": "2021-12-31",
        "pretaxIncome": 2110,
        "provisionforIncomeTaxes": 478,
        "revenue": 5106,
        "sgaExpense": 2123,
        "totalOperatingExpense": 2161
      },
      {
        "costOfGoodsSold": 939,
        "depreciationAmortization": 38,
        "dilutedAverageSharesOutstanding": 154.343,
        "dilutedEPS": 10.89,
        "ebit": 2031,
        "grossIncome": 4111,
        "interestExpense": 48,
        "interestIncomeExpense": 336,
        "minorityInterest": -72,
        "netIncome": 1681,
        "netIncomeAfterTaxes": 1753,
        "nonRecurringItems": -96,
        "period": "2021-09-30",
        "pretaxIncome": 2271,
        "provisionforIncomeTaxes": 518,
        "revenue": 5050,
        "sgaExpense": 2042,
        "totalOperatingExpense": 2080
      },
      {
        "costOfGoodsSold": 843,
        "depreciationAmortization": 37,
        "dilutedAverageSharesOutstanding": 154.418,
        "dilutedEPS": 8.92,
        "ebit": 1931,
        "grossIncome": 3977,
        "interestExpense": 52,
        "interestIncomeExpense": 270,
        "minorityInterest": -169,
        "netIncome": 1378,
        "netIncomeAfterTaxes": 1547,
        "nonRecurringItems": 0,
        "period": "2021-06-30",
        "pretaxIncome": 2201,
        "provisionforIncomeTaxes": 654,
        "revenue": 4820,
        "sgaExpense": 2009,
        "totalOperatingExpense": 2046
      },
      {
        "costOfGoodsSold": 825,
        "depreciationAmortization": 34,
        "dilutedAverageSharesOutstanding": 154.302,
        "dilutedEPS": 7.77,
        "ebit": 1723,
        "grossIncome": 3573,
        "interestExpense": 55,
        "interestIncomeExpense": 46,
        "minorityInterest": -74,
        "netIncome": 1199,
        "netIncomeAfterTaxes": 1273,
        "nonRecurringItems": -178,
        "period": "2021-03-31",
        "pretaxIncome": 1591,
        "provisionforIncomeTaxes": 318,
        "revenue": 4398,
        "sgaExpense": 1816,
        "totalOperatingExpense": 1850
      },
      {
        "costOfGoodsSold": 788,
        "depreciationAmortization": 27,
        "dilutedAverageSharesOutstanding": 154.483,
        "dilutedEPS": 10.02,
        "ebit": 1850,
        "grossIncome": 3690,
        "interestExpense": 54,
        "interestIncomeExpense": 319,
        "minorityInterest": -192,
        "netIncome": 1548,
        "netIncomeAfterTaxes": 1740,
        "nonRecurringItems": -2,
        "period": "2020-12-31",
        "pretaxIncome": 2167,
        "provisionforIncomeTaxes": 427,
        "revenue": 4478,
        "sgaExpense": 1813,
        "totalOperatingExpense": 1840
      },
      {
        "costOfGoodsSold": 713,
        "depreciationAmortization": 27,
        "dilutedAverageSharesOutstanding": 153.742,
        "dilutedEPS": 8.87,
        "ebit": 1837,
        "grossIncome": 3656,
        "interestExpense": 54,
        "interestIncomeExpense": 224,
        "minorityInterest": -153,
        "netIncome": 1364,
        "netIncomeAfterTaxes": 1517,
        "nonRecurringItems": -80,
        "period": "2020-09-30",
        "pretaxIncome": 1981,
        "provisionforIncomeTaxes": 464,
        "revenue": 4369,
        "sgaExpense": 1792,
        "totalOperatingExpense": 1819
      },
      {
        "costOfGoodsSold": 675,
        "depreciationAmortization": 27,
        "dilutedAverageSharesOutstanding": 154.712,
        "dilutedEPS": 7.85,
        "ebit": 1406,
        "grossIncome": 2973,
        "interestExpense": 51,
        "interestIncomeExpense": 357,
        "minorityInterest": -188,
        "netIncome": 1214,
        "netIncomeAfterTaxes": 1402,
        "nonRecurringItems": 0,
        "period": "2020-06-30",
        "pretaxIncome": 1763,
        "provisionforIncomeTaxes": 361,
        "revenue": 3648,
        "sgaExpense": 1540,
        "totalOperatingExpense": 1567
      },
      {
        "costOfGoodsSold": 722,
        "depreciationAmortization": 25,
        "dilutedAverageSharesOutstanding": 156.417,
        "dilutedEPS": 5.15,
        "ebit": 1357,
        "grossIncome": 2988,
        "interestExpense": 46,
        "interestIncomeExpense": -71,
        "minorityInterest": 179,
        "netIncome": 806,
        "netIncomeAfterTaxes": 627,
        "nonRecurringItems": -673,
        "period": "2020-03-31",
        "pretaxIncome": 613,
        "provisionforIncomeTaxes": -14,
        "revenue": 3710,
        "sgaExpense": 1606,
        "totalOperatingExpense": 1631
      },
      {
        "costOfGoodsSold": 683,
        "depreciationAmortization": 29,
        "dilutedAverageSharesOutstanding": 157.68,
        "dilutedEPS": 8.25,
        "ebit": 1538,
        "grossIncome": 3294,
        "interestExpense": 51,
        "interestIncomeExpense": 96,
        "minorityInterest": -33,
        "netIncome": 1301,
        "netIncomeAfterTaxes": 1334,
        "nonRecurringItems": 0,
        "period": "2019-12-31",
        "pretaxIncome": 1634,
        "provisionforIncomeTaxes": 300,
        "revenue": 3977,
        "sgaExpense": 1727,
        "totalOperatingExpense": 1756
      },
      {
        "costOfGoodsSold": 666,
        "depreciationAmortization": 28,
        "dilutedAverageSharesOutstanding": 156.447,
        "dilutedEPS": 7.15,
        "ebit": 1502,
        "grossIncome": 3026,
        "interestExpense": 54,
        "interestIncomeExpense": -42,
        "minorityInterest": 0,
        "netIncome": 1119,
        "netIncomeAfterTaxes": 1119,
        "period": "2019-09-30",
        "pretaxIncome": 1460,
        "provisionforIncomeTaxes": 341,
        "revenue": 3692,
        "sgaExpense": 1496,
        "totalOperatingExpense": 1524
      },
      {
        "costOfGoodsSold": 668,
        "depreciationAmortization": 25,
        "dilutedAverageSharesOutstanding": 156.361,
        "dilutedEPS": 6.41,
        "ebit": 1278,
        "grossIncome": 2856,
        "interestExpense": 52,
        "interestIncomeExpense": 57,
        "minorityInterest": -10,
        "netIncome": 1003,
        "netIncomeAfterTaxes": 1013,
        "period": "2019-06-30",
        "pretaxIncome": 1335,
        "provisionforIncomeTaxes": 322,
        "revenue": 3524,
        "sgaExpense": 1553,
        "totalOperatingExpense": 1578
      },
      {
        "costOfGoodsSold": 646,
        "depreciationAmortization": 15,
        "dilutedAverageSharesOutstanding": 159.348,
        "dilutedEPS": 6.61,
        "ebit": 1233,
        "grossIncome": 2700,
        "interestExpense": 46,
        "interestIncomeExpense": 125,
        "minorityInterest": -7,
        "netIncome": 1053,
        "netIncomeAfterTaxes": 1060,
        "period": "2019-03-31",
        "pretaxIncome": 1358,
        "provisionforIncomeTaxes": 298,
        "revenue": 3346,
        "sgaExpense": 1452,
        "totalOperatingExpense": 1467
      },
      {
        "costOfGoodsSold": 644,
        "depreciationAmortization": 15,
        "dilutedAverageSharesOutstanding": 161.372,
        "dilutedEPS": 5.74,
        "ebit": 1306,
        "grossIncome": 2790,
        "interestExpense": 46,
        "interestIncomeExpense": -72,
        "minorityInterest": 0,
        "netIncome": 927,
        "netIncomeAfterTaxes": 927,
        "nonRecurringItems": -60,
        "period": "2018-12-31",
        "pretaxIncome": 1174,
        "provisionforIncomeTaxes": 247,
        "revenue": 3434,
        "sgaExpense": 1469,
        "totalOperatingExpense": 1484
      },
      {
        "costOfGoodsSold": 657,
        "depreciationAmortization": 13,
        "dilutedAverageSharesOutstanding": 161.378,
        "dilutedEPS": 7.54,
        "ebit": 1396,
        "grossIncome": 2919,
        "interestExpense": 46,
        "interestIncomeExpense": 33,
        "minorityInterest": 13,
        "netIncome": 1216,
        "netIncomeAfterTaxes": 1203,
        "period": "2018-09-30",
        "pretaxIncome": 1429,
        "provisionforIncomeTaxes": 226,
        "revenue": 3576,
        "sgaExpense": 1510,
        "totalOperatingExpense": 1523
      },
      {
        "costOfGoodsSold": 679,
        "depreciationAmortization": 11,
        "dilutedAverageSharesOutstanding": 162.162,
        "dilutedEPS": 6.62,
        "ebit": 1440,
        "grossIncome": 2926,
        "interestExpense": 46,
        "interestIncomeExpense": -24,
        "minorityInterest": -5,
        "netIncome": 1073,
        "netIncomeAfterTaxes": 1078,
        "period": "2018-06-30",
        "pretaxIncome": 1416,
        "provisionforIncomeTaxes": 338,
        "revenue": 3605,
        "sgaExpense": 1475,
        "totalOperatingExpense": 1486
      },
      {
        "costOfGoodsSold": 693,
        "depreciationAmortization": 11,
        "dilutedAverageSharesOutstanding": 162.919,
        "dilutedEPS": 6.68,
        "ebit": 1376,
        "grossIncome": 2890,
        "interestExpense": 46,
        "interestIncomeExpense": -17,
        "minorityInterest": -5,
        "netIncome": 1089,
        "netIncomeAfterTaxes": 1094,
        "period": "2018-03-31",
        "pretaxIncome": 1359,
        "provisionforIncomeTaxes": 265,
        "revenue": 3583,
        "sgaExpense": 1503,
        "totalOperatingExpense": 1514
      },
      {
        "costOfGoodsSold": 670,
        "depreciationAmortization": 12,
        "dilutedAverageSharesOutstanding": 164.793,
        "dilutedEPS": 13.92,
        "ebit": 1485,
        "grossIncome": 3094,
        "interestExpense": 46,
        "interestIncomeExpense": 1,
        "minorityInterest": -6,
        "netIncome": 2295,
        "netIncomeAfterTaxes": 1126,
        "nonRecurringItems": 0,
        "period": "2017-12-31",
        "pretaxIncome": 1486,
        "provisionforIncomeTaxes": 360,
        "revenue": 3764,
        "sgaExpense": 1597,
        "totalOperatingExpense": 1609
      },
      {
        "costOfGoodsSold": 932,
        "depreciationAmortization": 27,
        "dilutedAverageSharesOutstanding": 165.666,
        "dilutedEPS": 5.68,
        "ebit": 1384,
        "grossIncome": 2847,
        "interestExpense": 46,
        "interestIncomeExpense": 10,
        "minorityInterest": -12,
        "netIncome": 941,
        "netIncomeAfterTaxes": 953,
        "otherOperatingExpensesTotal": 11,
        "period": "2017-09-30",
        "pretaxIncome": 1394,
        "provisionforIncomeTaxes": 441,
        "revenue": 3779,
        "sgaExpense": 1425,
        "totalOperatingExpense": 1463
      },
      {
        "costOfGoodsSold": 349,
        "depreciationAmortization": 25,
        "dilutedAverageSharesOutstanding": 164.15,
        "dilutedEPS": 5.22,
        "ebit": 1242,
        "grossIncome": 2616,
        "interestExpense": 48,
        "interestIncomeExpense": 1,
        "minorityInterest": -10,
        "netIncome": 857,
        "netIncomeAfterTaxes": 867,
        "period": "2017-06-30",
        "pretaxIncome": 1243,
        "provisionforIncomeTaxes": 376,
        "revenue": 2965,
        "sgaExpense": 1349,
        "totalOperatingExpense": 1374
      },
      {
        "costOfGoodsSold": 607,
        "depreciationAmortization": 25,
        "dilutedAverageSharesOutstanding": 164.856,
        "dilutedEPS": 5.21,
        "ebit": 1132,
        "grossIncome": 2485,
        "interestExpense": 65,
        "interestIncomeExpense": 4,
        "minorityInterest": -9,
        "netIncome": 859,
        "netIncomeAfterTaxes": 868,
        "period": "2017-03-31",
        "pretaxIncome": 1136,
        "provisionforIncomeTaxes": 268,
        "revenue": 3092,
        "sgaExpense": 1328,
        "totalOperatingExpense": 1353
      },
      {
        "costOfGoodsSold": 299,
        "depreciationAmortization": 24,
        "dilutedAverageSharesOutstanding": 166.036,
        "dilutedEPS": 5.13,
        "ebit": 1225,
        "grossIncome": 2591,
        "interestExpense": 51,
        "interestIncomeExpense": -38,
        "minorityInterest": 0,
        "netIncome": 851,
        "netIncomeAfterTaxes": 851,
        "nonRecurringItems": 0,
        "period": "2016-12-31",
        "pretaxIncome": 1187,
        "provisionforIncomeTaxes": 336,
        "revenue": 2890,
        "sgaExpense": 1342,
        "totalOperatingExpense": 1366
      },
      {
        "costOfGoodsSold": 322,
        "depreciationAmortization": 25,
        "dilutedAverageSharesOutstanding": 166.257,
        "dilutedEPS": 5.26,
        "ebit": 1209,
        "grossIncome": 2515,
        "interestExpense": 52,
        "interestIncomeExpense": 1,
        "minorityInterest": -2,
        "netIncome": 875,
        "netIncomeAfterTaxes": 877,
        "nonRecurringItems": 0,
        "period": "2016-09-30",
        "pretaxIncome": 1210,
        "provisionforIncomeTaxes": 333,
        "revenue": 2837,
        "sgaExpense": 1281,
        "totalOperatingExpense": 1306
      },
      {
        "costOfGoodsSold": 313,
        "depreciationAmortization": 25,
        "dilutedAverageSharesOutstanding": 166.639,
        "dilutedEPS": 4.73,
        "ebit": 1173,
        "grossIncome": 2491,
        "interestExpense": 51,
        "interestIncomeExpense": -25,
        "minorityInterest": -6,
        "netIncome": 789,
        "netIncomeAfterTaxes": 795,
        "nonRecurringItems": 0,
        "period": "2016-06-30",
        "pretaxIncome": 1148,
        "provisionforIncomeTaxes": 353,
        "revenue": 2804,
        "sgaExpense": 1293,
        "totalOperatingExpense": 1318
      },
      {
        "costOfGoodsSold": 295,
        "depreciationAmortization": 25,
        "dilutedAverageSharesOutstanding": 167.399,
        "dilutedEPS": 3.92,
        "ebit": 1039,
        "grossIncome": 2329,
        "interestExpense": 51,
        "interestIncomeExpense": -48,
        "minorityInterest": 10,
        "netIncome": 657,
        "netIncomeAfterTaxes": 647,
        "nonRecurringItems": -76,
        "period": "2016-03-31",
        "pretaxIncome": 915,
        "provisionforIncomeTaxes": 268,
        "revenue": 2624,
        "sgaExpense": 1265,
        "totalOperatingExpense": 1290
      },
      {
        "costOfGoodsSold": 303,
        "depreciationAmortization": 24,
        "dilutedAverageSharesOutstanding": 168.683,
        "dilutedEPS": 5.1,
        "ebit": 1137,
        "grossIncome": 2560,
        "interestExpense": 51,
        "interestIncomeExpense": 11,
        "minorityInterest": -8,
        "netIncome": 861,
        "netIncomeAfterTaxes": 869,
        "period": "2015-12-31",
        "pretaxIncome": 1148,
        "provisionforIncomeTaxes": 279,
        "revenue": 2863,
        "sgaExpense": 1399,
        "totalOperatingExpense": 1423
      },
      {
        "costOfGoodsSold": 312,
        "depreciationAmortization": 34,
        "dilutedAverageSharesOutstanding": 168.665,
        "dilutedEPS": 5,
        "ebit": 1222,
        "grossIncome": 2598,
        "interestExpense": 50,
        "interestIncomeExpense": -48,
        "minorityInterest": 11,
        "netIncome": 843,
        "netIncomeAfterTaxes": 832,
        "period": "2015-09-30",
        "pretaxIncome": 1174,
        "provisionforIncomeTaxes": 342,
        "revenue": 2910,
        "sgaExpense": 1342,
        "totalOperatingExpense": 1376
      }
    ],
    "symbol": "BLK"
  }
}