{
  "symbol": "ANET",
  "statement": "ic",
  "frequency": "quarterly",
  "timestamp": "2025-09-19T13:56:17.787008",
  "data": {
    "financials": [
      {
        "costOfGoodsSold": 766.2,
        "dilutedAverageSharesOutstanding": 1271.2,
        "dilutedEPS": 0.7,
        "ebit": 986.2,
        "grossIncome": 1438.6,
        "netIncome": 888.8,
        "netIncomeAfterTaxes": 888.8,
        "period": "2025-06-30",
        "pretaxIncome": 1080.2,
        "provisionforIncomeTaxes": 191.4,
        "researchDevelopment": 296.5,
        "revenue": 2204.8,
        "sgaExpense": 155.9,
        "totalOperatingExpense": 452.4,
        "totalOtherIncomeExpenseNet": 94
      },
      {
        "costOfGoodsSold": 728.7,
        "dilutedAverageSharesOutstanding": 1279.2,
        "dilutedEPS": 0.64,
        "ebit": 858.8,
        "grossIncome": 1276.1,
        "interestIncomeExpense": 90.2,
        "netIncome": 813.8,
        "netIncomeAfterTaxes": 813.8,
        "period": "2025-03-31",
        "pretaxIncome": 955,
        "provisionforIncomeTaxes": 141.2,
        "researchDevelopment": 266.4,
        "revenue": 2004.8,
        "sgaExpense": 150.9,
        "totalOperatingExpense": 417.3,
        "totalOtherIncomeExpenseNet": 6
      },
      {
        "costOfGoodsSold": 699.442,
        "dilutedAverageSharesOutstanding": 1283.372,
        "dilutedEPS": 0.62,
        "ebit": 799.652,
        "grossIncome": 1230.994,
        "interestIncomeExpense": 90.353,
        "netIncome": 800.996,
        "netIncomeAfterTaxes": 800.996,
        "period": "2024-12-31",
        "pretaxIncome": 888.927,
        "provisionforIncomeTaxes": 87.931,
        "researchDevelopment": 285.016,
        "revenue": 1930.436,
        "sgaExpense": 146.326,
        "totalOperatingExpense": 431.342,
        "totalOtherIncomeExpenseNet": -1.078
      },
      {
        "costOfGoodsSold": 649.219,
        "dilutedAverageSharesOutstanding": 1281.792,
        "dilutedEPS": 0.58,
        "ebit": 785.25,
        "grossIncome": 1161.717,
        "interestIncomeExpense": 97.774,
        "netIncome": 747.938,
        "netIncomeAfterTaxes": 747.938,
        "period": "2024-09-30",
        "pretaxIncome": 882.91,
        "provisionforIncomeTaxes": 134.972,
        "researchDevelopment": 235.824,
        "revenue": 1810.936,
        "sgaExpense": 140.643,
        "totalOperatingExpense": 376.467,
        "totalOtherIncomeExpenseNet": -0.114
      },
      {
        "costOfGoodsSold": 593.187,
        "dilutedAverageSharesOutstanding": 1279.684,
        "dilutedEPS": 0.52,
        "ebit": 699.573,
        "grossIncome": 1097.213,
        "interestIncomeExpense": 71.448,
        "netIncome": 665.428,
        "netIncomeAfterTaxes": 665.428,
        "period": "2024-06-30",
        "pretaxIncome": 770.436,
        "provisionforIncomeTaxes": 105.008,
        "researchDevelopment": 267.482,
        "revenue": 1690.4,
        "sgaExpense": 130.158,
        "totalOperatingExpense": 397.64,
        "totalOtherIncomeExpenseNet": -0.585
      },
      {
        "costOfGoodsSold": 569.995,
        "dilutedAverageSharesOutstanding": 1279.46,
        "dilutedEPS": 0.5,
        "ebit": 660.141,
        "grossIncome": 1001.379,
        "interestIncomeExpense": 63.823,
        "netIncome": 637.692,
        "netIncomeAfterTaxes": 637.692,
        "period": "2024-03-31",
        "pretaxIncome": 722.761,
        "provisionforIncomeTaxes": 85.069,
        "researchDevelopment": 208.395,
        "revenue": 1571.374,
        "sgaExpense": 132.843,
        "totalOperatingExpense": 341.238,
        "totalOtherIncomeExpenseNet": -1.203
      },
      {
        "costOfGoodsSold": 541.211,
        "dilutedAverageSharesOutstanding": 1275.392,
        "dilutedEPS": 0.48,
        "ebit": 639.914,
        "grossIncome": 999.226,
        "interestIncomeExpense": 54.03,
        "netIncome": 613.636,
        "netIncomeAfterTaxes": 613.636,
        "period": "2023-12-31",
        "pretaxIncome": 694.391,
        "provisionforIncomeTaxes": 80.755,
        "researchDevelopment": 211.481,
        "revenue": 1540.437,
        "sgaExpense": 147.831,
        "totalOperatingExpense": 359.312,
        "totalOtherIncomeExpenseNet": 0.447
      },
      {
        "costOfGoodsSold": 567.037,
        "dilutedAverageSharesOutstanding": 1270.524,
        "dilutedEPS": 0.43,
        "ebit": 602.695,
        "grossIncome": 942.419,
        "interestIncomeExpense": 43.203,
        "netIncome": 545.327,
        "netIncomeAfterTaxes": 545.327,
        "period": "2023-09-30",
        "pretaxIncome": 644.51,
        "provisionforIncomeTaxes": 99.183,
        "researchDevelopment": 212.353,
        "revenue": 1509.456,
        "sgaExpense": 127.371,
        "totalOperatingExpense": 339.724,
        "totalOtherIncomeExpenseNet": -1.388
      },
      {
        "costOfGoodsSold": 574.795,
        "dilutedAverageSharesOutstanding": 1265.94,
        "dilutedEPS": 0.39,
        "ebit": 530.062,
        "grossIncome": 884.129,
        "interestIncomeExpense": 56.949,
        "netIncome": 491.885,
        "netIncomeAfterTaxes": 491.885,
        "period": "2023-06-30",
        "pretaxIncome": 586.401,
        "provisionforIncomeTaxes": 94.516,
        "researchDevelopment": 229.676,
        "revenue": 1458.924,
        "sgaExpense": 124.391,
        "totalOperatingExpense": 354.067,
        "totalOtherIncomeExpenseNet": -0.61
      },
      {
        "costOfGoodsSold": 546.844,
        "dilutedAverageSharesOutstanding": 1262.312,
        "dilutedEPS": 0.35,
        "ebit": 484.578,
        "grossIncome": 804.507,
        "interestIncomeExpense": 16.938,
        "netIncome": 436.473,
        "netIncomeAfterTaxes": 436.473,
        "period": "2023-03-31",
        "pretaxIncome": 496.724,
        "provisionforIncomeTaxes": 60.251,
        "researchDevelopment": 201.408,
        "revenue": 1351.351,
        "sgaExpense": 118.521,
        "totalOperatingExpense": 319.929,
        "totalOtherIncomeExpenseNet": -4.792
      },
      {
        "costOfGoodsSold": 506.946,
        "dilutedAverageSharesOutstanding": 1262.404,
        "dilutedEPS": 0.34,
        "ebit": 468.919,
        "grossIncome": 768.606,
        "interestIncomeExpense": 17.131,
        "netIncome": 427.089,
        "netIncomeAfterTaxes": 427.089,
        "period": "2022-12-31",
        "pretaxIncome": 485.845,
        "provisionforIncomeTaxes": 58.756,
        "researchDevelopment": 190.423,
        "revenue": 1275.552,
        "sgaExpense": 109.264,
        "totalOperatingExpense": 299.687,
        "totalOtherIncomeExpenseNet": -0.205
      },
      {
        "costOfGoodsSold": 466.821,
        "dilutedAverageSharesOutstanding": 1257.604,
        "dilutedEPS": 0.28,
        "ebit": 417.347,
        "grossIncome": 709.98,
        "interestIncomeExpense": 7.637,
        "netIncome": 353.999,
        "netIncomeAfterTaxes": 353.999,
        "period": "2022-09-30",
        "pretaxIncome": 424.164,
        "provisionforIncomeTaxes": 70.165,
        "researchDevelopment": 187.807,
        "revenue": 1176.801,
        "sgaExpense": 104.826,
        "totalOperatingExpense": 292.633,
        "totalOtherIncomeExpenseNet": -0.82
      },
      {
        "costOfGoodsSold": 408.626,
        "dilutedAverageSharesOutstanding": 1266.324,
        "dilutedEPS": 0.24,
        "ebit": 362.853,
        "grossIncome": 643.265,
        "interestIncomeExpense": -0.657,
        "netIncome": 299.099,
        "netIncomeAfterTaxes": 299.099,
        "period": "2022-06-30",
        "pretaxIncome": 362.32,
        "provisionforIncomeTaxes": 63.221,
        "researchDevelopment": 178.158,
        "revenue": 1051.891,
        "sgaExpense": 102.254,
        "totalOperatingExpense": 280.412,
        "totalOtherIncomeExpenseNet": 0.124
      },
      {
        "costOfGoodsSold": 323.221,
        "dilutedAverageSharesOutstanding": 1278.608,
        "dilutedEPS": 0.21,
        "ebit": 277.987,
        "grossIncome": 553.845,
        "interestIncomeExpense": 30.925,
        "netIncome": 272.259,
        "netIncomeAfterTaxes": 272.259,
        "period": "2022-03-31",
        "pretaxIncome": 309.467,
        "provisionforIncomeTaxes": 37.208,
        "researchDevelopment": 172.006,
        "revenue": 877.066,
        "sgaExpense": 103.852,
        "totalOperatingExpense": 275.858,
        "totalOtherIncomeExpenseNet": 0.555
      },
      {
        "costOfGoodsSold": 301.745,
        "dilutedAverageSharesOutstanding": 1280.096,
        "dilutedEPS": 0.19,
        "ebit": 265.788,
        "grossIncome": 522.714,
        "interestIncomeExpense": 1.662,
        "netIncome": 239.295,
        "netIncomeAfterTaxes": 239.295,
        "period": "2021-12-31",
        "pretaxIncome": 267.288,
        "provisionforIncomeTaxes": 27.993,
        "researchDevelopment": 157.879,
        "revenue": 824.459,
        "sgaExpense": 99.047,
        "totalOperatingExpense": 256.926,
        "totalOtherIncomeExpenseNet": -0.162
      },
      {
        "costOfGoodsSold": 270.082,
        "dilutedAverageSharesOutstanding": 1278.544,
        "dilutedEPS": 0.18,
        "ebit": 233.294,
        "grossIncome": 478.615,
        "interestIncomeExpense": 1.636,
        "netIncome": 224.305,
        "netIncomeAfterTaxes": 224.305,
        "period": "2021-09-30",
        "pretaxIncome": 234.64,
        "provisionforIncomeTaxes": 10.335,
        "researchDevelopment": 153.093,
        "revenue": 748.697,
        "sgaExpense": 92.228,
        "totalOperatingExpense": 245.321,
        "totalOtherIncomeExpenseNet": -0.29
      },
      {
        "costOfGoodsSold": 253.141,
        "dilutedAverageSharesOutstanding": 1275.36,
        "dilutedEPS": 0.15,
        "ebit": 219.365,
        "grossIncome": 454.178,
        "interestIncomeExpense": 1.872,
        "netIncome": 196.888,
        "netIncomeAfterTaxes": 196.888,
        "period": "2021-06-30",
        "pretaxIncome": 221.084,
        "provisionforIncomeTaxes": 24.196,
        "researchDevelopment": 143.293,
        "revenue": 707.319,
        "sgaExpense": 91.52,
        "totalOperatingExpense": 234.813,
        "totalOtherIncomeExpenseNet": -0.153
      },
      {
        "costOfGoodsSold": 242.29,
        "dilutedAverageSharesOutstanding": 1273.968,
        "dilutedEPS": 0.14,
        "ebit": 206.292,
        "grossIncome": 425.272,
        "interestIncomeExpense": 2.045,
        "netIncome": 180.366,
        "netIncomeAfterTaxes": 180.366,
        "period": "2021-03-31",
        "pretaxIncome": 207.867,
        "provisionforIncomeTaxes": 27.501,
        "researchDevelopment": 132.487,
        "revenue": 667.562,
        "sgaExpense": 86.493,
        "totalOperatingExpense": 218.98,
        "totalOtherIncomeExpenseNet": -0.47
      },
      {
        "costOfGoodsSold": 233.898,
        "dilutedAverageSharesOutstanding": 1268.848,
        "dilutedEPS": 0.14,
        "ebit": 194.638,
        "grossIncome": 414.584,
        "interestIncomeExpense": 6.654,
        "netIncome": 182.958,
        "netIncomeAfterTaxes": 182.958,
        "nonRecurringItems": 0,
        "period": "2020-12-31",
        "pretaxIncome": 200.18,
        "provisionforIncomeTaxes": 17.222,
        "researchDevelopment": 133.847,
        "revenue": 648.482,
        "sgaExpense": 86.099,
        "totalOperatingExpense": 219.946,
        "totalOtherIncomeExpenseNet": -1.112
      },
      {
        "costOfGoodsSold": 220.469,
        "dilutedAverageSharesOutstanding": 1269.008,
        "dilutedEPS": 0.13,
        "ebit": 188.395,
        "grossIncome": 384.962,
        "interestIncomeExpense": 13.751,
        "netIncome": 168.375,
        "netIncomeAfterTaxes": 168.375,
        "period": "2020-09-30",
        "pretaxIncome": 201.619,
        "provisionforIncomeTaxes": 33.244,
        "researchDevelopment": 128.049,
        "revenue": 605.431,
        "sgaExpense": 68.518,
        "totalOperatingExpense": 196.567,
        "totalOtherIncomeExpenseNet": -0.527
      },
      {
        "costOfGoodsSold": 196.481,
        "dilutedAverageSharesOutstanding": 1268.768,
        "dilutedEPS": 0.11,
        "ebit": 166.989,
        "grossIncome": 344.089,
        "interestIncomeExpense": 8.668,
        "netIncome": 144.793,
        "netIncomeAfterTaxes": 144.793,
        "period": "2020-06-30",
        "pretaxIncome": 175.245,
        "provisionforIncomeTaxes": 30.452,
        "researchDevelopment": 111.544,
        "revenue": 540.57,
        "sgaExpense": 65.556,
        "totalOperatingExpense": 177.1,
        "totalOtherIncomeExpenseNet": -0.412
      },
      {
        "costOfGoodsSold": 184.778,
        "dilutedAverageSharesOutstanding": 1279.024,
        "dilutedEPS": 0.11,
        "ebit": 149.662,
        "grossIncome": 338.251,
        "interestIncomeExpense": 11.662,
        "netIncome": 138.431,
        "netIncomeAfterTaxes": 138.431,
        "period": "2020-03-31",
        "pretaxIncome": 161.819,
        "provisionforIncomeTaxes": 23.388,
        "researchDevelopment": 113.154,
        "revenue": 523.029,
        "sgaExpense": 75.435,
        "totalOperatingExpense": 188.589,
        "totalOtherIncomeExpenseNet": 0.495
      },
      {
        "costOfGoodsSold": 196.243,
        "dilutedAverageSharesOutstanding": 1283.264,
        "dilutedEPS": 0.2,
        "ebit": 175.989,
        "grossIncome": 356.303,
        "interestIncomeExpense": 12.693,
        "netIncome": 260.583,
        "netIncomeAfterTaxes": 260.692,
        "nonRecurringItems": 0,
        "period": "2019-12-31",
        "pretaxIncome": 187.172,
        "provisionforIncomeTaxes": -73.52,
        "researchDevelopment": 110.063,
        "revenue": 552.546,
        "sgaExpense": 70.251,
        "totalOperatingExpense": 180.314,
        "totalOtherIncomeExpenseNet": -1.51
      },
      {
        "costOfGoodsSold": 237.141,
        "dilutedAverageSharesOutstanding": 1292.048,
        "dilutedEPS": 0.16,
        "ebit": 228.606,
        "grossIncome": 417.274,
        "interestIncomeExpense": 17.723,
        "netIncome": 208.799,
        "netIncomeAfterTaxes": 208.895,
        "nonRecurringItems": 0,
        "period": "2019-09-30",
        "pretaxIncome": 247.775,
        "provisionforIncomeTaxes": 38.88,
        "researchDevelopment": 118.732,
        "revenue": 654.415,
        "sgaExpense": 69.936,
        "totalOperatingExpense": 188.668,
        "totalOtherIncomeExpenseNet": 1.446
      },
      {
        "costOfGoodsSold": 218.13,
        "dilutedAverageSharesOutstanding": 1301.36,
        "dilutedEPS": 0.15,
        "ebit": 206.837,
        "grossIncome": 390.191,
        "interestIncomeExpense": 13.107,
        "netIncome": 189.152,
        "netIncomeAfterTaxes": 189.251,
        "nonRecurringItems": 0,
        "period": "2019-06-30",
        "pretaxIncome": 220.648,
        "provisionforIncomeTaxes": 31.397,
        "researchDevelopment": 114.295,
        "revenue": 608.321,
        "sgaExpense": 69.059,
        "totalOperatingExpense": 183.354,
        "totalOtherIncomeExpenseNet": 0.704
      },
      {
        "costOfGoodsSold": 214.854,
        "dilutedAverageSharesOutstanding": 1299.216,
        "dilutedEPS": 0.15,
        "ebit": 194.342,
        "grossIncome": 380.57,
        "interestIncomeExpense": 13.048,
        "netIncome": 200.911,
        "netIncomeAfterTaxes": 201.029,
        "period": "2019-03-31",
        "pretaxIncome": 206.675,
        "provisionforIncomeTaxes": 5.646,
        "researchDevelopment": 119.669,
        "revenue": 595.424,
        "sgaExpense": 66.559,
        "totalOperatingExpense": 186.228,
        "totalOtherIncomeExpenseNet": -0.715
      },
      {
        "costOfGoodsSold": 220.734,
        "dilutedAverageSharesOutstanding": 1293.504,
        "dilutedEPS": 0.14,
        "ebit": 193.642,
        "grossIncome": 374.992,
        "interestExpense": 0.661,
        "interestIncomeExpense": 4.372,
        "netIncome": 170.22,
        "netIncomeAfterTaxes": 176.422,
        "nonRecurringItems": 0,
        "period": "2018-12-31",
        "pretaxIncome": 198.49,
        "provisionforIncomeTaxes": 22.068,
        "researchDevelopment": 118.439,
        "revenue": 595.726,
        "sgaExpense": 62.911,
        "totalOperatingExpense": 181.35,
        "totalOtherIncomeExpenseNet": 0.476
      },
      {
        "costOfGoodsSold": 201.726,
        "dilutedAverageSharesOutstanding": 1296.288,
        "dilutedEPS": 0.13,
        "ebit": 180.77,
        "grossIncome": 361.583,
        "interestExpense": 0.673,
        "interestIncomeExpense": 7.912,
        "netIncome": 168.439,
        "netIncomeAfterTaxes": 168.524,
        "nonRecurringItems": 0,
        "period": "2018-09-30",
        "pretaxIncome": 189.389,
        "provisionforIncomeTaxes": 20.865,
        "researchDevelopment": 117.589,
        "revenue": 563.309,
        "sgaExpense": 63.224,
        "totalOperatingExpense": 180.813,
        "totalOtherIncomeExpenseNet": 0.707
      },
      {
        "costOfGoodsSold": 185.962,
        "dilutedAverageSharesOutstanding": 1192.048,
        "dilutedEPS": -0.13,
        "ebit": 165.197,
        "grossIncome": 333.883,
        "interestExpense": 0.68,
        "interestIncomeExpense": -1.816,
        "netIncome": -155.195,
        "netIncomeAfterTaxes": -155.269,
        "nonRecurringItems": -405,
        "period": "2018-06-30",
        "pretaxIncome": -241.972,
        "provisionforIncomeTaxes": -86.703,
        "researchDevelopment": 104.078,
        "revenue": 519.845,
        "sgaExpense": 64.608,
        "totalOperatingExpense": 168.686,
        "totalOtherIncomeExpenseNet": -0.353
      },
      {
        "costOfGoodsSold": 169.57,
        "dilutedAverageSharesOutstanding": 1190.024,
        "dilutedEPS": 0.12,
        "ebit": 138.738,
        "grossIncome": 302.919,
        "interestExpense": 0.687,
        "interestIncomeExpense": 4.697,
        "netIncome": 144.462,
        "netIncomeAfterTaxes": 144.538,
        "nonRecurringItems": 0,
        "period": "2018-03-31",
        "pretaxIncome": 142.894,
        "provisionforIncomeTaxes": -1.644,
        "researchDevelopment": 102.362,
        "revenue": 472.489,
        "sgaExpense": 61.819,
        "totalOperatingExpense": 164.181,
        "totalOtherIncomeExpenseNet": -0.541
      },
      {
        "costOfGoodsSold": 160.702,
        "dilutedAverageSharesOutstanding": 1285.184,
        "dilutedEPS": 0.08,
        "ebit": 139.388,
        "grossIncome": 307.165,
        "interestExpense": 0.741,
        "interestIncomeExpense": -0.741,
        "netIncome": 103.757,
        "netIncomeAfterTaxes": 155.633,
        "period": "2017-12-31",
        "pretaxIncome": 141.635,
        "provisionforIncomeTaxes": -13.998,
        "researchDevelopment": 107.18,
        "revenue": 467.867,
        "sgaExpense": 60.597,
        "totalOperatingExpense": 167.777,
        "totalOtherIncomeExpenseNet": 2.988
      },
      {
        "costOfGoodsSold": 157.016,
        "dilutedAverageSharesOutstanding": 1269.152,
        "dilutedEPS": 0.11,
        "ebit": 140.832,
        "grossIncome": 280.617,
        "interestExpense": 0.701,
        "interestIncomeExpense": -0.701,
        "netIncome": 133.54,
        "netIncomeAfterTaxes": 133.722,
        "period": "2017-09-30",
        "pretaxIncome": 142.267,
        "provisionforIncomeTaxes": 8.545,
        "researchDevelopment": 79.61,
        "revenue": 437.633,
        "sgaExpense": 60.175,
        "totalOperatingExpense": 139.785,
        "totalOtherIncomeExpenseNet": 2.136
      },
      {
        "costOfGoodsSold": 145.434,
        "dilutedAverageSharesOutstanding": 1260.096,
        "dilutedEPS": 0.08,
        "ebit": 116.634,
        "grossIncome": 259.777,
        "interestExpense": 0.623,
        "interestIncomeExpense": -0.623,
        "netIncome": 102.418,
        "netIncomeAfterTaxes": 102.685,
        "period": "2017-06-30",
        "pretaxIncome": 117.13,
        "provisionforIncomeTaxes": 14.445,
        "researchDevelopment": 81.194,
        "revenue": 405.211,
        "sgaExpense": 61.949,
        "totalOperatingExpense": 143.143,
        "totalOtherIncomeExpenseNet": 1.119
      },
      {
        "costOfGoodsSold": 121.265,
        "dilutedAverageSharesOutstanding": 1255.376,
        "dilutedEPS": 0.07,
        "ebit": 73.418,
        "grossIncome": 214.21,
        "interestExpense": 0.715,
        "interestIncomeExpense": -0.715,
        "netIncome": 82.685,
        "netIncomeAfterTaxes": 82.961,
        "period": "2017-03-31",
        "pretaxIncome": 73.728,
        "provisionforIncomeTaxes": -9.233,
        "researchDevelopment": 81.61,
        "revenue": 335.475,
        "sgaExpense": 59.182,
        "totalOperatingExpense": 140.792,
        "totalOtherIncomeExpenseNet": 1.025
      },
      {
        "costOfGoodsSold": 117.814,
        "dilutedAverageSharesOutstanding": 1191.28,
        "dilutedEPS": 0.05,
        "ebit": 77.495,
        "grossIncome": 210.155,
        "interestExpense": 0.918,
        "interestIncomeExpense": -0.918,
        "netIncome": 58.49,
        "netIncomeAfterTaxes": 58.783,
        "period": "2016-12-31",
        "pretaxIncome": 77.137,
        "provisionforIncomeTaxes": 18.354,
        "researchDevelopment": 71.398,
        "revenue": 327.969,
        "sgaExpense": 61.262,
        "totalOperatingExpense": 132.66,
        "totalOtherIncomeExpenseNet": 0.56
      },
      {
        "costOfGoodsSold": 103.841,
        "dilutedAverageSharesOutstanding": 1175.248,
        "dilutedEPS": 0.04,
        "ebit": 63.021,
        "grossIncome": 186.42,
        "interestExpense": 0.735,
        "interestIncomeExpense": -0.735,
        "netIncome": 50.962,
        "netIncomeAfterTaxes": 51.257,
        "period": "2016-09-30",
        "pretaxIncome": 62.925,
        "provisionforIncomeTaxes": 11.668,
        "researchDevelopment": 70.648,
        "revenue": 290.261,
        "sgaExpense": 52.751,
        "totalOperatingExpense": 123.399,
        "totalOtherIncomeExpenseNet": 0.639
      },
      {
        "costOfGoodsSold": 97.29,
        "dilutedAverageSharesOutstanding": 1165.072,
        "dilutedEPS": 0.03,
        "ebit": 53.158,
        "grossIncome": 171.451,
        "interestExpense": 0.732,
        "interestIncomeExpense": -0.732,
        "netIncome": 38.592,
        "netIncomeAfterTaxes": 38.904,
        "period": "2016-06-30",
        "pretaxIncome": 52.842,
        "provisionforIncomeTaxes": 13.938,
        "researchDevelopment": 69.02,
        "revenue": 268.741,
        "sgaExpense": 49.273,
        "totalOperatingExpense": 118.293,
        "totalOtherIncomeExpenseNet": 0.416
      },
      {
        "costOfGoodsSold": 87.106,
        "dilutedAverageSharesOutstanding": 1155.424,
        "dilutedEPS": 0.03,
        "ebit": 49.735,
        "grossIncome": 155.09,
        "interestExpense": 0.751,
        "interestIncomeExpense": -0.751,
        "netIncome": 34.921,
        "netIncomeAfterTaxes": 35.245,
        "period": "2016-03-31",
        "pretaxIncome": 49.321,
        "provisionforIncomeTaxes": 14.076,
        "researchDevelopment": 62.515,
        "revenue": 242.196,
        "sgaExpense": 42.84,
        "totalOperatingExpense": 105.355,
        "totalOtherIncomeExpenseNet": 0.337
      },
      {
        "costOfGoodsSold": 89.278,
        "dilutedAverageSharesOutstanding": 1151.168,
        "dilutedEPS": 0.04,
        "ebit": 49.397,
        "grossIncome": 156.168,
        "interestExpense": 0.746,
        "interestIncomeExpense": -0.746,
        "netIncome": 43.251,
        "netIncomeAfterTaxes": 43.924,
        "period": "2015-12-31",
        "pretaxIncome": 48.542,
        "provisionforIncomeTaxes": 4.618,
        "researchDevelopment": 57.413,
        "revenue": 245.446,
        "sgaExpense": 49.358,
        "totalOperatingExpense": 106.771,
        "totalOtherIncomeExpenseNet": -0.109
      },
      {
        "costOfGoodsSold": 75.8,
        "dilutedAverageSharesOutstanding": 1150.192,
        "dilutedEPS": 0.02,
        "ebit": 31.297,
        "grossIncome": 141.748,
        "interestExpense": 0.753,
        "interestIncomeExpense": -0.753,
        "netIncome": 28.301,
        "netIncomeAfterTaxes": 28.69,
        "period": "2015-09-30",
        "pretaxIncome": 30.557,
        "provisionforIncomeTaxes": 1.867,
        "researchDevelopment": 58.748,
        "revenue": 217.548,
        "sgaExpense": 51.703,
        "totalOperatingExpense": 110.451,
        "totalOtherIncomeExpenseNet": 0.013
      }
    ],
    "symbol": "ANET"
  }
}