{
  "symbol": "FTV",
  "statement": "ic",
  "frequency": "quarterly",
  "timestamp": "2025-09-19T14:00:40.450648",
  "data": {
    "financials": [
      {
        "costOfGoodsSold": 623.1,
        "dilutedAverageSharesOutstanding": 341.7,
        "dilutedEPS": 0.4876,
        "ebit": 222.2,
        "grossIncome": 895.7,
        "interestExpense": 32.1,
        "interestIncomeExpense": -32.1,
        "netIncome": 166.6,
        "netIncomeAfterTaxes": 166.6,
        "nonRecurringItems": 0,
        "period": "2025-06-27",
        "pretaxIncome": 192,
        "provisionforIncomeTaxes": 25.4,
        "researchDevelopment": 109.2,
        "revenue": 1518.8,
        "sgaExpense": 564.3,
        "totalOperatingExpense": 673.5,
        "totalOtherIncomeExpenseNet": 1.9
      },
      {
        "costOfGoodsSold": 593.3,
        "dilutedAverageSharesOutstanding": 344.6,
        "dilutedEPS": 0.4988,
        "ebit": 233.6,
        "grossIncome": 880.9,
        "interestExpense": 32,
        "interestIncomeExpense": -32,
        "netIncome": 171.9,
        "netIncomeAfterTaxes": 171.9,
        "nonRecurringItems": 0,
        "period": "2025-03-28",
        "pretaxIncome": 201.4,
        "provisionforIncomeTaxes": 29.5,
        "researchDevelopment": 105.1,
        "revenue": 1474.2,
        "sgaExpense": 542.2,
        "totalOperatingExpense": 647.3,
        "totalOtherIncomeExpenseNet": -0.2
      },
      {
        "costOfGoodsSold": 643.1,
        "dilutedAverageSharesOutstanding": 348,
        "dilutedEPS": 0.6,
        "ebit": 311,
        "gainLossOnDispositionOfAssets": 0,
        "grossIncome": 977.2,
        "interestExpense": 33.1,
        "interestIncomeExpense": -33.1,
        "netIncome": 208.8,
        "netIncomeAfterTaxes": 208.8,
        "nonRecurringItems": -3.9,
        "period": "2024-12-31",
        "pretaxIncome": 274.7,
        "provisionforIncomeTaxes": 65.9,
        "researchDevelopment": 107.1,
        "revenue": 1620.3,
        "sgaExpense": 559.1,
        "totalOperatingExpense": 666.2,
        "totalOtherIncomeExpenseNet": 0.7
      },
      {
        "costOfGoodsSold": 613.3,
        "dilutedAverageSharesOutstanding": 352.3,
        "dilutedEPS": 0.629,
        "ebit": 297.4,
        "grossIncome": 921.3,
        "interestExpense": 37,
        "interestIncomeExpense": -63.1,
        "netIncome": 221.6,
        "netIncomeAfterTaxes": 221.6,
        "nonRecurringItems": -1.9,
        "period": "2024-09-27",
        "pretaxIncome": 232.2,
        "provisionforIncomeTaxes": 10.6,
        "researchDevelopment": 101.7,
        "revenue": 1534.6,
        "sgaExpense": 522.2,
        "totalOperatingExpense": 623.9,
        "totalOtherIncomeExpenseNet": -0.2
      },
      {
        "costOfGoodsSold": 624.1,
        "dilutedAverageSharesOutstanding": 354.8,
        "dilutedEPS": 0.5499,
        "ebit": 302,
        "grossIncome": 928.3,
        "interestExpense": 38.7,
        "interestIncomeExpense": -38.7,
        "netIncome": 195.1,
        "netIncomeAfterTaxes": 195.1,
        "nonRecurringItems": -25.8,
        "period": "2024-06-28",
        "pretaxIncome": 228.7,
        "provisionforIncomeTaxes": 33.6,
        "researchDevelopment": 101.1,
        "revenue": 1552.4,
        "sgaExpense": 525.2,
        "totalOperatingExpense": 626.3,
        "totalOtherIncomeExpenseNet": -8.8
      },
      {
        "costOfGoodsSold": 620.3,
        "dilutedAverageSharesOutstanding": 356,
        "dilutedEPS": 0.5826,
        "ebit": 266.1,
        "grossIncome": 904.2,
        "interestExpense": 44,
        "interestIncomeExpense": -44,
        "netIncome": 207.4,
        "netIncomeAfterTaxes": 207.4,
        "nonRecurringItems": 36.1,
        "period": "2024-03-29",
        "pretaxIncome": 234,
        "provisionforIncomeTaxes": 26.6,
        "researchDevelopment": 104.1,
        "revenue": 1524.5,
        "sgaExpense": 534,
        "totalOperatingExpense": 638.1,
        "totalOtherIncomeExpenseNet": -24.2
      },
      {
        "costOfGoodsSold": 636.2,
        "dilutedAverageSharesOutstanding": 354.4,
        "dilutedEPS": 0.7483,
        "ebit": 310.9,
        "grossIncome": 947.5,
        "interestExpense": 28.5,
        "interestIncomeExpense": -28.5,
        "netIncome": 265.2,
        "netIncomeAfterTaxes": 265.2,
        "nonRecurringItems": 0,
        "period": "2023-12-31",
        "pretaxIncome": 277.5,
        "provisionforIncomeTaxes": 12.3,
        "researchDevelopment": 99.2,
        "revenue": 1583.7,
        "sgaExpense": 537.4,
        "totalOperatingExpense": 636.6,
        "totalOtherIncomeExpenseNet": -4.9
      },
      {
        "costOfGoodsSold": 601.5,
        "dilutedAverageSharesOutstanding": 356.1,
        "dilutedEPS": 0.61,
        "ebit": 291.1,
        "grossIncome": 893,
        "interestExpense": 29.8,
        "interestIncomeExpense": -29.8,
        "netIncome": 218,
        "netIncomeAfterTaxes": 218,
        "nonRecurringItems": 0,
        "period": "2023-09-29",
        "pretaxIncome": 257.1,
        "provisionforIncomeTaxes": 39.1,
        "researchDevelopment": 98.4,
        "revenue": 1494.5,
        "sgaExpense": 503.5,
        "totalOperatingExpense": 601.9,
        "totalOtherIncomeExpenseNet": -4.2
      },
      {
        "costOfGoodsSold": 621,
        "dilutedAverageSharesOutstanding": 355.5,
        "dilutedEPS": 0.59,
        "ebit": 291.3,
        "grossIncome": 905.4,
        "interestExpense": 33.1,
        "interestIncomeExpense": -33.1,
        "netIncome": 209,
        "netIncomeAfterTaxes": 209,
        "nonRecurringItems": 0,
        "period": "2023-06-30",
        "pretaxIncome": 250.4,
        "provisionforIncomeTaxes": 41.4,
        "researchDevelopment": 100.1,
        "revenue": 1526.4,
        "sgaExpense": 514,
        "totalOperatingExpense": 614.1,
        "totalOtherIncomeExpenseNet": -7.8
      },
      {
        "costOfGoodsSold": 612.5,
        "dilutedAverageSharesOutstanding": 356.5,
        "dilutedEPS": 0.49,
        "ebit": 240.4,
        "grossIncome": 848.2,
        "interestExpense": 32.1,
        "interestIncomeExpense": -32.1,
        "netIncome": 173.6,
        "netIncomeAfterTaxes": 173.6,
        "period": "2023-03-31",
        "pretaxIncome": 205.8,
        "provisionforIncomeTaxes": 32.2,
        "researchDevelopment": 100.1,
        "revenue": 1460.7,
        "sgaExpense": 507.7,
        "totalOperatingExpense": 607.8,
        "totalOtherIncomeExpenseNet": -2.5
      },
      {
        "costOfGoodsSold": 637.4,
        "dilutedAverageSharesOutstanding": 357.2,
        "dilutedEPS": 0.64,
        "ebit": 291.5,
        "grossIncome": 892.5,
        "interestExpense": 32.1,
        "interestIncomeExpense": -32.1,
        "netIncome": 227.2,
        "netIncomeAfterTaxes": 227.2,
        "nonRecurringItems": -0.6,
        "period": "2022-12-31",
        "pretaxIncome": 257,
        "provisionforIncomeTaxes": 29.8,
        "researchDevelopment": 101.2,
        "revenue": 1529.9,
        "sgaExpense": 499.8,
        "totalOperatingExpense": 601,
        "totalOtherIncomeExpenseNet": -1.8
      },
      {
        "costOfGoodsSold": 610.6,
        "dilutedAverageSharesOutstanding": 357.9,
        "dilutedEPS": 0.53,
        "ebit": 253,
        "grossIncome": 845.4,
        "interestExpense": 26.4,
        "interestIncomeExpense": -26.4,
        "netIncome": 189.9,
        "netIncomeAfterTaxes": 189.9,
        "nonRecurringItems": -1.1,
        "period": "2022-09-30",
        "pretaxIncome": 217.5,
        "provisionforIncomeTaxes": 27.6,
        "researchDevelopment": 101.1,
        "revenue": 1456,
        "sgaExpense": 491.3,
        "totalOperatingExpense": 592.4,
        "totalOtherIncomeExpenseNet": -8
      },
      {
        "costOfGoodsSold": 629.8,
        "dilutedAverageSharesOutstanding": 359.8,
        "dilutedEPS": 0.48,
        "ebit": 248.5,
        "grossIncome": 833.5,
        "interestExpense": 21,
        "interestIncomeExpense": -21,
        "netIncome": 173,
        "netIncomeAfterTaxes": 173,
        "nonRecurringItems": -16.2,
        "period": "2022-07-01",
        "pretaxIncome": 208.2,
        "provisionforIncomeTaxes": 35.2,
        "researchDevelopment": 100.1,
        "revenue": 1463.3,
        "sgaExpense": 484.9,
        "totalOperatingExpense": 585,
        "totalOtherIncomeExpenseNet": -3.1
      },
      {
        "costOfGoodsSold": 584.5,
        "dilutedAverageSharesOutstanding": 368.4,
        "dilutedEPS": 0.45,
        "ebit": 212.3,
        "grossIncome": 792,
        "interestExpense": 18.8,
        "interestIncomeExpense": -18.8,
        "netIncome": 165.1,
        "netIncomeAfterTaxes": 165.1,
        "nonRecurringItems": 0,
        "period": "2022-04-01",
        "pretaxIncome": 190.8,
        "provisionforIncomeTaxes": 25.7,
        "researchDevelopment": 99.1,
        "revenue": 1376.5,
        "sgaExpense": 480.6,
        "totalOperatingExpense": 579.7,
        "totalOtherIncomeExpenseNet": -2.7
      },
      {
        "costOfGoodsSold": 580.8,
        "dilutedAverageSharesOutstanding": 362.8,
        "dilutedEPS": 0.47,
        "ebit": 203.1,
        "grossIncome": 795.5,
        "interestExpense": 25.2,
        "interestIncomeExpense": -25.2,
        "netIncome": 166.5,
        "netIncomeAfterTaxes": 169.4,
        "nonRecurringItems": 3.9,
        "period": "2021-12-31",
        "pretaxIncome": 177.2,
        "provisionforIncomeTaxes": 7.8,
        "researchDevelopment": 93,
        "revenue": 1376.3,
        "sgaExpense": 499.4,
        "totalOperatingExpense": 592.4,
        "totalOtherIncomeExpenseNet": -4.6
      },
      {
        "costOfGoodsSold": 555.3,
        "dilutedAverageSharesOutstanding": 362.2,
        "dilutedEPS": 0.42,
        "ebit": 200.8,
        "grossIncome": 744.2,
        "interestExpense": 25.1,
        "interestIncomeExpense": -25.1,
        "netIncome": 150.8,
        "netIncomeAfterTaxes": 151.1,
        "nonRecurringItems": 0,
        "period": "2021-10-01",
        "pretaxIncome": 174.1,
        "provisionforIncomeTaxes": 23,
        "researchDevelopment": 87.8,
        "revenue": 1299.5,
        "sgaExpense": 455.6,
        "totalOperatingExpense": 543.4,
        "totalOtherIncomeExpenseNet": -1.6
      },
      {
        "costOfGoodsSold": 564.2,
        "dilutedAverageSharesOutstanding": 342.4,
        "dilutedEPS": 0.48,
        "ebit": 211.3,
        "grossIncome": 755.5,
        "interestExpense": 25.2,
        "interestIncomeExpense": -25.2,
        "netIncome": 163.7,
        "netIncomeAfterTaxes": 182,
        "nonRecurringItems": 26,
        "period": "2021-07-02",
        "pretaxIncome": 207.5,
        "provisionforIncomeTaxes": 25.5,
        "researchDevelopment": 87.8,
        "revenue": 1319.7,
        "sgaExpense": 456.4,
        "totalOperatingExpense": 544.2,
        "totalOtherIncomeExpenseNet": -4.6
      },
      {
        "costOfGoodsSold": 547.3,
        "dilutedAverageSharesOutstanding": 341.7,
        "dilutedEPS": 0.28,
        "ebit": 197.6,
        "grossIncome": 711.9,
        "interestExpense": 27.7,
        "interestIncomeExpense": -27.7,
        "netIncome": 92.9,
        "netIncomeAfterTaxes": 111.7,
        "nonRecurringItems": -47.9,
        "period": "2021-04-02",
        "pretaxIncome": 118.7,
        "provisionforIncomeTaxes": 7,
        "researchDevelopment": 86.2,
        "revenue": 1259.2,
        "sgaExpense": 428.1,
        "totalOperatingExpense": 514.3,
        "totalOtherIncomeExpenseNet": -3.3
      },
      {
        "costOfGoodsSold": 221.2,
        "dilutedAverageSharesOutstanding": 423.4,
        "dilutedEPS": 2.83,
        "ebit": 94.3,
        "grossIncome": 498.3,
        "interestIncomeExpense": 1087.4,
        "netIncome": 1198.4,
        "netIncomeAfterTaxes": 1264.1,
        "nonRecurringItems": 85.3,
        "period": "2020-12-31",
        "pretaxIncome": 1265,
        "provisionforIncomeTaxes": 0.9,
        "researchDevelopment": 50.4,
        "revenue": 719.5,
        "sgaExpense": 353.6,
        "totalOperatingExpense": 404,
        "totalOtherIncomeExpenseNet": -2
      },
      {
        "costOfGoodsSold": 508.2,
        "dilutedAverageSharesOutstanding": 340.8,
        "dilutedEPS": 0.61,
        "ebit": 137.6,
        "grossIncome": 651.6,
        "interestExpense": 36.9,
        "interestIncomeExpense": -36.9,
        "netIncome": 208.5,
        "netIncomeAfterTaxes": 86,
        "nonRecurringItems": 0,
        "period": "2020-09-25",
        "pretaxIncome": 99.3,
        "provisionforIncomeTaxes": 13.3,
        "researchDevelopment": 79.2,
        "revenue": 1159.8,
        "sgaExpense": 434.8,
        "totalOperatingExpense": 514,
        "totalOtherIncomeExpenseNet": -1.4
      },
      {
        "costOfGoodsSold": 458.8,
        "dilutedAverageSharesOutstanding": 339.7,
        "dilutedEPS": 0.33,
        "ebit": 102.6,
        "grossIncome": 582.8,
        "interestExpense": 36.2,
        "interestIncomeExpense": -36.2,
        "netIncome": 112.8,
        "netIncomeAfterTaxes": 59.8,
        "nonRecurringItems": 0,
        "period": "2020-06-26",
        "pretaxIncome": 72,
        "provisionforIncomeTaxes": 12.2,
        "researchDevelopment": 77.4,
        "revenue": 1041.6,
        "sgaExpense": 402.8,
        "totalOperatingExpense": 480.2,
        "totalOtherIncomeExpenseNet": 5.6
      },
      {
        "costOfGoodsSold": 837.7,
        "dilutedAverageSharesOutstanding": 340,
        "dilutedEPS": 0.07,
        "ebit": 204.9,
        "grossIncome": 875.8,
        "interestExpense": 43.6,
        "interestIncomeExpense": -43.6,
        "netIncome": 24.6,
        "netIncomeAfterTaxes": 42.3,
        "nonRecurringItems": -85.3,
        "period": "2020-03-27",
        "pretaxIncome": 71.4,
        "provisionforIncomeTaxes": 29.1,
        "researchDevelopment": 113.7,
        "revenue": 1713.5,
        "sgaExpense": 557.2,
        "totalOperatingExpense": 670.9,
        "totalOtherIncomeExpenseNet": -4.6
      },
      {
        "costOfGoodsSold": -592.5,
        "dilutedAverageSharesOutstanding": 348.4,
        "dilutedEPS": 0.5,
        "ebit": -265.4,
        "grossIncome": -161.2,
        "interestExpense": 25.9,
        "interestIncomeExpense": -25.9,
        "netIncome": 175.6,
        "netIncomeAfterTaxes": -278.5,
        "period": "2019-12-31",
        "pretaxIncome": -295.1,
        "provisionforIncomeTaxes": -16.6,
        "researchDevelopment": -25.2,
        "revenue": -753.7,
        "sgaExpense": 129,
        "totalOperatingExpense": 104.2,
        "totalOtherIncomeExpenseNet": -3.8
      },
      {
        "costOfGoodsSold": 932.3,
        "dilutedAverageSharesOutstanding": 339.9,
        "dilutedEPS": 0.56,
        "ebit": 242.1,
        "grossIncome": 927.7,
        "interestExpense": 47,
        "interestIncomeExpense": -47,
        "netIncome": 189.8,
        "netIncomeAfterTaxes": 207.3,
        "nonRecurringItems": 41.2,
        "period": "2019-09-27",
        "pretaxIncome": 235.1,
        "provisionforIncomeTaxes": 27.8,
        "researchDevelopment": 119.1,
        "revenue": 1860,
        "sgaExpense": 566.5,
        "totalOperatingExpense": 685.6,
        "totalOtherIncomeExpenseNet": -1.2
      },
      {
        "costOfGoodsSold": 960.7,
        "dilutedAverageSharesOutstanding": 339.7,
        "dilutedEPS": 0.47,
        "ebit": 249.5,
        "grossIncome": 904,
        "interestExpense": 44.4,
        "interestIncomeExpense": -44.4,
        "netIncome": 157.4,
        "netIncomeAfterTaxes": 175.3,
        "period": "2019-06-28",
        "pretaxIncome": 204.3,
        "provisionforIncomeTaxes": 29,
        "researchDevelopment": 117.4,
        "revenue": 1864.7,
        "sgaExpense": 537.1,
        "totalOperatingExpense": 654.5,
        "totalOtherIncomeExpenseNet": -0.8
      },
      {
        "costOfGoodsSold": 780.2,
        "dilutedAverageSharesOutstanding": 339.5,
        "dilutedEPS": 0.43,
        "ebit": 217.3,
        "grossIncome": 812.7,
        "interestExpense": 25.3,
        "interestIncomeExpense": -25.3,
        "netIncome": 147.1,
        "netIncomeAfterTaxes": 164,
        "period": "2019-03-29",
        "pretaxIncome": 192.4,
        "provisionforIncomeTaxes": 28.4,
        "researchDevelopment": 109,
        "revenue": 1592.9,
        "sgaExpense": 486.4,
        "totalOperatingExpense": 595.4,
        "totalOtherIncomeExpenseNet": 0.4
      },
      {
        "costOfGoodsSold": -658,
        "dilutedAverageSharesOutstanding": 345.8,
        "dilutedEPS": 6.05,
        "ebit": -238.6,
        "grossIncome": -236.8,
        "interestExpense": 6.9,
        "interestIncomeExpense": -6.9,
        "netIncome": 2095,
        "netIncomeAfterTaxes": -207,
        "period": "2018-12-31",
        "pretaxIncome": -245.2,
        "provisionforIncomeTaxes": -38.2,
        "researchDevelopment": -27.4,
        "revenue": -894.8,
        "sgaExpense": 29.2,
        "totalOperatingExpense": 1.8,
        "totalOtherIncomeExpenseNet": 0.3
      },
      {
        "costOfGoodsSold": 775.3,
        "dilutedAverageSharesOutstanding": 355.3,
        "dilutedEPS": 0.64,
        "ebit": 281.6,
        "grossIncome": 825.9,
        "interestExpense": 23.1,
        "interestIncomeExpense": -23.1,
        "netIncome": 227.9,
        "netIncomeAfterTaxes": 214,
        "nonRecurringItems": 0,
        "period": "2018-09-28",
        "pretaxIncome": 257.7,
        "provisionforIncomeTaxes": 43.7,
        "researchDevelopment": 103.7,
        "revenue": 1601.2,
        "sgaExpense": 440.6,
        "totalOperatingExpense": 544.3,
        "totalOtherIncomeExpenseNet": -0.8
      },
      {
        "costOfGoodsSold": 771,
        "dilutedAverageSharesOutstanding": 355,
        "dilutedEPS": 0.83,
        "ebit": 324.4,
        "grossIncome": 830.8,
        "interestExpense": 23.9,
        "interestIncomeExpense": -23.9,
        "netIncome": 294.8,
        "netIncomeAfterTaxes": 250.2,
        "period": "2018-06-29",
        "pretaxIncome": 299.4,
        "provisionforIncomeTaxes": 49.2,
        "researchDevelopment": 101.9,
        "revenue": 1601.8,
        "sgaExpense": 404.5,
        "totalOperatingExpense": 506.4,
        "totalOtherIncomeExpenseNet": -1.1
      },
      {
        "costOfGoodsSold": 725.9,
        "dilutedAverageSharesOutstanding": 354.4,
        "dilutedEPS": 0.73,
        "ebit": 277.9,
        "grossIncome": 766.3,
        "interestExpense": 23.3,
        "interestIncomeExpense": -23.3,
        "netIncome": 261.2,
        "netIncomeAfterTaxes": 214,
        "period": "2018-03-30",
        "pretaxIncome": 253.9,
        "provisionforIncomeTaxes": 39.9,
        "researchDevelopment": 99.9,
        "revenue": 1492.2,
        "sgaExpense": 388.5,
        "totalOperatingExpense": 488.4,
        "totalOtherIncomeExpenseNet": -0.7
      },
      {
        "costOfGoodsSold": 373.9,
        "dilutedAverageSharesOutstanding": 353.8,
        "dilutedEPS": 0.95,
        "ebit": 143.9,
        "grossIncome": 532.9,
        "interestExpense": 20.5,
        "interestIncomeExpense": -20.5,
        "netIncome": 336.9,
        "netIncomeAfterTaxes": 106.7,
        "nonRecurringItems": 0,
        "period": "2017-12-31",
        "pretaxIncome": 127.4,
        "provisionforIncomeTaxes": 20.7,
        "researchDevelopment": 72,
        "revenue": 906.8,
        "sgaExpense": 317,
        "totalOperatingExpense": 389,
        "totalOtherIncomeExpenseNet": 4
      },
      {
        "costOfGoodsSold": 845.9,
        "dilutedAverageSharesOutstanding": 352.9,
        "dilutedEPS": 0.76,
        "ebit": 355.9,
        "grossIncome": 839.4,
        "interestExpense": 22.9,
        "interestIncomeExpense": -22.9,
        "netIncome": 267.8,
        "netIncomeAfterTaxes": 267.8,
        "nonRecurringItems": 15.3,
        "period": "2017-09-29",
        "pretaxIncome": 348.3,
        "provisionforIncomeTaxes": 80.5,
        "researchDevelopment": 102,
        "revenue": 1685.3,
        "sgaExpense": 381.5,
        "totalOperatingExpense": 483.5
      },
      {
        "costOfGoodsSold": 823.7,
        "dilutedAverageSharesOutstanding": 352.2,
        "dilutedEPS": 0.68,
        "ebit": 348.3,
        "grossIncome": 805.1,
        "interestExpense": 22.7,
        "interestIncomeExpense": -22.7,
        "netIncome": 240.1,
        "netIncomeAfterTaxes": 240.1,
        "period": "2017-06-30",
        "pretaxIncome": 325.6,
        "provisionforIncomeTaxes": 85.5,
        "researchDevelopment": 99.1,
        "revenue": 1628.8,
        "sgaExpense": 357.7,
        "totalOperatingExpense": 456.8
      },
      {
        "costOfGoodsSold": 791.2,
        "dilutedAverageSharesOutstanding": 351.5,
        "dilutedEPS": 0.57,
        "ebit": 294.9,
        "grossIncome": 744,
        "interestExpense": 22.6,
        "interestIncomeExpense": -22.6,
        "netIncome": 199.7,
        "netIncomeAfterTaxes": 199.7,
        "period": "2017-03-31",
        "pretaxIncome": 272.3,
        "provisionforIncomeTaxes": 72.6,
        "researchDevelopment": 96.2,
        "revenue": 1535.2,
        "sgaExpense": 352.9,
        "totalOperatingExpense": 449.1
      },
      {
        "costOfGoodsSold": 331.7,
        "dilutedAverageSharesOutstanding": 349.4,
        "dilutedEPS": 0.64,
        "ebit": 153.4,
        "grossIncome": 449.3,
        "interestExpense": 20.3,
        "interestIncomeExpense": -20.3,
        "netIncome": 224.5,
        "netIncomeAfterTaxes": 92.4,
        "nonRecurringItems": 0,
        "period": "2016-12-31",
        "pretaxIncome": 128.3,
        "provisionforIncomeTaxes": 35.9,
        "researchDevelopment": 65.4,
        "revenue": 781,
        "sgaExpense": 230.5,
        "totalOperatingExpense": 295.9,
        "totalOtherIncomeExpenseNet": -4.8
      },
      {
        "costOfGoodsSold": 794.5,
        "dilutedAverageSharesOutstanding": 349.2,
        "dilutedEPS": 0.65,
        "ebit": 323.2,
        "grossIncome": 772.9,
        "interestExpense": 23.4,
        "interestIncomeExpense": -23.4,
        "netIncome": 226.9,
        "netIncomeAfterTaxes": 226.9,
        "period": "2016-09-30",
        "pretaxIncome": 299.8,
        "provisionforIncomeTaxes": 72.9,
        "researchDevelopment": 95.2,
        "revenue": 1567.4,
        "sgaExpense": 354.5,
        "totalOperatingExpense": 449.7
      },
      {
        "costOfGoodsSold": 787,
        "dilutedAverageSharesOutstanding": 345.2,
        "dilutedEPS": 0.69,
        "ebit": 322.1,
        "grossIncome": 768.1,
        "interestExpense": 2.7,
        "interestIncomeExpense": -2.7,
        "netIncome": 238.9,
        "netIncomeAfterTaxes": 238.9,
        "period": "2016-07-01",
        "pretaxIncome": 319.4,
        "provisionforIncomeTaxes": 80.5,
        "researchDevelopment": 96.7,
        "revenue": 1555.1,
        "sgaExpense": 349.3,
        "totalOperatingExpense": 446
      },
      {
        "costOfGoodsSold": 779.5,
        "dilutedAverageSharesOutstanding": 344,
        "dilutedEPS": 0.53,
        "ebit": 263,
        "grossIncome": 695.2,
        "netIncome": 182,
        "netIncomeAfterTaxes": 182,
        "period": "2016-04-01",
        "pretaxIncome": 263,
        "provisionforIncomeTaxes": 81,
        "researchDevelopment": 93.7,
        "revenue": 1474.7,
        "sgaExpense": 338.5,
        "totalOperatingExpense": 432.2
      },
      {
        "costOfGoodsSold": 818.5,
        "dilutedAverageSharesOutstanding": 345.2,
        "dilutedEPS": 0.68,
        "ebit": 338.1,
        "grossIncome": 757.3,
        "interestIncomeExpense": 0,
        "netIncome": 236.1,
        "netIncomeAfterTaxes": 236.1,
        "nonRecurringItems": 0,
        "period": "2015-12-31",
        "pretaxIncome": 338.1,
        "provisionforIncomeTaxes": 102,
        "researchDevelopment": 91,
        "revenue": 1575.8,
        "sgaExpense": 328.2,
        "totalOperatingExpense": 419.2
      },
      {
        "costOfGoodsSold": 777.4,
        "dilutedAverageSharesOutstanding": 345.2,
        "dilutedEPS": 0.57,
        "ebit": 301.8,
        "grossIncome": 747.2,
        "interestIncomeExpense": 0,
        "netIncome": 196.6,
        "netIncomeAfterTaxes": 196.6,
        "period": "2015-10-02",
        "pretaxIncome": 301.8,
        "provisionforIncomeTaxes": 105.2,
        "researchDevelopment": 95.7,
        "revenue": 1524.6,
        "sgaExpense": 349.7,
        "totalOperatingExpense": 445.4
      }
    ],
    "symbol": "FTV"
  }
}