{
  "symbol": "CVS",
  "statement": "ic",
  "frequency": "quarterly",
  "timestamp": "2025-09-19T13:58:48.100336",
  "data": {
    "financials": [
      {
        "costOfGoodsSold": 85322,
        "dilutedAverageSharesOutstanding": 1270,
        "dilutedEPS": 0.8039,
        "ebit": 2381,
        "grossIncome": 13593,
        "interestExpense": 763,
        "interestIncomeExpense": -763,
        "minorityInterest": 8,
        "netIncome": 1021,
        "netIncomeAfterTaxes": 1013,
        "otherOperatingExpensesTotal": 11212,
        "period": "2025-06-30",
        "pretaxIncome": 1647,
        "provisionforIncomeTaxes": 634,
        "revenue": 98915,
        "totalOperatingExpense": 11212,
        "totalOtherIncomeExpenseNet": 29
      },
      {
        "costOfGoodsSold": 80192,
        "dilutedAverageSharesOutstanding": 1264,
        "dilutedEPS": 1.4074,
        "ebit": 3374,
        "grossIncome": 14396,
        "interestExpense": 785,
        "interestIncomeExpense": -785,
        "minorityInterest": -3,
        "netIncome": 1779,
        "netIncomeAfterTaxes": 1782,
        "otherOperatingExpensesTotal": 11022,
        "period": "2025-03-31",
        "pretaxIncome": 2617,
        "provisionforIncomeTaxes": 835,
        "revenue": 94588,
        "totalOperatingExpense": 11022,
        "totalOtherIncomeExpenseNet": 28
      },
      {
        "costOfGoodsSold": 84811,
        "dilutedAverageSharesOutstanding": 1262,
        "dilutedEPS": 1.3027,
        "ebit": 2478,
        "grossIncome": 12899,
        "interestExpense": 758,
        "interestIncomeExpense": -758,
        "minorityInterest": 21,
        "netIncome": 1644,
        "netIncomeAfterTaxes": 1623,
        "nonRecurringItems": 381,
        "otherOperatingExpensesTotal": 10421,
        "period": "2024-12-31",
        "pretaxIncome": 2126,
        "provisionforIncomeTaxes": 503,
        "revenue": 97710,
        "totalOperatingExpense": 10421,
        "totalOtherIncomeExpenseNet": 25
      },
      {
        "costOfGoodsSold": 82870,
        "dilutedAverageSharesOutstanding": 1259,
        "dilutedEPS": 0.07,
        "ebit": 2001,
        "grossIncome": 12558,
        "interestExpense": 752,
        "interestIncomeExpense": -752,
        "minorityInterest": 16,
        "netIncome": 87,
        "netIncomeAfterTaxes": 71,
        "nonRecurringItems": -1169,
        "otherOperatingExpensesTotal": 10557,
        "period": "2024-09-30",
        "pretaxIncome": 105,
        "provisionforIncomeTaxes": 34,
        "revenue": 95428,
        "totalOperatingExpense": 10557,
        "totalOtherIncomeExpenseNet": 25
      },
      {
        "costOfGoodsSold": 77851,
        "dilutedAverageSharesOutstanding": 1259,
        "dilutedEPS": 1.41,
        "ebit": 3045,
        "grossIncome": 13383,
        "interestExpense": 732,
        "interestIncomeExpense": -732,
        "minorityInterest": 2,
        "netIncome": 1770,
        "netIncomeAfterTaxes": 1768,
        "nonRecurringItems": 0,
        "otherOperatingExpensesTotal": 10338,
        "period": "2024-06-30",
        "pretaxIncome": 2337,
        "provisionforIncomeTaxes": 569,
        "revenue": 91234,
        "totalOperatingExpense": 10338,
        "totalOtherIncomeExpenseNet": 24
      },
      {
        "costOfGoodsSold": 75876,
        "dilutedAverageSharesOutstanding": 1267,
        "dilutedEPS": 0.88,
        "ebit": 2271,
        "grossIncome": 12561,
        "interestExpense": 716,
        "interestIncomeExpense": -716,
        "minorityInterest": -11,
        "netIncome": 1113,
        "netIncomeAfterTaxes": 1124,
        "nonRecurringItems": 0,
        "otherOperatingExpensesTotal": 10290,
        "period": "2024-03-31",
        "pretaxIncome": 1580,
        "provisionforIncomeTaxes": 456,
        "revenue": 88437,
        "totalOperatingExpense": 10290,
        "totalOtherIncomeExpenseNet": 25
      },
      {
        "costOfGoodsSold": 79937,
        "dilutedAverageSharesOutstanding": 1293,
        "dilutedEPS": 1.58,
        "ebit": 3860,
        "grossIncome": 13876,
        "interestExpense": 690,
        "interestIncomeExpense": -690,
        "minorityInterest": -1,
        "netIncome": 2046,
        "netIncomeAfterTaxes": 2047,
        "nonRecurringItems": -487,
        "otherOperatingExpensesTotal": 10016,
        "period": "2023-12-31",
        "pretaxIncome": 2705,
        "provisionforIncomeTaxes": 658,
        "revenue": 93813,
        "totalOperatingExpense": 10016,
        "totalOtherIncomeExpenseNet": 22
      },
      {
        "costOfGoodsSold": 76187,
        "dilutedAverageSharesOutstanding": 1290,
        "dilutedEPS": 1.75,
        "ebit": 3701,
        "grossIncome": 13577,
        "interestExpense": 693,
        "interestIncomeExpense": -693,
        "minorityInterest": -4,
        "netIncome": 2261,
        "netIncomeAfterTaxes": 2265,
        "nonRecurringItems": -11,
        "otherOperatingExpensesTotal": 9876,
        "period": "2023-09-30",
        "pretaxIncome": 3019,
        "provisionforIncomeTaxes": 754,
        "revenue": 89764,
        "totalOperatingExpense": 9876,
        "totalOtherIncomeExpenseNet": 22
      },
      {
        "costOfGoodsSold": 75318,
        "dilutedAverageSharesOutstanding": 1287,
        "dilutedEPS": 1.48,
        "ebit": 3730,
        "grossIncome": 13603,
        "interestExpense": 686,
        "interestIncomeExpense": -686,
        "minorityInterest": -13,
        "netIncome": 1901,
        "netIncomeAfterTaxes": 1914,
        "nonRecurringItems": -496,
        "otherOperatingExpensesTotal": 9873,
        "period": "2023-06-30",
        "pretaxIncome": 2570,
        "provisionforIncomeTaxes": 656,
        "revenue": 88921,
        "totalOperatingExpense": 9873,
        "totalOtherIncomeExpenseNet": 22
      },
      {
        "costOfGoodsSold": 71903,
        "dilutedAverageSharesOutstanding": 1291,
        "dilutedEPS": 1.65,
        "ebit": 3795,
        "grossIncome": 13375,
        "interestExpense": 589,
        "interestIncomeExpense": -589,
        "minorityInterest": -6,
        "netIncome": 2136,
        "netIncomeAfterTaxes": 2142,
        "nonRecurringItems": -349,
        "otherOperatingExpensesTotal": 9580,
        "period": "2023-03-31",
        "pretaxIncome": 2879,
        "provisionforIncomeTaxes": 737,
        "revenue": 85278,
        "totalOperatingExpense": 9580,
        "totalOtherIncomeExpenseNet": 22
      },
      {
        "costOfGoodsSold": 69987,
        "dilutedAverageSharesOutstanding": 1320,
        "dilutedEPS": 1.77,
        "ebit": 3770,
        "grossIncome": 13859,
        "interestExpense": 552,
        "interestIncomeExpense": -552,
        "minorityInterest": 2,
        "netIncome": 2334,
        "netIncomeAfterTaxes": 2332,
        "nonRecurringItems": -111,
        "otherOperatingExpensesTotal": 10089,
        "period": "2022-12-31",
        "pretaxIncome": 3150,
        "provisionforIncomeTaxes": 818,
        "revenue": 83846,
        "totalOperatingExpense": 10089,
        "totalOtherIncomeExpenseNet": 43
      },
      {
        "costOfGoodsSold": 67766,
        "dilutedAverageSharesOutstanding": 1315,
        "dilutedEPS": -2.59,
        "ebit": 3781,
        "grossIncome": 13393,
        "interestExpense": 566,
        "interestIncomeExpense": -566,
        "minorityInterest": -7,
        "netIncome": -3406,
        "netIncomeAfterTaxes": -3399,
        "nonRecurringItems": -7700,
        "otherOperatingExpensesTotal": 9612,
        "period": "2022-09-30",
        "pretaxIncome": -4444,
        "provisionforIncomeTaxes": -1045,
        "revenue": 81159,
        "totalOperatingExpense": 9612,
        "totalOtherIncomeExpenseNet": 41
      },
      {
        "costOfGoodsSold": 66780,
        "dilutedAverageSharesOutstanding": 1321,
        "dilutedEPS": 2.29,
        "ebit": 4669,
        "grossIncome": 13856,
        "interestExpense": 583,
        "interestIncomeExpense": -583,
        "minorityInterest": -10,
        "netIncome": 3029,
        "netIncomeAfterTaxes": 3039,
        "nonRecurringItems": 0,
        "otherOperatingExpensesTotal": 9187,
        "period": "2022-06-30",
        "pretaxIncome": 4129,
        "provisionforIncomeTaxes": 1090,
        "revenue": 80636,
        "totalOperatingExpense": 9187,
        "totalOtherIncomeExpenseNet": 43
      },
      {
        "costOfGoodsSold": 63432,
        "dilutedAverageSharesOutstanding": 1328,
        "dilutedEPS": 1.77,
        "ebit": 4070,
        "grossIncome": 13394,
        "interestExpense": 586,
        "interestIncomeExpense": -586,
        "minorityInterest": -1,
        "netIncome": 2354,
        "netIncomeAfterTaxes": 2355,
        "nonRecurringItems": -525,
        "otherOperatingExpensesTotal": 9324,
        "period": "2022-03-31",
        "pretaxIncome": 3001,
        "provisionforIncomeTaxes": 646,
        "revenue": 76826,
        "totalOperatingExpense": 9324,
        "totalOtherIncomeExpenseNet": 42
      },
      {
        "costOfGoodsSold": 62880,
        "dilutedAverageSharesOutstanding": 1338,
        "dilutedEPS": 1.04,
        "ebit": 3735,
        "grossIncome": 13724,
        "interestExpense": 608,
        "interestIncomeExpense": -608,
        "minorityInterest": 10,
        "netIncome": 1397,
        "netIncomeAfterTaxes": 1387,
        "nonRecurringItems": -1478,
        "otherOperatingExpensesTotal": 9989,
        "period": "2021-12-31",
        "pretaxIncome": 1687,
        "provisionforIncomeTaxes": 300,
        "revenue": 76604,
        "totalOperatingExpense": 9989,
        "totalOtherIncomeExpenseNet": 38
      },
      {
        "costOfGoodsSold": 61092,
        "dilutedAverageSharesOutstanding": 1329,
        "dilutedEPS": 1.2,
        "ebit": 3512,
        "grossIncome": 12702,
        "interestExpense": 602,
        "interestIncomeExpense": -602,
        "minorityInterest": 11,
        "netIncome": 1598,
        "netIncomeAfterTaxes": 1587,
        "nonRecurringItems": -814,
        "otherOperatingExpensesTotal": 9190,
        "period": "2021-09-30",
        "pretaxIncome": 2145,
        "provisionforIncomeTaxes": 558,
        "revenue": 73794,
        "totalOperatingExpense": 9190,
        "totalOtherIncomeExpenseNet": 49
      },
      {
        "costOfGoodsSold": 59421,
        "dilutedAverageSharesOutstanding": 1327,
        "dilutedEPS": 2.1,
        "ebit": 4366,
        "grossIncome": 13195,
        "interestExpense": 636,
        "interestIncomeExpense": -636,
        "minorityInterest": -8,
        "netIncome": 2783,
        "netIncomeAfterTaxes": 2791,
        "nonRecurringItems": -40,
        "otherOperatingExpensesTotal": 8829,
        "period": "2021-06-30",
        "pretaxIncome": 3735,
        "provisionforIncomeTaxes": 944,
        "revenue": 72616,
        "totalOperatingExpense": 8829,
        "totalOtherIncomeExpenseNet": 45
      },
      {
        "costOfGoodsSold": 56598,
        "dilutedAverageSharesOutstanding": 1322,
        "dilutedEPS": 1.68,
        "ebit": 3618,
        "grossIncome": 12499,
        "interestExpense": 657,
        "interestIncomeExpense": -657,
        "minorityInterest": -1,
        "netIncome": 2223,
        "netIncomeAfterTaxes": 2224,
        "nonRecurringItems": -41,
        "otherOperatingExpensesTotal": 8881,
        "period": "2021-03-31",
        "pretaxIncome": 2970,
        "provisionforIncomeTaxes": 746,
        "revenue": 69097,
        "totalOperatingExpense": 8881,
        "totalOtherIncomeExpenseNet": 50
      },
      {
        "costOfGoodsSold": 57597,
        "dilutedAverageSharesOutstanding": 1314,
        "dilutedEPS": 0.75,
        "ebit": 2662,
        "grossIncome": 11957,
        "interestExpense": 678,
        "interestIncomeExpense": -678,
        "minorityInterest": -2,
        "netIncome": 973,
        "netIncomeAfterTaxes": 984,
        "nonRecurringItems": -812,
        "otherOperatingExpensesTotal": 9295,
        "period": "2020-12-31",
        "pretaxIncome": 1225,
        "provisionforIncomeTaxes": 241,
        "revenue": 69554,
        "totalOperatingExpense": 9295,
        "totalOtherIncomeExpenseNet": 53
      },
      {
        "costOfGoodsSold": 55336,
        "dilutedAverageSharesOutstanding": 1315,
        "dilutedEPS": 0.93,
        "ebit": 3035,
        "grossIncome": 11720,
        "interestExpense": 731,
        "interestIncomeExpense": -731,
        "minorityInterest": 5,
        "netIncome": 1224,
        "netIncomeAfterTaxes": 1219,
        "nonRecurringItems": -552,
        "otherOperatingExpensesTotal": 8685,
        "period": "2020-09-30",
        "pretaxIncome": 1806,
        "provisionforIncomeTaxes": 587,
        "revenue": 67056,
        "totalOperatingExpense": 8685,
        "totalOtherIncomeExpenseNet": 54
      },
      {
        "costOfGoodsSold": 51993,
        "dilutedAverageSharesOutstanding": 1314,
        "dilutedEPS": 2.26,
        "ebit": 4750,
        "grossIncome": 13348,
        "interestExpense": 765,
        "interestIncomeExpense": -765,
        "minorityInterest": -11,
        "netIncome": 2975,
        "netIncomeAfterTaxes": 2986,
        "nonRecurringItems": -70,
        "otherOperatingExpensesTotal": 8598,
        "period": "2020-06-30",
        "pretaxIncome": 3960,
        "provisionforIncomeTaxes": 974,
        "revenue": 65341,
        "totalOperatingExpense": 8598,
        "totalOtherIncomeExpenseNet": 45
      },
      {
        "costOfGoodsSold": 54734,
        "dilutedAverageSharesOutstanding": 1312,
        "dilutedEPS": 1.53,
        "ebit": 3527,
        "grossIncome": 12021,
        "interestExpense": 733,
        "interestIncomeExpense": -733,
        "minorityInterest": -5,
        "netIncome": 2007,
        "netIncomeAfterTaxes": 2012,
        "nonRecurringItems": -69,
        "otherOperatingExpensesTotal": 8494,
        "period": "2020-03-31",
        "pretaxIncome": 2779,
        "provisionforIncomeTaxes": 767,
        "revenue": 66755,
        "totalOperatingExpense": 8494,
        "totalOtherIncomeExpenseNet": 54
      },
      {
        "costOfGoodsSold": 55198,
        "dilutedAverageSharesOutstanding": 1311,
        "dilutedEPS": 1.33,
        "ebit": 3297,
        "grossIncome": 11691,
        "interestExpense": 734,
        "interestIncomeExpense": -734,
        "minorityInterest": 3,
        "netIncome": 1750,
        "netIncomeAfterTaxes": 1744,
        "nonRecurringItems": -260,
        "otherOperatingExpensesTotal": 8394,
        "period": "2019-12-31",
        "pretaxIncome": 2334,
        "provisionforIncomeTaxes": 590,
        "revenue": 66889,
        "totalOperatingExpense": 8394,
        "totalOtherIncomeExpenseNet": 31
      },
      {
        "costOfGoodsSold": 53287,
        "dilutedAverageSharesOutstanding": 1305,
        "dilutedEPS": 1.17,
        "ebit": 2973,
        "grossIncome": 11523,
        "interestExpense": 747,
        "interestIncomeExpense": -747,
        "netIncome": 1530,
        "netIncomeAfterTaxes": 1529,
        "nonRecurringItems": -124,
        "period": "2019-09-30",
        "pretaxIncome": 2133,
        "provisionforIncomeTaxes": 604,
        "revenue": 64810,
        "sgaExpense": 8550,
        "totalOperatingExpense": 8550,
        "totalOtherIncomeExpenseNet": 31
      },
      {
        "costOfGoodsSold": 52057,
        "dilutedAverageSharesOutstanding": 1302,
        "dilutedEPS": 1.49,
        "ebit": 3399,
        "grossIncome": 11374,
        "interestExpense": 772,
        "interestIncomeExpense": -772,
        "minorityInterest": 5,
        "netIncome": 1935,
        "netIncomeAfterTaxes": 1931,
        "nonRecurringItems": -67,
        "period": "2019-06-30",
        "pretaxIncome": 2591,
        "provisionforIncomeTaxes": 660,
        "revenue": 63431,
        "sgaExpense": 7975,
        "totalOperatingExpense": 7975,
        "totalOtherIncomeExpenseNet": 31
      },
      {
        "costOfGoodsSold": 50706,
        "dilutedAverageSharesOutstanding": 1302,
        "dilutedEPS": 1.09,
        "ebit": 2798,
        "grossIncome": 10940,
        "interestExpense": 782,
        "interestIncomeExpense": -782,
        "minorityInterest": -6,
        "netIncome": 1419,
        "netIncomeAfterTaxes": 1427,
        "nonRecurringItems": -108,
        "period": "2019-03-31",
        "pretaxIncome": 1939,
        "provisionforIncomeTaxes": 512,
        "revenue": 61646,
        "sgaExpense": 8142,
        "totalOperatingExpense": 8142,
        "totalOtherIncomeExpenseNet": 31
      },
      {
        "costOfGoodsSold": 44759,
        "dilutedAverageSharesOutstanding": 1122,
        "dilutedEPS": -0.37,
        "ebit": 3537,
        "grossIncome": 10150,
        "interestExpense": 733,
        "interestIncomeExpense": -1218,
        "minorityInterest": 2,
        "netIncome": -420,
        "netIncomeAfterTaxes": -522,
        "nonRecurringItems": -2228,
        "period": "2018-12-31",
        "pretaxIncome": 102,
        "provisionforIncomeTaxes": 624,
        "revenue": 54909,
        "sgaExpense": 6613,
        "totalOperatingExpense": 6613,
        "totalOtherIncomeExpenseNet": 11
      },
      {
        "costOfGoodsSold": 39941,
        "dilutedAverageSharesOutstanding": 1022,
        "dilutedEPS": 1.36,
        "ebit": 2574,
        "grossIncome": 7549,
        "interestExpense": 674,
        "interestIncomeExpense": -674,
        "netIncome": 1389,
        "netIncomeAfterTaxes": 1390,
        "nonRecurringItems": 0,
        "period": "2018-09-30",
        "pretaxIncome": 1899,
        "provisionforIncomeTaxes": 509,
        "revenue": 47490,
        "sgaExpense": 4975,
        "totalOperatingExpense": 4975,
        "totalOtherIncomeExpenseNet": -1
      },
      {
        "costOfGoodsSold": 39507,
        "dilutedAverageSharesOutstanding": 1018,
        "dilutedEPS": -2.52,
        "ebit": 2548,
        "grossIncome": 7415,
        "interestExpense": 689,
        "interestIncomeExpense": -689,
        "minorityInterest": 0,
        "netIncome": -2563,
        "netIncomeAfterTaxes": -2562,
        "nonRecurringItems": -3921,
        "period": "2018-06-30",
        "pretaxIncome": -2065,
        "provisionforIncomeTaxes": 497,
        "revenue": 46922,
        "sgaExpense": 4867,
        "totalOperatingExpense": 4867,
        "totalOtherIncomeExpenseNet": -3
      },
      {
        "costOfGoodsSold": 38834,
        "dilutedAverageSharesOutstanding": 1019,
        "dilutedEPS": 0.98,
        "ebit": 1996,
        "grossIncome": 6909,
        "interestExpense": 523,
        "interestIncomeExpense": -523,
        "minorityInterest": 0,
        "netIncome": 996,
        "netIncomeAfterTaxes": 998,
        "period": "2018-03-31",
        "pretaxIncome": 1470,
        "provisionforIncomeTaxes": 472,
        "revenue": 45743,
        "sgaExpense": 4913,
        "totalOperatingExpense": 4913,
        "totalOtherIncomeExpenseNet": -3
      },
      {
        "costOfGoodsSold": 40492,
        "dilutedAverageSharesOutstanding": 1018,
        "dilutedEPS": 3.21,
        "ebit": 3175,
        "grossIncome": 7914,
        "interestExpense": 303,
        "interestIncomeExpense": -318,
        "minorityInterest": -2,
        "netIncome": 3275,
        "netIncomeAfterTaxes": 1787,
        "nonRecurringItems": -46,
        "period": "2017-12-31",
        "pretaxIncome": 2809,
        "provisionforIncomeTaxes": 1022,
        "revenue": 48406,
        "sgaExpense": 4739,
        "totalOperatingExpense": 4739,
        "totalOtherIncomeExpenseNet": -2
      },
      {
        "costOfGoodsSold": 39064,
        "dilutedAverageSharesOutstanding": 1020,
        "dilutedEPS": 1.26,
        "ebit": 2499,
        "grossIncome": 7117,
        "interestExpense": 250,
        "interestIncomeExpense": -245,
        "minorityInterest": 0,
        "netIncome": 1282,
        "netIncomeAfterTaxes": 1285,
        "nonRecurringItems": 0,
        "period": "2017-09-30",
        "pretaxIncome": 2062,
        "provisionforIncomeTaxes": 777,
        "revenue": 46181,
        "sgaExpense": 4618,
        "totalOperatingExpense": 4618,
        "totalOtherIncomeExpenseNet": -192
      },
      {
        "costOfGoodsSold": 38759,
        "dilutedAverageSharesOutstanding": 1024,
        "dilutedEPS": 1.07,
        "ebit": 2252,
        "grossIncome": 6926,
        "interestExpense": 251,
        "interestIncomeExpense": -247,
        "minorityInterest": 0,
        "netIncome": 1094,
        "netIncomeAfterTaxes": 1097,
        "nonRecurringItems": -135,
        "period": "2017-06-30",
        "pretaxIncome": 1863,
        "provisionforIncomeTaxes": 766,
        "revenue": 45685,
        "sgaExpense": 4674,
        "totalOperatingExpense": 4674,
        "totalOtherIncomeExpenseNet": -7
      },
      {
        "costOfGoodsSold": 37943,
        "dilutedAverageSharesOutstanding": 1035,
        "dilutedEPS": 0.93,
        "ebit": 1793,
        "grossIncome": 6571,
        "interestExpense": 258,
        "interestIncomeExpense": -252,
        "minorityInterest": -1,
        "netIncome": 957,
        "netIncomeAfterTaxes": 962,
        "period": "2017-03-31",
        "pretaxIncome": 1534,
        "provisionforIncomeTaxes": 572,
        "revenue": 44514,
        "sgaExpense": 4778,
        "totalOperatingExpense": 4778,
        "totalOtherIncomeExpenseNet": -7
      },
      {
        "costOfGoodsSold": 38408,
        "dilutedAverageSharesOutstanding": 1070,
        "dilutedEPS": 1.59,
        "ebit": 3020,
        "grossIncome": 7583,
        "interestExpense": 248,
        "interestIncomeExpense": -262,
        "minorityInterest": 0,
        "netIncome": 1698,
        "netIncomeAfterTaxes": 1707,
        "nonRecurringItems": 0,
        "period": "2016-12-31",
        "pretaxIncome": 2753,
        "provisionforIncomeTaxes": 1046,
        "revenue": 45991,
        "sgaExpense": 4563,
        "totalOperatingExpense": 4563,
        "totalOtherIncomeExpenseNet": -5
      },
      {
        "costOfGoodsSold": 37123,
        "dilutedAverageSharesOutstanding": 1073,
        "dilutedEPS": 1.43,
        "ebit": 2824,
        "grossIncome": 7492,
        "interestExpense": 258,
        "interestIncomeExpense": -253,
        "minorityInterest": -1,
        "netIncome": 1534,
        "netIncomeAfterTaxes": 1542,
        "nonRecurringItems": -101,
        "period": "2016-09-30",
        "pretaxIncome": 2463,
        "provisionforIncomeTaxes": 921,
        "revenue": 44615,
        "sgaExpense": 4668,
        "totalOperatingExpense": 4668,
        "totalOtherIncomeExpenseNet": -7
      },
      {
        "costOfGoodsSold": 36710,
        "dilutedAverageSharesOutstanding": 1067.841,
        "dilutedEPS": 0.87,
        "ebit": 1799,
        "grossIncome": 7015,
        "interestExpense": 284,
        "interestIncomeExpense": -280,
        "minorityInterest": 0,
        "netIncome": 919,
        "netIncomeAfterTaxes": 924,
        "otherOperatingExpensesTotal": 542,
        "period": "2016-06-30",
        "pretaxIncome": 1528,
        "provisionforIncomeTaxes": 604,
        "revenue": 43725,
        "sgaExpense": 4674,
        "totalOperatingExpense": 5216,
        "totalOtherIncomeExpenseNet": 9
      },
      {
        "costOfGoodsSold": 36471,
        "dilutedAverageSharesOutstanding": 1099,
        "dilutedEPS": 1.04,
        "ebit": 2185,
        "grossIncome": 6744,
        "interestExpense": 288,
        "interestIncomeExpense": -283,
        "minorityInterest": -1,
        "netIncome": 1140,
        "netIncomeAfterTaxes": 1147,
        "period": "2016-03-31",
        "pretaxIncome": 1893,
        "provisionforIncomeTaxes": 746,
        "revenue": 43215,
        "sgaExpense": 4559,
        "totalOperatingExpense": 4559,
        "totalOtherIncomeExpenseNet": -9
      },
      {
        "costOfGoodsSold": 33845,
        "dilutedAverageSharesOutstanding": 1114,
        "dilutedEPS": 1.35,
        "ebit": 2729,
        "grossIncome": 7301,
        "interestExpense": 282,
        "interestIncomeExpense": -276,
        "minorityInterest": -1,
        "netIncome": 1498,
        "netIncomeAfterTaxes": 1500,
        "nonRecurringItems": 0,
        "period": "2015-12-31",
        "pretaxIncome": 2453,
        "provisionforIncomeTaxes": 953,
        "revenue": 41146,
        "sgaExpense": 4572,
        "totalOperatingExpense": 4572
      },
      {
        "costOfGoodsSold": 31983,
        "dilutedAverageSharesOutstanding": 1121,
        "dilutedEPS": 1.1,
        "ebit": 2331,
        "grossIncome": 6661,
        "interestExpense": 268,
        "interestIncomeExpense": -261,
        "minorityInterest": -1,
        "netIncome": 1246,
        "netIncomeAfterTaxes": 1237,
        "nonRecurringItems": 0,
        "period": "2015-09-30",
        "pretaxIncome": 2070,
        "provisionforIncomeTaxes": 833,
        "revenue": 38644,
        "sgaExpense": 4330,
        "totalOperatingExpense": 4330
      }
    ],
    "symbol": "CVS"
  }
}