{
  "symbol": "PSX",
  "statement": "ic",
  "frequency": "quarterly",
  "timestamp": "2025-09-19T14:05:32.509088",
  "data": {
    "financials": [
      {
        "costOfGoodsSold": 29077,
        "depreciationAmortization": 577,
        "dilutedAverageSharesOutstanding": 407.929,
        "dilutedEPS": 2.1474,
        "ebit": 1419,
        "gainLossOnDispositionOfAssets": -93,
        "grossIncome": 4246,
        "interestIncomeExpense": -104,
        "minorityInterest": -31,
        "netIncome": 875,
        "netIncomeAfterTaxes": 908,
        "nonRecurringItems": -243,
        "otherOperatingExpensesTotal": 1450,
        "period": "2025-06-30",
        "pretaxIncome": 1120,
        "provisionforIncomeTaxes": 212,
        "revenue": 33323,
        "sgaExpense": 800,
        "totalOperatingExpense": 2827,
        "totalOtherIncomeExpenseNet": 141
      },
      {
        "costOfGoodsSold": 27660,
        "depreciationAmortization": 545,
        "dilutedAverageSharesOutstanding": 410.505,
        "dilutedEPS": 1.1863,
        "ebit": -161,
        "gainLossOnDispositionOfAssets": 1087,
        "grossIncome": 2770,
        "interestExpense": 221,
        "interestIncomeExpense": -77,
        "minorityInterest": -39,
        "netIncome": 485,
        "netIncomeAfterTaxes": 526,
        "nonRecurringItems": -272,
        "otherOperatingExpensesTotal": 1634,
        "period": "2025-03-31",
        "pretaxIncome": 648,
        "provisionforIncomeTaxes": 122,
        "revenue": 30430,
        "sgaExpense": 752,
        "totalOperatingExpense": 2931,
        "totalOtherIncomeExpenseNet": 71
      },
      {
        "costOfGoodsSold": 30754,
        "depreciationAmortization": 591,
        "dilutedAverageSharesOutstanding": 411.624,
        "dilutedEPS": 0.0194,
        "ebit": 176,
        "gainLossOnDispositionOfAssets": 82,
        "grossIncome": 2931,
        "interestExpense": 220,
        "interestIncomeExpense": -5,
        "minorityInterest": -17,
        "netIncome": 6,
        "netIncomeAfterTaxes": 25,
        "nonRecurringItems": -268,
        "otherOperatingExpensesTotal": 1591,
        "period": "2024-12-31",
        "pretaxIncome": -13,
        "provisionforIncomeTaxes": -38,
        "revenue": 33685,
        "sgaExpense": 573,
        "totalOperatingExpense": 2755,
        "totalOtherIncomeExpenseNet": 2
      },
      {
        "costOfGoodsSold": 32194,
        "depreciationAmortization": 518,
        "dilutedAverageSharesOutstanding": 418.803,
        "dilutedEPS": 0.8262,
        "ebit": 103,
        "gainLossOnDispositionOfAssets": 2,
        "grossIncome": 3334,
        "interestExpense": 229,
        "interestIncomeExpense": 319,
        "minorityInterest": -23,
        "netIncome": 343,
        "netIncomeAfterTaxes": 369,
        "nonRecurringItems": -95,
        "otherOperatingExpensesTotal": 1466,
        "period": "2024-09-30",
        "pretaxIncome": 413,
        "provisionforIncomeTaxes": 44,
        "revenue": 35528,
        "sgaExpense": 1247,
        "totalOperatingExpense": 3231,
        "totalOtherIncomeExpenseNet": 84
      },
      {
        "costOfGoodsSold": 34628,
        "depreciationAmortization": 497,
        "dilutedAverageSharesOutstanding": 425.734,
        "dilutedEPS": 2.3841,
        "ebit": 986,
        "gainLossOnDispositionOfAssets": 237,
        "grossIncome": 3501,
        "interestExpense": 231,
        "interestIncomeExpense": 248,
        "minorityInterest": -5,
        "netIncome": 1012,
        "netIncomeAfterTaxes": 1020,
        "nonRecurringItems": -225,
        "otherOperatingExpensesTotal": 1417,
        "period": "2024-06-30",
        "pretaxIncome": 1311,
        "provisionforIncomeTaxes": 291,
        "revenue": 38129,
        "sgaExpense": 601,
        "totalOperatingExpense": 2515,
        "totalOtherIncomeExpenseNet": 65
      },
      {
        "costOfGoodsSold": 32386,
        "depreciationAmortization": 504,
        "dilutedAverageSharesOutstanding": 431.906,
        "dilutedEPS": 1.7319,
        "ebit": 738,
        "gainLossOnDispositionOfAssets": 0,
        "grossIncome": 3425,
        "interestExpense": 227,
        "interestIncomeExpense": 299,
        "minorityInterest": -13,
        "netIncome": 746,
        "netIncomeAfterTaxes": 761,
        "nonRecurringItems": -165,
        "otherOperatingExpensesTotal": 1461,
        "period": "2024-03-31",
        "pretaxIncome": 964,
        "provisionforIncomeTaxes": 203,
        "revenue": 35811,
        "sgaExpense": 722,
        "totalOperatingExpense": 2687,
        "totalOtherIncomeExpenseNet": 92
      },
      {
        "costOfGoodsSold": 33844,
        "depreciationAmortization": 518,
        "dilutedAverageSharesOutstanding": 441.225,
        "dilutedEPS": 2.8557,
        "ebit": 1576,
        "gainLossOnDispositionOfAssets": -9,
        "grossIncome": 4426,
        "interestExpense": 218,
        "interestIncomeExpense": 54,
        "minorityInterest": -25,
        "netIncome": 1257,
        "netIncomeAfterTaxes": 1285,
        "nonRecurringItems": -59,
        "otherOperatingExpensesTotal": 1569,
        "period": "2023-12-31",
        "pretaxIncome": 1761,
        "provisionforIncomeTaxes": 476,
        "revenue": 38270,
        "sgaExpense": 763,
        "totalOperatingExpense": 2850,
        "totalOtherIncomeExpenseNet": 199
      },
      {
        "costOfGoodsSold": 34330,
        "depreciationAmortization": 488,
        "dilutedAverageSharesOutstanding": 447,
        "dilutedEPS": 4.68,
        "ebit": 2401,
        "gainLossOnDispositionOfAssets": 102,
        "grossIncome": 5313,
        "interestExpense": 221,
        "interestIncomeExpense": 344,
        "minorityInterest": -46,
        "netIncome": 2095,
        "netIncomeAfterTaxes": 2143,
        "nonRecurringItems": -58,
        "otherOperatingExpensesTotal": 1639,
        "period": "2023-09-30",
        "pretaxIncome": 2813,
        "provisionforIncomeTaxes": 670,
        "revenue": 39643,
        "sgaExpense": 785,
        "totalOperatingExpense": 2912,
        "totalOtherIncomeExpenseNet": 24
      },
      {
        "costOfGoodsSold": 30571,
        "depreciationAmortization": 495,
        "dilutedAverageSharesOutstanding": 456,
        "dilutedEPS": 3.71,
        "ebit": 1929,
        "gainLossOnDispositionOfAssets": -12,
        "grossIncome": 4519,
        "interestExpense": 266,
        "interestIncomeExpense": 280,
        "minorityInterest": -37,
        "netIncome": 1694,
        "netIncomeAfterTaxes": 1734,
        "nonRecurringItems": -67,
        "otherOperatingExpensesTotal": 1391,
        "period": "2023-06-30",
        "pretaxIncome": 2244,
        "provisionforIncomeTaxes": 510,
        "revenue": 35090,
        "sgaExpense": 704,
        "totalOperatingExpense": 2590,
        "totalOtherIncomeExpenseNet": 114
      },
      {
        "costOfGoodsSold": 29341,
        "depreciationAmortization": 476,
        "dilutedAverageSharesOutstanding": 467,
        "dilutedEPS": 4.19,
        "ebit": 2230,
        "gainLossOnDispositionOfAssets": 34,
        "grossIncome": 5055,
        "interestExpense": 192,
        "interestIncomeExpense": 382,
        "minorityInterest": -116,
        "netIncome": 1958,
        "netIncomeAfterTaxes": 2077,
        "nonRecurringItems": -55,
        "otherOperatingExpensesTotal": 1584,
        "period": "2023-03-31",
        "pretaxIncome": 2651,
        "provisionforIncomeTaxes": 574,
        "revenue": 34396,
        "sgaExpense": 765,
        "totalOperatingExpense": 2825,
        "totalOtherIncomeExpenseNet": 60
      },
      {
        "costOfGoodsSold": 35146,
        "depreciationAmortization": 502,
        "dilutedAverageSharesOutstanding": 475,
        "dilutedEPS": 3.97,
        "ebit": 2137,
        "gainLossOnDispositionOfAssets": 5,
        "grossIncome": 5133,
        "interestExpense": 193,
        "interestIncomeExpense": -440,
        "minorityInterest": -128,
        "netIncome": 1882,
        "netIncomeAfterTaxes": 2012,
        "nonRecurringItems": -58,
        "otherOperatingExpensesTotal": 1734,
        "period": "2022-12-31",
        "pretaxIncome": 2547,
        "provisionforIncomeTaxes": 535,
        "revenue": 40279,
        "sgaExpense": 760,
        "totalOperatingExpense": 2996,
        "totalOtherIncomeExpenseNet": 903
      },
      {
        "costOfGoodsSold": 38646,
        "depreciationAmortization": 430,
        "dilutedAverageSharesOutstanding": 483,
        "dilutedEPS": 11.15,
        "ebit": 3512,
        "gainLossOnDispositionOfAssets": 1,
        "grossIncome": 6309,
        "interestExpense": 158,
        "interestIncomeExpense": 652,
        "minorityInterest": -149,
        "netIncome": 5388,
        "netIncomeAfterTaxes": 5540,
        "nonRecurringItems": 0,
        "otherOperatingExpensesTotal": 1617,
        "period": "2022-09-30",
        "pretaxIncome": 7158,
        "provisionforIncomeTaxes": 1618,
        "revenue": 44955,
        "sgaExpense": 750,
        "totalOperatingExpense": 2797,
        "totalOtherIncomeExpenseNet": 2993
      },
      {
        "costOfGoodsSold": 42645,
        "depreciationAmortization": 359,
        "dilutedAverageSharesOutstanding": 485,
        "dilutedEPS": 6.52,
        "ebit": 3530,
        "gainLossOnDispositionOfAssets": 0,
        "grossIncome": 5932,
        "interestExpense": 133,
        "interestIncomeExpense": 1003,
        "minorityInterest": -15,
        "netIncome": 3164,
        "netIncomeAfterTaxes": 3182,
        "nonRecurringItems": -2,
        "otherOperatingExpensesTotal": 1437,
        "period": "2022-06-30",
        "pretaxIncome": 4106,
        "provisionforIncomeTaxes": 924,
        "revenue": 48577,
        "sgaExpense": 606,
        "totalOperatingExpense": 2402,
        "totalOtherIncomeExpenseNet": -425
      },
      {
        "costOfGoodsSold": 33495,
        "depreciationAmortization": 338,
        "dilutedAverageSharesOutstanding": 450,
        "dilutedEPS": 1.29,
        "ebit": 418,
        "gainLossOnDispositionOfAssets": 1,
        "grossIncome": 2684,
        "interestExpense": 135,
        "interestIncomeExpense": 710,
        "minorityInterest": -75,
        "netIncome": 580,
        "netIncomeAfterTaxes": 657,
        "nonRecurringItems": 0,
        "otherOperatingExpensesTotal": 1346,
        "period": "2022-03-31",
        "pretaxIncome": 828,
        "provisionforIncomeTaxes": 171,
        "revenue": 36179,
        "sgaExpense": 582,
        "totalOperatingExpense": 2266,
        "totalOtherIncomeExpenseNet": -301
      },
      {
        "costOfGoodsSold": 29290,
        "depreciationAmortization": 524,
        "dilutedAverageSharesOutstanding": 441,
        "dilutedEPS": 2.88,
        "ebit": 812,
        "gainLossOnDispositionOfAssets": 7,
        "grossIncome": 3314,
        "interestExpense": 141,
        "interestIncomeExpense": 801,
        "minorityInterest": -98,
        "netIncome": 1271,
        "netIncomeAfterTaxes": 1371,
        "nonRecurringItems": -2,
        "otherOperatingExpensesTotal": 1432,
        "period": "2021-12-31",
        "pretaxIncome": 1627,
        "provisionforIncomeTaxes": 256,
        "revenue": 32604,
        "sgaExpense": 546,
        "totalOperatingExpense": 2502,
        "totalOtherIncomeExpenseNet": 9
      },
      {
        "costOfGoodsSold": 27529,
        "depreciationAmortization": 361,
        "dilutedAverageSharesOutstanding": 440,
        "dilutedEPS": 0.91,
        "ebit": 672,
        "gainLossOnDispositionOfAssets": 9,
        "grossIncome": 2714,
        "interestExpense": 151,
        "interestIncomeExpense": 1051,
        "minorityInterest": -86,
        "netIncome": 400,
        "netIncomeAfterTaxes": 488,
        "nonRecurringItems": -1298,
        "otherOperatingExpensesTotal": 1172,
        "period": "2021-09-30",
        "pretaxIncome": 448,
        "provisionforIncomeTaxes": -40,
        "revenue": 30243,
        "sgaExpense": 509,
        "totalOperatingExpense": 2042,
        "totalOtherIncomeExpenseNet": 14
      },
      {
        "costOfGoodsSold": 25218,
        "depreciationAmortization": 364,
        "dilutedAverageSharesOutstanding": 440,
        "dilutedEPS": 0.66,
        "ebit": -313,
        "gainLossOnDispositionOfAssets": 2,
        "grossIncome": 1784,
        "interestExpense": 143,
        "interestIncomeExpense": 696,
        "minorityInterest": -78,
        "netIncome": 291,
        "netIncomeAfterTaxes": 374,
        "nonRecurringItems": 0,
        "otherOperatingExpensesTotal": 1181,
        "period": "2021-06-30",
        "pretaxIncome": 436,
        "provisionforIncomeTaxes": 62,
        "revenue": 27002,
        "sgaExpense": 552,
        "totalOperatingExpense": 2097,
        "totalOtherIncomeExpenseNet": 51
      },
      {
        "costOfGoodsSold": 20065,
        "depreciationAmortization": 356,
        "dilutedAverageSharesOutstanding": 440,
        "dilutedEPS": -1.49,
        "ebit": -727,
        "gainLossOnDispositionOfAssets": 0,
        "grossIncome": 1562,
        "interestExpense": 146,
        "interestIncomeExpense": 139,
        "minorityInterest": -15,
        "netIncome": -656,
        "netIncomeAfterTaxes": -639,
        "nonRecurringItems": -198,
        "otherOperatingExpensesTotal": 1386,
        "period": "2021-03-31",
        "pretaxIncome": -771,
        "provisionforIncomeTaxes": -132,
        "revenue": 21627,
        "sgaExpense": 547,
        "totalOperatingExpense": 2289,
        "totalOtherIncomeExpenseNet": 15
      },
      {
        "costOfGoodsSold": 15150,
        "depreciationAmortization": 358,
        "dilutedAverageSharesOutstanding": 439,
        "dilutedEPS": -1.23,
        "ebit": -803,
        "gainLossOnDispositionOfAssets": 21,
        "grossIncome": 1259,
        "interestExpense": 139,
        "interestIncomeExpense": 179,
        "minorityInterest": -45,
        "netIncome": -541,
        "netIncomeAfterTaxes": -494,
        "nonRecurringItems": -106,
        "otherOperatingExpensesTotal": 1185,
        "period": "2020-12-31",
        "pretaxIncome": -691,
        "provisionforIncomeTaxes": -197,
        "revenue": 16409,
        "sgaExpense": 519,
        "totalOperatingExpense": 2062,
        "totalOtherIncomeExpenseNet": 18
      },
      {
        "costOfGoodsSold": 14509,
        "depreciationAmortization": 352,
        "dilutedAverageSharesOutstanding": 439,
        "dilutedEPS": -1.82,
        "ebit": -444,
        "gainLossOnDispositionOfAssets": 1,
        "grossIncome": 1420,
        "interestExpense": 132,
        "interestIncomeExpense": 213,
        "minorityInterest": -73,
        "netIncome": -801,
        "netIncomeAfterTaxes": -726,
        "nonRecurringItems": -1140,
        "otherOperatingExpensesTotal": 1022,
        "period": "2020-09-30",
        "pretaxIncome": -1350,
        "provisionforIncomeTaxes": -624,
        "revenue": 15929,
        "sgaExpense": 490,
        "totalOperatingExpense": 1864,
        "totalOtherIncomeExpenseNet": 20
      },
      {
        "costOfGoodsSold": 9608,
        "depreciationAmortization": 343,
        "dilutedAverageSharesOutstanding": 439,
        "dilutedEPS": -0.33,
        "ebit": -592,
        "gainLossOnDispositionOfAssets": 85,
        "grossIncome": 1305,
        "interestExpense": 117,
        "interestIncomeExpense": 40,
        "minorityInterest": -74,
        "netIncome": -143,
        "netIncomeAfterTaxes": -67,
        "nonRecurringItems": 0,
        "otherOperatingExpensesTotal": 1031,
        "period": "2020-06-30",
        "pretaxIncome": -445,
        "provisionforIncomeTaxes": -378,
        "revenue": 10913,
        "sgaExpense": 523,
        "totalOperatingExpense": 1897,
        "totalOtherIncomeExpenseNet": 22
      },
      {
        "costOfGoodsSold": 18881,
        "depreciationAmortization": 342,
        "dilutedAverageSharesOutstanding": 441,
        "dilutedEPS": -5.66,
        "ebit": -847,
        "gainLossOnDispositionOfAssets": 1,
        "grossIncome": 1318,
        "interestExpense": 111,
        "interestIncomeExpense": 1377,
        "minorityInterest": -69,
        "netIncome": -2497,
        "netIncomeAfterTaxes": -2427,
        "nonRecurringItems": -3006,
        "otherOperatingExpensesTotal": 1347,
        "period": "2020-03-31",
        "pretaxIncome": -2478,
        "provisionforIncomeTaxes": -51,
        "revenue": 20199,
        "sgaExpense": 476,
        "totalOperatingExpense": 2165,
        "totalOtherIncomeExpenseNet": -3
      },
      {
        "costOfGoodsSold": 26234,
        "depreciationAmortization": 340,
        "dilutedAverageSharesOutstanding": 448,
        "dilutedEPS": 1.64,
        "ebit": 640,
        "gainLossOnDispositionOfAssets": 1,
        "grossIncome": 2952,
        "interestExpense": 115,
        "interestIncomeExpense": 408,
        "minorityInterest": -74,
        "netIncome": 735,
        "netIncomeAfterTaxes": 852,
        "nonRecurringItems": -5,
        "otherOperatingExpensesTotal": 1402,
        "period": "2019-12-31",
        "pretaxIncome": 1066,
        "provisionforIncomeTaxes": 214,
        "revenue": 29186,
        "sgaExpense": 570,
        "totalOperatingExpense": 2312,
        "totalOtherIncomeExpenseNet": 22
      },
      {
        "costOfGoodsSold": 23746,
        "depreciationAmortization": 336,
        "dilutedAverageSharesOutstanding": 451,
        "dilutedEPS": 1.57,
        "ebit": 1332,
        "gainLossOnDispositionOfAssets": 18,
        "grossIncome": 3401,
        "interestExpense": 109,
        "interestIncomeExpense": 430,
        "minorityInterest": -81,
        "netIncome": 710,
        "netIncomeAfterTaxes": 793,
        "nonRecurringItems": -853,
        "otherOperatingExpensesTotal": 1212,
        "period": "2019-09-30",
        "pretaxIncome": 943,
        "provisionforIncomeTaxes": 150,
        "revenue": 27147,
        "sgaExpense": 521,
        "totalOperatingExpense": 2069,
        "totalOtherIncomeExpenseNet": 16
      },
      {
        "costOfGoodsSold": 24608,
        "depreciationAmortization": 334,
        "dilutedAverageSharesOutstanding": 456,
        "dilutedEPS": 3.12,
        "ebit": 1213,
        "gainLossOnDispositionOfAssets": 0,
        "grossIncome": 3222,
        "interestExpense": 115,
        "interestIncomeExpense": 595,
        "minorityInterest": -80,
        "netIncome": 1422,
        "netIncomeAfterTaxes": 1504,
        "nonRecurringItems": -2,
        "otherOperatingExpensesTotal": 1170,
        "period": "2019-06-30",
        "pretaxIncome": 1829,
        "provisionforIncomeTaxes": 325,
        "revenue": 27830,
        "sgaExpense": 505,
        "totalOperatingExpense": 2009,
        "totalOtherIncomeExpenseNet": 23
      },
      {
        "costOfGoodsSold": 20900,
        "depreciationAmortization": 331,
        "dilutedAverageSharesOutstanding": 459,
        "dilutedEPS": 0.44,
        "ebit": 242,
        "gainLossOnDispositionOfAssets": 1,
        "grossIncome": 2380,
        "interestExpense": 119,
        "interestIncomeExpense": 73,
        "minorityInterest": -66,
        "netIncome": 203,
        "netIncomeAfterTaxes": 270,
        "nonRecurringItems": -1,
        "otherOperatingExpensesTotal": 1313,
        "period": "2019-03-31",
        "pretaxIncome": 340,
        "provisionforIncomeTaxes": 70,
        "revenue": 23280,
        "sgaExpense": 494,
        "totalOperatingExpense": 2138,
        "totalOtherIncomeExpenseNet": 25
      },
      {
        "costOfGoodsSold": 25035,
        "depreciationAmortization": 337,
        "dilutedAverageSharesOutstanding": 465,
        "dilutedEPS": 4.81,
        "ebit": 1500,
        "gainLossOnDispositionOfAssets": 1,
        "grossIncome": 3644,
        "interestExpense": 121,
        "interestIncomeExpense": 1406,
        "minorityInterest": -76,
        "netIncome": 2238,
        "netIncomeAfterTaxes": 2372,
        "nonRecurringItems": -1,
        "otherOperatingExpensesTotal": 1291,
        "period": "2018-12-31",
        "pretaxIncome": 2918,
        "provisionforIncomeTaxes": 546,
        "revenue": 28679,
        "sgaExpense": 516,
        "totalOperatingExpense": 2144,
        "totalOtherIncomeExpenseNet": 12
      },
      {
        "costOfGoodsSold": 26247,
        "depreciationAmortization": 346,
        "dilutedAverageSharesOutstanding": 469,
        "dilutedEPS": 3.17,
        "ebit": 1533,
        "gainLossOnDispositionOfAssets": 1,
        "grossIncome": 3639,
        "interestExpense": 125,
        "interestIncomeExpense": 421,
        "minorityInterest": -76,
        "netIncome": 1491,
        "netIncomeAfterTaxes": 1519,
        "nonRecurringItems": -1,
        "otherOperatingExpensesTotal": 1211,
        "period": "2018-09-30",
        "pretaxIncome": 1975,
        "provisionforIncomeTaxes": 456,
        "revenue": 29886,
        "sgaExpense": 549,
        "totalOperatingExpense": 2106,
        "totalOtherIncomeExpenseNet": 21
      },
      {
        "costOfGoodsSold": 25606,
        "depreciationAmortization": 337,
        "dilutedAverageSharesOutstanding": 472,
        "dilutedEPS": 2.83,
        "ebit": 1484,
        "gainLossOnDispositionOfAssets": 0,
        "grossIncome": 3511,
        "interestExpense": 135,
        "interestIncomeExpense": 329,
        "minorityInterest": -65,
        "netIncome": 1338,
        "netIncomeAfterTaxes": 1433,
        "nonRecurringItems": -6,
        "otherOperatingExpensesTotal": 1149,
        "period": "2018-06-30",
        "pretaxIncome": 1835,
        "provisionforIncomeTaxes": 402,
        "revenue": 29117,
        "sgaExpense": 541,
        "totalOperatingExpense": 2027,
        "totalOtherIncomeExpenseNet": 28
      },
      {
        "costOfGoodsSold": 21106,
        "depreciationAmortization": 336,
        "dilutedAverageSharesOutstanding": 490,
        "dilutedEPS": 1.07,
        "ebit": 397,
        "gainLossOnDispositionOfAssets": 17,
        "grossIncome": 2481,
        "interestExpense": 123,
        "interestIncomeExpense": 288,
        "minorityInterest": -61,
        "netIncome": 522,
        "netIncomeAfterTaxes": 585,
        "nonRecurringItems": 0,
        "otherOperatingExpensesTotal": 1252,
        "period": "2018-03-31",
        "pretaxIncome": 717,
        "provisionforIncomeTaxes": 132,
        "revenue": 23587,
        "sgaExpense": 496,
        "totalOperatingExpense": 2084,
        "totalOtherIncomeExpenseNet": 15
      },
      {
        "costOfGoodsSold": 27306,
        "depreciationAmortization": 346,
        "dilutedAverageSharesOutstanding": 512,
        "dilutedEPS": 6.24,
        "ebit": 535,
        "gainLossOnDispositionOfAssets": 0,
        "grossIncome": 2586,
        "interestExpense": 114,
        "interestIncomeExpense": 104,
        "minorityInterest": -57,
        "netIncome": 3196,
        "netIncomeAfterTaxes": 534,
        "nonRecurringItems": -6,
        "otherOperatingExpensesTotal": 1164,
        "period": "2017-12-31",
        "pretaxIncome": 654,
        "provisionforIncomeTaxes": 120,
        "revenue": 29892,
        "sgaExpense": 541,
        "totalOperatingExpense": 2051,
        "totalOtherIncomeExpenseNet": 21
      },
      {
        "costOfGoodsSold": 22728,
        "depreciationAmortization": 337,
        "dilutedAverageSharesOutstanding": 516,
        "dilutedEPS": 1.6,
        "ebit": 1164,
        "gainLossOnDispositionOfAssets": 0,
        "grossIncome": 3155,
        "interestExpense": 112,
        "interestIncomeExpense": 77,
        "minorityInterest": -26,
        "netIncome": 822,
        "netIncomeAfterTaxes": 849,
        "nonRecurringItems": -1,
        "otherOperatingExpensesTotal": 1139,
        "period": "2017-09-30",
        "pretaxIncome": 1256,
        "provisionforIncomeTaxes": 407,
        "revenue": 25883,
        "sgaExpense": 515,
        "totalOperatingExpense": 1991,
        "totalOtherIncomeExpenseNet": 16
      },
      {
        "costOfGoodsSold": 21687,
        "depreciationAmortization": 320,
        "dilutedAverageSharesOutstanding": 520,
        "dilutedEPS": 1.06,
        "ebit": 307,
        "gainLossOnDispositionOfAssets": 14,
        "grossIncome": 2313,
        "interestExpense": 107,
        "interestIncomeExpense": 528,
        "minorityInterest": -31,
        "netIncome": 548,
        "netIncomeAfterTaxes": 581,
        "nonRecurringItems": -15,
        "otherOperatingExpensesTotal": 1143,
        "period": "2017-06-30",
        "pretaxIncome": 848,
        "provisionforIncomeTaxes": 267,
        "revenue": 24000,
        "sgaExpense": 543,
        "totalOperatingExpense": 2006,
        "totalOtherIncomeExpenseNet": 14
      },
      {
        "costOfGoodsSold": 20760,
        "depreciationAmortization": 315,
        "dilutedAverageSharesOutstanding": 525,
        "dilutedEPS": 1.02,
        "ebit": -28,
        "gainLossOnDispositionOfAssets": 1,
        "grossIncome": 2066,
        "interestExpense": 105,
        "interestIncomeExpense": 383,
        "minorityInterest": -28,
        "netIncome": 534,
        "netIncomeAfterTaxes": 563,
        "nonRecurringItems": -2,
        "otherOperatingExpensesTotal": 1275,
        "period": "2017-03-31",
        "pretaxIncome": 797,
        "provisionforIncomeTaxes": 234,
        "revenue": 22826,
        "sgaExpense": 504,
        "totalOperatingExpense": 2094,
        "totalOtherIncomeExpenseNet": 443
      },
      {
        "costOfGoodsSold": 21686,
        "depreciationAmortization": 305,
        "dilutedAverageSharesOutstanding": 525,
        "dilutedEPS": 0.31,
        "ebit": -93,
        "gainLossOnDispositionOfAssets": 1,
        "grossIncome": 1888,
        "interestExpense": 88,
        "interestIncomeExpense": 145,
        "minorityInterest": -31,
        "netIncome": 162,
        "netIncomeAfterTaxes": 194,
        "nonRecurringItems": -1,
        "otherOperatingExpensesTotal": 1203,
        "period": "2016-12-31",
        "pretaxIncome": 62,
        "provisionforIncomeTaxes": -132,
        "revenue": 23574,
        "sgaExpense": 473,
        "totalOperatingExpense": 1981,
        "totalOtherIncomeExpenseNet": 10
      },
      {
        "costOfGoodsSold": 19354,
        "depreciationAmortization": 293,
        "dilutedAverageSharesOutstanding": 529,
        "dilutedEPS": 0.96,
        "ebit": 439,
        "gainLossOnDispositionOfAssets": 3,
        "grossIncome": 2276,
        "interestExpense": 81,
        "interestIncomeExpense": 357,
        "minorityInterest": -25,
        "netIncome": 509,
        "netIncomeAfterTaxes": 536,
        "nonRecurringItems": -2,
        "otherOperatingExpensesTotal": 1066,
        "period": "2016-09-30",
        "pretaxIncome": 813,
        "provisionforIncomeTaxes": 277,
        "revenue": 21630,
        "sgaExpense": 478,
        "totalOperatingExpense": 1837,
        "totalOtherIncomeExpenseNet": 16
      },
      {
        "costOfGoodsSold": 19617,
        "depreciationAmortization": 290,
        "dilutedAverageSharesOutstanding": 531,
        "dilutedEPS": 0.93,
        "ebit": 618,
        "gainLossOnDispositionOfAssets": 6,
        "grossIncome": 2414,
        "interestExpense": 83,
        "interestIncomeExpense": 88,
        "minorityInterest": -20,
        "netIncome": 494,
        "netIncomeAfterTaxes": 516,
        "nonRecurringItems": -2,
        "otherOperatingExpensesTotal": 999,
        "period": "2016-06-30",
        "pretaxIncome": 720,
        "provisionforIncomeTaxes": 204,
        "revenue": 22031,
        "sgaExpense": 507,
        "totalOperatingExpense": 1796,
        "totalOtherIncomeExpenseNet": 10
      },
      {
        "costOfGoodsSold": 15254,
        "depreciationAmortization": 280,
        "dilutedAverageSharesOutstanding": 532,
        "dilutedEPS": 0.72,
        "ebit": 446,
        "gainLossOnDispositionOfAssets": 0,
        "grossIncome": 2241,
        "interestExpense": 86,
        "interestIncomeExpense": 141,
        "minorityInterest": -13,
        "netIncome": 384,
        "netIncomeAfterTaxes": 398,
        "otherOperatingExpensesTotal": 1028,
        "period": "2016-03-31",
        "pretaxIncome": 596,
        "provisionforIncomeTaxes": 198,
        "revenue": 17495,
        "sgaExpense": 487,
        "totalOperatingExpense": 1795,
        "totalOtherIncomeExpenseNet": 9
      },
      {
        "costOfGoodsSold": 19313,
        "depreciationAmortization": 281,
        "dilutedAverageSharesOutstanding": 541,
        "dilutedEPS": 1.2,
        "ebit": 773,
        "gainLossOnDispositionOfAssets": 0,
        "grossIncome": 2580,
        "interestExpense": 74,
        "interestIncomeExpense": 54,
        "minorityInterest": -16,
        "netIncome": 649,
        "netIncomeAfterTaxes": 666,
        "nonRecurringItems": -4,
        "otherOperatingExpensesTotal": 1079,
        "period": "2015-12-31",
        "pretaxIncome": 832,
        "provisionforIncomeTaxes": 166,
        "revenue": 21893,
        "sgaExpense": 447,
        "totalOperatingExpense": 1807,
        "totalOtherIncomeExpenseNet": 9
      },
      {
        "costOfGoodsSold": 22093,
        "depreciationAmortization": 270,
        "dilutedAverageSharesOutstanding": 545,
        "dilutedEPS": 2.9,
        "ebit": 1807,
        "gainLossOnDispositionOfAssets": 22,
        "grossIncome": 3699,
        "interestExpense": 71,
        "interestIncomeExpense": 511,
        "minorityInterest": -14,
        "netIncome": 1577,
        "netIncomeAfterTaxes": 1592,
        "nonRecurringItems": -1,
        "otherOperatingExpensesTotal": 1088,
        "period": "2015-09-30",
        "pretaxIncome": 2359,
        "provisionforIncomeTaxes": 767,
        "revenue": 25792,
        "sgaExpense": 534,
        "totalOperatingExpense": 1892,
        "totalOtherIncomeExpenseNet": 20
      }
    ],
    "symbol": "PSX"
  }
}