{
  "symbol": "FDX",
  "statement": "ic",
  "frequency": "quarterly",
  "timestamp": "2025-09-19T14:00:26.745500",
  "data": {
    "financials": [
      {
        "costOfGoodsSold": 6223,
        "depreciationAmortization": 1057,
        "dilutedAverageSharesOutstanding": 240,
        "dilutedEPS": 6.8583,
        "ebit": 1987,
        "grossIncome": 15997,
        "interestIncomeExpense": -124,
        "netIncome": 1646,
        "netIncomeAfterTaxes": 1648,
        "nonRecurringItems": -194,
        "otherOperatingExpensesTotal": 3322,
        "period": "2025-05-31",
        "pretaxIncome": 2223,
        "provisionforIncomeTaxes": 575,
        "revenue": 22220,
        "sgaExpense": 9631,
        "totalOperatingExpense": 14010,
        "totalOtherIncomeExpenseNet": 554
      },
      {
        "costOfGoodsSold": 6523,
        "depreciationAmortization": 1066,
        "dilutedAverageSharesOutstanding": 242,
        "dilutedEPS": 3.75,
        "ebit": 1509,
        "grossIncome": 15637,
        "interestIncomeExpense": -116,
        "netIncome": 908,
        "netIncomeAfterTaxes": 909,
        "nonRecurringItems": -217,
        "otherOperatingExpensesTotal": 3222,
        "period": "2025-02-28",
        "pretaxIncome": 1181,
        "provisionforIncomeTaxes": 272,
        "revenue": 22160,
        "sgaExpense": 9840,
        "totalOperatingExpense": 14128,
        "totalOtherIncomeExpenseNet": 5
      },
      {
        "costOfGoodsSold": 6447,
        "depreciationAmortization": 1063,
        "dilutedAverageSharesOutstanding": 244,
        "dilutedEPS": 3.03,
        "ebit": 1378,
        "grossIncome": 15520,
        "interestIncomeExpense": -102,
        "netIncome": 739,
        "netIncomeAfterTaxes": 741,
        "nonRecurringItems": -326,
        "otherOperatingExpensesTotal": 3201,
        "period": "2024-11-30",
        "pretaxIncome": 981,
        "provisionforIncomeTaxes": 240,
        "revenue": 21967,
        "sgaExpense": 9878,
        "totalOperatingExpense": 14142,
        "totalOtherIncomeExpenseNet": 31
      },
      {
        "costOfGoodsSold": 6350,
        "depreciationAmortization": 1078,
        "dilutedAverageSharesOutstanding": 247,
        "dilutedEPS": 3.21,
        "ebit": 1208,
        "grossIncome": 15229,
        "interestIncomeExpense": -84,
        "netIncome": 793,
        "netIncomeAfterTaxes": 794,
        "nonRecurringItems": -128,
        "otherOperatingExpensesTotal": 3168,
        "period": "2024-08-31",
        "pretaxIncome": 1056,
        "provisionforIncomeTaxes": 262,
        "revenue": 21579,
        "sgaExpense": 9775,
        "totalOperatingExpense": 14021,
        "totalOtherIncomeExpenseNet": 60
      },
      {
        "costOfGoodsSold": 6286,
        "depreciationAmortization": 1104,
        "dilutedAverageSharesOutstanding": 248,
        "dilutedEPS": 5.94,
        "ebit": 1873,
        "grossIncome": 15823,
        "interestIncomeExpense": -96,
        "netIncome": 1472,
        "netIncomeAfterTaxes": 1474,
        "nonRecurringItems": -318,
        "otherOperatingExpensesTotal": 3250,
        "period": "2024-05-31",
        "pretaxIncome": 2028,
        "provisionforIncomeTaxes": 554,
        "revenue": 22109,
        "sgaExpense": 9596,
        "totalOperatingExpense": 13950,
        "totalOtherIncomeExpenseNet": 569
      },
      {
        "costOfGoodsSold": 6485,
        "depreciationAmortization": 1072,
        "dilutedAverageSharesOutstanding": 250,
        "dilutedEPS": 3.51,
        "ebit": 1357,
        "grossIncome": 15253,
        "interestIncomeExpense": -91,
        "netIncome": 878,
        "netIncomeAfterTaxes": 879,
        "nonRecurringItems": -114,
        "otherOperatingExpensesTotal": 3182,
        "period": "2024-02-29",
        "pretaxIncome": 1183,
        "provisionforIncomeTaxes": 304,
        "revenue": 21738,
        "sgaExpense": 9642,
        "totalOperatingExpense": 13896,
        "totalOtherIncomeExpenseNet": 31
      },
      {
        "costOfGoodsSold": 6723,
        "depreciationAmortization": 1040,
        "dilutedAverageSharesOutstanding": 253,
        "dilutedEPS": 3.55,
        "ebit": 1421,
        "grossIncome": 15442,
        "interestIncomeExpense": -97,
        "netIncome": 898,
        "netIncomeAfterTaxes": 900,
        "nonRecurringItems": -145,
        "otherOperatingExpensesTotal": 3156,
        "period": "2023-11-30",
        "pretaxIncome": 1202,
        "provisionforIncomeTaxes": 302,
        "revenue": 22165,
        "sgaExpense": 9825,
        "totalOperatingExpense": 14021,
        "totalOtherIncomeExpenseNet": 23
      },
      {
        "costOfGoodsSold": 6137,
        "depreciationAmortization": 1071,
        "dilutedAverageSharesOutstanding": 254,
        "dilutedEPS": 4.24,
        "ebit": 1590,
        "grossIncome": 15544,
        "interestIncomeExpense": -91,
        "netIncome": 1077,
        "netIncomeAfterTaxes": 1078,
        "nonRecurringItems": -105,
        "otherOperatingExpensesTotal": 3123,
        "period": "2023-08-31",
        "pretaxIncome": 1423,
        "provisionforIncomeTaxes": 345,
        "revenue": 21681,
        "sgaExpense": 9760,
        "totalOperatingExpense": 13954,
        "totalOtherIncomeExpenseNet": 29
      },
      {
        "costOfGoodsSold": 6100,
        "depreciationAmortization": 1075,
        "dilutedAverageSharesOutstanding": 253,
        "dilutedEPS": 6.07,
        "ebit": 1767,
        "grossIncome": 15830,
        "interestIncomeExpense": -105,
        "netIncome": 1536,
        "netIncomeAfterTaxes": 1538,
        "nonRecurringItems": -264,
        "otherOperatingExpensesTotal": 3476,
        "period": "2023-05-31",
        "pretaxIncome": 2128,
        "provisionforIncomeTaxes": 590,
        "revenue": 21930,
        "sgaExpense": 9512,
        "totalOperatingExpense": 14063,
        "totalOtherIncomeExpenseNet": 730
      },
      {
        "costOfGoodsSold": 6752,
        "depreciationAmortization": 1031,
        "dilutedAverageSharesOutstanding": 253,
        "dilutedEPS": 3.04,
        "ebit": 1165,
        "grossIncome": 15417,
        "interestIncomeExpense": -122,
        "netIncome": 770,
        "netIncomeAfterTaxes": 771,
        "nonRecurringItems": -123,
        "otherOperatingExpensesTotal": 3410,
        "period": "2023-02-28",
        "pretaxIncome": 1022,
        "provisionforIncomeTaxes": 251,
        "revenue": 22169,
        "sgaExpense": 9811,
        "totalOperatingExpense": 14252,
        "totalOtherIncomeExpenseNet": 102
      },
      {
        "costOfGoodsSold": 7258,
        "depreciationAmortization": 1046,
        "dilutedAverageSharesOutstanding": 256,
        "dilutedEPS": 3.07,
        "ebit": 1212,
        "grossIncome": 15556,
        "interestIncomeExpense": -127,
        "netIncome": 786,
        "netIncomeAfterTaxes": 788,
        "nonRecurringItems": -36,
        "otherOperatingExpensesTotal": 3429,
        "period": "2022-11-30",
        "pretaxIncome": 1059,
        "provisionforIncomeTaxes": 271,
        "revenue": 22814,
        "sgaExpense": 9869,
        "totalOperatingExpense": 14344,
        "totalOtherIncomeExpenseNet": 10
      },
      {
        "costOfGoodsSold": 7589,
        "depreciationAmortization": 1024,
        "dilutedAverageSharesOutstanding": 262,
        "dilutedEPS": 3.34,
        "ebit": 1229,
        "grossIncome": 15653,
        "interestIncomeExpense": -142,
        "netIncome": 874,
        "netIncomeAfterTaxes": 875,
        "nonRecurringItems": -38,
        "otherOperatingExpensesTotal": 3478,
        "period": "2022-08-31",
        "pretaxIncome": 1154,
        "provisionforIncomeTaxes": 279,
        "revenue": 23242,
        "sgaExpense": 9922,
        "totalOperatingExpense": 14424,
        "totalOtherIncomeExpenseNet": 105
      },
      {
        "costOfGoodsSold": 7706,
        "depreciationAmortization": 1018,
        "dilutedAverageSharesOutstanding": 260,
        "dilutedEPS": 2.14,
        "ebit": 1984,
        "grossIncome": 16688,
        "interestIncomeExpense": -158,
        "netIncome": 557,
        "netIncomeAfterTaxes": 558,
        "nonRecurringItems": -60,
        "otherOperatingExpensesTotal": 3764,
        "period": "2022-05-31",
        "pretaxIncome": 684,
        "provisionforIncomeTaxes": 126,
        "revenue": 24394,
        "sgaExpense": 9922,
        "totalOperatingExpense": 14704,
        "totalOtherIncomeExpenseNet": -1082
      },
      {
        "costOfGoodsSold": 7473,
        "depreciationAmortization": 986,
        "dilutedAverageSharesOutstanding": 265,
        "dilutedEPS": 4.19,
        "ebit": 1433,
        "grossIncome": 16168,
        "interestIncomeExpense": -163,
        "netIncome": 1110,
        "netIncomeAfterTaxes": 1112,
        "nonRecurringItems": -107,
        "otherOperatingExpensesTotal": 3458,
        "period": "2022-02-28",
        "pretaxIncome": 1375,
        "provisionforIncomeTaxes": 263,
        "revenue": 23641,
        "sgaExpense": 10291,
        "totalOperatingExpense": 14735,
        "totalOtherIncomeExpenseNet": 212
      },
      {
        "costOfGoodsSold": 7386,
        "depreciationAmortization": 995,
        "dilutedAverageSharesOutstanding": 265,
        "dilutedEPS": 3.93,
        "ebit": 1641,
        "grossIncome": 16088,
        "interestIncomeExpense": -155,
        "netIncome": 1042,
        "netIncomeAfterTaxes": 1044,
        "nonRecurringItems": -44,
        "otherOperatingExpensesTotal": 3301,
        "period": "2021-11-30",
        "pretaxIncome": 1380,
        "provisionforIncomeTaxes": 336,
        "revenue": 23474,
        "sgaExpense": 10151,
        "totalOperatingExpense": 14447,
        "totalOtherIncomeExpenseNet": -62
      },
      {
        "costOfGoodsSold": 6668,
        "depreciationAmortization": 971,
        "dilutedAverageSharesOutstanding": 266,
        "dilutedEPS": 4.17,
        "ebit": 1465,
        "grossIncome": 15335,
        "interestIncomeExpense": -160,
        "netIncome": 1110,
        "netIncomeAfterTaxes": 1112,
        "nonRecurringItems": -67,
        "otherOperatingExpensesTotal": 3121,
        "period": "2021-08-31",
        "pretaxIncome": 1457,
        "provisionforIncomeTaxes": 345,
        "revenue": 22003,
        "sgaExpense": 9778,
        "totalOperatingExpense": 13870,
        "totalOtherIncomeExpenseNet": 219
      },
      {
        "costOfGoodsSold": 6566,
        "depreciationAmortization": 975,
        "dilutedAverageSharesOutstanding": 271,
        "dilutedEPS": 6.87,
        "ebit": 1903,
        "grossIncome": 15999,
        "interestIncomeExpense": -186,
        "netIncome": 1864,
        "netIncomeAfterTaxes": 1589,
        "nonRecurringItems": -499,
        "otherOperatingExpensesTotal": 3286,
        "period": "2021-05-31",
        "pretaxIncome": 2613,
        "provisionforIncomeTaxes": 1024,
        "revenue": 22565,
        "sgaExpense": 9835,
        "totalOperatingExpense": 14096,
        "totalOtherIncomeExpenseNet": 1395
      },
      {
        "costOfGoodsSold": 6416,
        "depreciationAmortization": 956,
        "dilutedAverageSharesOutstanding": 270,
        "dilutedEPS": 3.29,
        "ebit": 1015,
        "grossIncome": 15094,
        "interestIncomeExpense": -187,
        "netIncome": 889,
        "netIncomeAfterTaxes": 892,
        "nonRecurringItems": -10,
        "otherOperatingExpensesTotal": 3160,
        "period": "2021-02-28",
        "pretaxIncome": 1049,
        "provisionforIncomeTaxes": 157,
        "revenue": 21510,
        "sgaExpense": 9963,
        "totalOperatingExpense": 14079,
        "totalOtherIncomeExpenseNet": 231
      },
      {
        "costOfGoodsSold": 6032,
        "depreciationAmortization": 936,
        "dilutedAverageSharesOutstanding": 269,
        "dilutedEPS": 4.55,
        "ebit": 1465,
        "grossIncome": 14531,
        "interestIncomeExpense": -184,
        "netIncome": 1224,
        "netIncomeAfterTaxes": 1226,
        "otherOperatingExpensesTotal": 2866,
        "period": "2020-11-30",
        "pretaxIncome": 1406,
        "provisionforIncomeTaxes": 180,
        "revenue": 20563,
        "sgaExpense": 9264,
        "totalOperatingExpense": 13066,
        "totalOtherIncomeExpenseNet": 125
      },
      {
        "costOfGoodsSold": 5542,
        "depreciationAmortization": 926,
        "dilutedAverageSharesOutstanding": 263,
        "dilutedEPS": 4.73,
        "ebit": 1590,
        "grossIncome": 13779,
        "interestIncomeExpense": -184,
        "netIncome": 1243,
        "netIncomeAfterTaxes": 1245,
        "otherOperatingExpensesTotal": 2669,
        "period": "2020-08-31",
        "pretaxIncome": 1606,
        "provisionforIncomeTaxes": 361,
        "revenue": 19321,
        "sgaExpense": 8594,
        "totalOperatingExpense": 12189,
        "totalOtherIncomeExpenseNet": 200
      },
      {
        "costOfGoodsSold": 5069,
        "depreciationAmortization": 927,
        "dilutedAverageSharesOutstanding": 261,
        "dilutedEPS": -1.28,
        "ebit": 844,
        "grossIncome": 12289,
        "interestIncomeExpense": -174,
        "netIncome": -333,
        "netIncomeAfterTaxes": -334,
        "nonRecurringItems": -369,
        "otherOperatingExpensesTotal": 2620,
        "period": "2020-05-31",
        "pretaxIncome": -319,
        "provisionforIncomeTaxes": 15,
        "revenue": 17358,
        "sgaExpense": 7898,
        "totalOperatingExpense": 11445,
        "totalOtherIncomeExpenseNet": -620
      },
      {
        "costOfGoodsSold": 5437,
        "depreciationAmortization": 908,
        "dilutedAverageSharesOutstanding": 262,
        "dilutedEPS": 1.2,
        "ebit": 411,
        "grossIncome": 12050,
        "interestIncomeExpense": -155,
        "netIncome": 314,
        "netIncomeAfterTaxes": 315,
        "nonRecurringItems": 0,
        "otherOperatingExpensesTotal": 2701,
        "period": "2020-02-29",
        "pretaxIncome": 420,
        "provisionforIncomeTaxes": 105,
        "revenue": 17487,
        "sgaExpense": 8030,
        "totalOperatingExpense": 11639,
        "totalOtherIncomeExpenseNet": 164
      },
      {
        "costOfGoodsSold": 5218,
        "depreciationAmortization": 901,
        "dilutedAverageSharesOutstanding": 262,
        "dilutedEPS": 2.13,
        "ebit": 620,
        "grossIncome": 12106,
        "interestIncomeExpense": -151,
        "netIncome": 559,
        "netIncomeAfterTaxes": 560,
        "nonRecurringItems": -66,
        "otherOperatingExpensesTotal": 2652,
        "period": "2019-11-30",
        "pretaxIncome": 572,
        "provisionforIncomeTaxes": 12,
        "revenue": 17324,
        "sgaExpense": 7933,
        "totalOperatingExpense": 11486,
        "totalOtherIncomeExpenseNet": 169
      },
      {
        "costOfGoodsSold": 4898,
        "depreciationAmortization": 879,
        "dilutedAverageSharesOutstanding": 262,
        "dilutedEPS": 2.84,
        "ebit": 977,
        "grossIncome": 12150,
        "interestIncomeExpense": -137,
        "netIncome": 744,
        "netIncomeAfterTaxes": 745,
        "otherOperatingExpensesTotal": 2519,
        "period": "2019-08-31",
        "pretaxIncome": 996,
        "provisionforIncomeTaxes": 251,
        "revenue": 17048,
        "sgaExpense": 7775,
        "totalOperatingExpense": 11173,
        "totalOtherIncomeExpenseNet": 156
      },
      {
        "costOfGoodsSold": 5032,
        "depreciationAmortization": 866,
        "dilutedAverageSharesOutstanding": 262,
        "dilutedEPS": -7.5,
        "ebit": 1632,
        "grossIncome": 12775,
        "interestIncomeExpense": -136,
        "netIncome": -1967,
        "netIncomeAfterTaxes": -1810,
        "nonRecurringItems": -316,
        "otherOperatingExpensesTotal": 2573,
        "period": "2019-05-31",
        "pretaxIncome": -2554,
        "provisionforIncomeTaxes": -744,
        "revenue": 17807,
        "sgaExpense": 7704,
        "totalOperatingExpense": 11143,
        "totalOtherIncomeExpenseNet": -3734
      },
      {
        "costOfGoodsSold": 5160,
        "depreciationAmortization": 851,
        "dilutedAverageSharesOutstanding": 263,
        "dilutedEPS": 2.8,
        "ebit": 915,
        "grossIncome": 11850,
        "interestIncomeExpense": -135,
        "netIncome": 738,
        "netIncomeAfterTaxes": 679,
        "nonRecurringItems": -4,
        "otherOperatingExpensesTotal": 2483,
        "period": "2019-02-28",
        "pretaxIncome": 931,
        "provisionforIncomeTaxes": 252,
        "revenue": 17010,
        "sgaExpense": 7601,
        "totalOperatingExpense": 10935,
        "totalOtherIncomeExpenseNet": 155
      },
      {
        "costOfGoodsSold": 5398,
        "depreciationAmortization": 828,
        "dilutedAverageSharesOutstanding": 266,
        "dilutedEPS": 3.5,
        "ebit": 1168,
        "grossIncome": 12426,
        "interestIncomeExpense": -129,
        "netIncome": 933,
        "netIncomeAfterTaxes": 781,
        "otherOperatingExpensesTotal": 2583,
        "period": "2018-11-30",
        "pretaxIncome": 1177,
        "provisionforIncomeTaxes": 396,
        "revenue": 17824,
        "sgaExpense": 7847,
        "totalOperatingExpense": 11258,
        "totalOtherIncomeExpenseNet": 138
      },
      {
        "costOfGoodsSold": 4953,
        "depreciationAmortization": 808,
        "dilutedAverageSharesOutstanding": 269,
        "dilutedEPS": 3.1,
        "ebit": 1071,
        "grossIncome": 12099,
        "interestIncomeExpense": -112,
        "netIncome": 834,
        "netIncomeAfterTaxes": 700,
        "otherOperatingExpensesTotal": 2402,
        "period": "2018-08-31",
        "pretaxIncome": 1101,
        "provisionforIncomeTaxes": 401,
        "revenue": 17052,
        "sgaExpense": 7818,
        "totalOperatingExpense": 11028,
        "totalOtherIncomeExpenseNet": 142
      },
      {
        "costOfGoodsSold": 4820,
        "depreciationAmortization": 802,
        "dilutedAverageSharesOutstanding": 272,
        "dilutedEPS": 4.13,
        "ebit": 1708,
        "grossIncome": 12494,
        "interestIncomeExpense": -147,
        "netIncome": 1125,
        "netIncomeAfterTaxes": 1063,
        "nonRecurringItems": -380,
        "otherOperatingExpensesTotal": 2377,
        "period": "2018-05-31",
        "pretaxIncome": 1358,
        "provisionforIncomeTaxes": 295,
        "revenue": 17314,
        "sgaExpense": 7607,
        "totalOperatingExpense": 10786,
        "totalOtherIncomeExpenseNet": 177
      },
      {
        "costOfGoodsSold": 4849,
        "depreciationAmortization": 786,
        "dilutedAverageSharesOutstanding": 273,
        "dilutedEPS": 7.58,
        "ebit": 858,
        "grossIncome": 11677,
        "interestIncomeExpense": -125,
        "netIncome": 2071,
        "netIncomeAfterTaxes": 519,
        "nonRecurringItems": 0,
        "otherOperatingExpensesTotal": 2408,
        "period": "2018-02-28",
        "pretaxIncome": 874,
        "provisionforIncomeTaxes": 355,
        "revenue": 16526,
        "sgaExpense": 7625,
        "totalOperatingExpense": 10819,
        "totalOtherIncomeExpenseNet": 141
      },
      {
        "costOfGoodsSold": 4658,
        "depreciationAmortization": 756,
        "dilutedAverageSharesOutstanding": 272,
        "dilutedEPS": 2.85,
        "ebit": 1115,
        "grossIncome": 11655,
        "interestIncomeExpense": -124,
        "netIncome": 774,
        "netIncomeAfterTaxes": 775,
        "otherOperatingExpensesTotal": 2395,
        "period": "2017-11-30",
        "pretaxIncome": 1139,
        "provisionforIncomeTaxes": 364,
        "revenue": 16313,
        "sgaExpense": 7389,
        "totalOperatingExpense": 10540,
        "totalOtherIncomeExpenseNet": 148
      },
      {
        "costOfGoodsSold": 4148,
        "depreciationAmortization": 751,
        "dilutedAverageSharesOutstanding": 272,
        "dilutedEPS": 2.19,
        "ebit": 971,
        "grossIncome": 11149,
        "interestIncomeExpense": -114,
        "netIncome": 595,
        "netIncomeAfterTaxes": 596,
        "otherOperatingExpensesTotal": 2270,
        "period": "2017-08-31",
        "pretaxIncome": 982,
        "provisionforIncomeTaxes": 386,
        "revenue": 15297,
        "sgaExpense": 7157,
        "totalOperatingExpense": 10178,
        "totalOtherIncomeExpenseNet": 125
      },
      {
        "costOfGoodsSold": 4191,
        "depreciationAmortization": 754,
        "dilutedAverageSharesOutstanding": 270,
        "dilutedEPS": 3.76,
        "ebit": 1110,
        "grossIncome": 11537,
        "interestIncomeExpense": -125,
        "netIncome": 1016,
        "netIncomeAfterTaxes": 1020,
        "otherOperatingExpensesTotal": 2320,
        "period": "2017-05-31",
        "pretaxIncome": 1460,
        "provisionforIncomeTaxes": 440,
        "revenue": 15728,
        "sgaExpense": 7353,
        "totalOperatingExpense": 10427,
        "totalOtherIncomeExpenseNet": 475
      },
      {
        "costOfGoodsSold": 4233,
        "depreciationAmortization": 762,
        "dilutedAverageSharesOutstanding": 271,
        "dilutedEPS": 2.07,
        "ebit": 1025,
        "grossIncome": 10764,
        "interestIncomeExpense": -122,
        "netIncome": 562,
        "netIncomeAfterTaxes": 562,
        "otherOperatingExpensesTotal": 2160,
        "period": "2017-02-28",
        "pretaxIncome": 899,
        "provisionforIncomeTaxes": 337,
        "revenue": 14997,
        "sgaExpense": 6817,
        "totalOperatingExpense": 9739,
        "totalOtherIncomeExpenseNet": -4
      },
      {
        "costOfGoodsSold": 4089,
        "depreciationAmortization": 740,
        "dilutedAverageSharesOutstanding": 270,
        "dilutedEPS": 2.59,
        "ebit": 1167,
        "grossIncome": 10842,
        "interestIncomeExpense": -119,
        "netIncome": 700,
        "netIncomeAfterTaxes": 700,
        "otherOperatingExpensesTotal": 2201,
        "period": "2016-11-30",
        "pretaxIncome": 1078,
        "provisionforIncomeTaxes": 378,
        "revenue": 14931,
        "sgaExpense": 6734,
        "totalOperatingExpense": 9675,
        "totalOtherIncomeExpenseNet": 30
      },
      {
        "costOfGoodsSold": 3890,
        "depreciationAmortization": 739,
        "dilutedAverageSharesOutstanding": 269,
        "dilutedEPS": 2.66,
        "ebit": 1264,
        "grossIncome": 10773,
        "interestIncomeExpense": -113,
        "netIncome": 715,
        "netIncomeAfterTaxes": 715,
        "otherOperatingExpensesTotal": 2071,
        "period": "2016-08-31",
        "pretaxIncome": 1142,
        "provisionforIncomeTaxes": 427,
        "revenue": 14663,
        "sgaExpense": 6699,
        "totalOperatingExpense": 9509,
        "totalOtherIncomeExpenseNet": -9
      },
      {
        "costOfGoodsSold": 2996,
        "depreciationAmortization": 667,
        "dilutedAverageSharesOutstanding": 270,
        "dilutedEPS": -0.27,
        "ebit": -68,
        "grossIncome": 9983,
        "interestExpense": 336,
        "interestIncomeExpense": -97,
        "netIncome": -72,
        "netIncomeAfterTaxes": -70,
        "nonRecurringItems": 0,
        "otherOperatingExpensesTotal": 3350,
        "period": "2016-05-31",
        "pretaxIncome": -181,
        "provisionforIncomeTaxes": -111,
        "revenue": 12979,
        "sgaExpense": 6034,
        "totalOperatingExpense": 10051,
        "totalOtherIncomeExpenseNet": -16
      },
      {
        "costOfGoodsSold": 3160,
        "depreciationAmortization": 663,
        "dilutedAverageSharesOutstanding": 272,
        "dilutedEPS": 1.86,
        "ebit": 864,
        "grossIncome": 9494,
        "interestIncomeExpense": -81,
        "netIncome": 507,
        "netIncomeAfterTaxes": 507,
        "otherOperatingExpensesTotal": 2007,
        "period": "2016-02-29",
        "pretaxIncome": 782,
        "provisionforIncomeTaxes": 275,
        "revenue": 12654,
        "sgaExpense": 5960,
        "totalOperatingExpense": 8630,
        "totalOtherIncomeExpenseNet": -1
      },
      {
        "costOfGoodsSold": 3153,
        "depreciationAmortization": 653,
        "dilutedAverageSharesOutstanding": 279,
        "dilutedEPS": 2.48,
        "ebit": 1137,
        "grossIncome": 9300,
        "interestIncomeExpense": -74,
        "netIncome": 691,
        "netIncomeAfterTaxes": 691,
        "otherOperatingExpensesTotal": 1729,
        "period": "2015-11-30",
        "pretaxIncome": 1055,
        "provisionforIncomeTaxes": 364,
        "revenue": 12453,
        "sgaExpense": 5781,
        "totalOperatingExpense": 8163,
        "totalOtherIncomeExpenseNet": -8
      },
      {
        "costOfGoodsSold": 3056,
        "depreciationAmortization": 648,
        "dilutedAverageSharesOutstanding": 286,
        "dilutedEPS": 2.42,
        "ebit": 1144,
        "grossIncome": 9223,
        "interestIncomeExpense": -63,
        "netIncome": 692,
        "netIncomeAfterTaxes": 692,
        "otherOperatingExpensesTotal": 1663,
        "period": "2015-08-31",
        "pretaxIncome": 1084,
        "provisionforIncomeTaxes": 392,
        "revenue": 12279,
        "sgaExpense": 5768,
        "totalOperatingExpense": 8079,
        "totalOtherIncomeExpenseNet": 3
      }
    ],
    "symbol": "FDX"
  }
}