{
  "symbol": "DAY",
  "statement": "ic",
  "frequency": "annual",
  "timestamp": "2025-09-19T13:58:56.446956",
  "data": {
    "financials": [
      {
        "costOfGoodsSold": 947.9,
        "dilutedAverageSharesOutstanding": 160.4,
        "dilutedEPS": 0.1128,
        "ebit": 144.7,
        "grossIncome": 812.1,
        "interestExpense": 54.4,
        "interestIncomeExpense": -91,
        "netIncome": 18.1,
        "netIncomeAfterTaxes": 18.1,
        "nonRecurringItems": -4.3,
        "otherOperatingExpensesTotal": -31.6,
        "period": "2024-12-31",
        "pretaxIncome": 37.6,
        "provisionforIncomeTaxes": 19.5,
        "revenue": 1760,
        "sgaExpense": 699,
        "totalOperatingExpense": 667.4,
        "totalOtherIncomeExpenseNet": -11.8,
        "year": 2024
      },
      {
        "costOfGoodsSold": 867.2,
        "dilutedAverageSharesOutstanding": 158.5,
        "dilutedEPS": 0.3457,
        "ebit": 169.2,
        "grossIncome": 646.5,
        "interestExpense": 0.3,
        "interestIncomeExpense": -71.6,
        "netIncome": 54.8,
        "netIncomeAfterTaxes": 54.8,
        "otherOperatingExpensesTotal": -31.8,
        "period": "2023-12-31",
        "pretaxIncome": 96,
        "provisionforIncomeTaxes": 41.2,
        "revenue": 1513.7,
        "sgaExpense": 509.1,
        "totalOperatingExpense": 477.3,
        "totalOtherIncomeExpenseNet": -1.6,
        "year": 2023
      },
      {
        "costOfGoodsSold": 773,
        "dilutedAverageSharesOutstanding": 152.9,
        "dilutedEPS": -0.48,
        "ebit": -34.3,
        "grossIncome": 473.2,
        "interestExpense": 28.6,
        "interestIncomeExpense": -28.6,
        "netIncome": -73.4,
        "netIncomeAfterTaxes": -73.4,
        "otherOperatingExpensesTotal": 8.5,
        "period": "2022-12-31",
        "pretaxIncome": -62.9,
        "provisionforIncomeTaxes": 10.5,
        "revenue": 1246.2,
        "sgaExpense": 499,
        "totalOperatingExpense": 507.5,
        "year": 2022
      },
      {
        "costOfGoodsSold": 641.9,
        "dilutedAverageSharesOutstanding": 150.4,
        "dilutedEPS": -0.5,
        "ebit": -54.4,
        "grossIncome": 382.3,
        "interestExpense": 35.9,
        "interestIncomeExpense": -35.9,
        "netIncome": -75.4,
        "netIncomeAfterTaxes": -75.4,
        "otherOperatingExpensesTotal": 18.9,
        "period": "2021-12-31",
        "pretaxIncome": -90.3,
        "provisionforIncomeTaxes": -14.9,
        "revenue": 1024.2,
        "sgaExpense": 417.8,
        "totalOperatingExpense": 436.7,
        "year": 2021
      },
      {
        "costOfGoodsSold": 501.2,
        "dilutedAverageSharesOutstanding": 146.8,
        "dilutedEPS": -0.03,
        "ebit": 5.1,
        "grossIncome": 341.3,
        "interestExpense": 25.1,
        "interestIncomeExpense": -25.1,
        "netIncome": -4,
        "netIncomeAfterTaxes": -4,
        "otherOperatingExpensesTotal": 2.7,
        "period": "2020-12-31",
        "pretaxIncome": -20,
        "provisionforIncomeTaxes": -16,
        "revenue": 842.5,
        "sgaExpense": 333.5,
        "totalOperatingExpense": 336.2,
        "year": 2020
      },
      {
        "costOfGoodsSold": 455.9,
        "dilutedAverageSharesOutstanding": 148.8,
        "dilutedEPS": 0.53,
        "ebit": 67.1,
        "grossIncome": 368.2,
        "interestExpense": 32.4,
        "interestIncomeExpense": -32.8,
        "minorityInterest": 0,
        "netIncome": 78.7,
        "netIncomeAfterTaxes": 78.7,
        "period": "2019-12-31",
        "pretaxIncome": 34.3,
        "provisionforIncomeTaxes": -44.4,
        "revenue": 824.1,
        "sgaExpense": 301.1,
        "totalOperatingExpense": 301.1,
        "year": 2019
      },
      {
        "costOfGoodsSold": 425.8,
        "dilutedAverageSharesOutstanding": 114,
        "dilutedEPS": -0.59,
        "ebit": 53.4,
        "grossIncome": 314.9,
        "interestExpense": 83.2,
        "interestIncomeExpense": -80.3,
        "minorityInterest": 0.5,
        "netIncome": -68.3,
        "netIncomeAfterTaxes": -35.3,
        "period": "2018-12-31",
        "pretaxIncome": -26.9,
        "provisionforIncomeTaxes": 8.4,
        "revenue": 740.7,
        "sgaExpense": 261.5,
        "totalOperatingExpense": 261.5,
        "year": 2018
      },
      {
        "costOfGoodsSold": 407.5,
        "dilutedAverageSharesOutstanding": 65.2,
        "dilutedEPS": -0.45,
        "ebit": 40.3,
        "grossIncome": 263.3,
        "interestExpense": 87.1,
        "interestIncomeExpense": -94.4,
        "minorityInterest": 1.3,
        "netIncome": -29.7,
        "netIncomeAfterTaxes": -63.9,
        "nonRecurringItems": 0,
        "period": "2017-12-31",
        "pretaxIncome": -54.1,
        "provisionforIncomeTaxes": 9.8,
        "revenue": 670.8,
        "sgaExpense": 223,
        "totalOperatingExpense": 223,
        "year": 2017
      },
      {
        "costOfGoodsSold": 445.3,
        "dilutedAverageSharesOutstanding": 133.2,
        "dilutedEPS": -0.8,
        "ebit": 3.2,
        "grossIncome": 258.9,
        "interestExpense": 87.4,
        "interestIncomeExpense": -84.3,
        "minorityInterest": -0.1,
        "netIncome": -107,
        "netIncomeAfterTaxes": -109.3,
        "nonRecurringItems": -10.4,
        "otherOperatingExpensesTotal": 5.9,
        "period": "2016-12-31",
        "pretaxIncome": -91.5,
        "provisionforIncomeTaxes": 17.8,
        "revenue": 704.2,
        "sgaExpense": 249.8,
        "totalOperatingExpense": 255.7,
        "year": 2016
      },
      {
        "costOfGoodsSold": 413.1,
        "dilutedAverageSharesOutstanding": 133.2,
        "dilutedEPS": -0.78,
        "ebit": 35.3,
        "grossIncome": 280.8,
        "interestExpense": 87.8,
        "interestIncomeExpense": -92.6,
        "minorityInterest": 0,
        "netIncome": -104.7,
        "netIncomeAfterTaxes": -88.9,
        "nonRecurringItems": -23,
        "period": "2015-12-31",
        "pretaxIncome": -80.3,
        "provisionforIncomeTaxes": 8.6,
        "revenue": 693.9,
        "sgaExpense": 245.5,
        "totalOperatingExpense": 245.5,
        "year": 2015
      }
    ],
    "symbol": "DAY"
  }
}