{
  "symbol": "INCY",
  "statement": "ic",
  "frequency": "annual",
  "timestamp": "2025-09-19T14:01:58.962318",
  "data": {
    "financials": [
      {
        "costOfGoodsSold": 288.468,
        "depreciationAmortization": 23.6,
        "dilutedAverageSharesOutstanding": 210.53,
        "dilutedEPS": 0.1549,
        "ebit": 111.644,
        "grossIncome": 3952.749,
        "interestExpense": 2.28,
        "interestIncomeExpense": 242.455,
        "netIncome": 32.615,
        "netIncomeAfterTaxes": 32.615,
        "nonRecurringItems": -50.278,
        "period": "2024-12-31",
        "pretaxIncome": 316.63,
        "provisionforIncomeTaxes": 284.015,
        "researchDevelopment": 2595.548,
        "revenue": 4241.217,
        "sgaExpense": 1221.957,
        "totalOperatingExpense": 3841.105,
        "totalOtherIncomeExpenseNet": 12.809,
        "year": 2024
      },
      {
        "costOfGoodsSold": 232.49,
        "depreciationAmortization": 22.5,
        "dilutedAverageSharesOutstanding": 225.928,
        "dilutedEPS": 2.6451,
        "ebit": 651.772,
        "grossIncome": 3463.159,
        "interestExpense": 2.551,
        "interestIncomeExpense": 41.342,
        "netIncome": 597.599,
        "netIncomeAfterTaxes": 597.599,
        "nonRecurringItems": -31.247,
        "period": "2023-12-31",
        "pretaxIncome": 834.215,
        "provisionforIncomeTaxes": 236.616,
        "researchDevelopment": 1627.594,
        "revenue": 3695.649,
        "sgaExpense": 1161.293,
        "totalOperatingExpense": 2811.387,
        "totalOtherIncomeExpenseNet": 172.348,
        "year": 2023
      },
      {
        "costOfGoodsSold": 185.5,
        "depreciationAmortization": 21.5,
        "dilutedAverageSharesOutstanding": 224,
        "dilutedEPS": 1.52,
        "ebit": 599.5,
        "grossIncome": 3209.1,
        "interestExpense": 2.666,
        "interestIncomeExpense": -90.3,
        "netIncome": 340.7,
        "netIncomeAfterTaxes": 340.7,
        "nonRecurringItems": -20.1,
        "period": "2022-12-31",
        "pretaxIncome": 529.1,
        "provisionforIncomeTaxes": 188.5,
        "researchDevelopment": 1585.9,
        "revenue": 3394.6,
        "sgaExpense": 1002.1,
        "totalOperatingExpense": 2609.6,
        "totalOtherIncomeExpenseNet": 39.9,
        "year": 2022
      },
      {
        "costOfGoodsSold": 129.5,
        "depreciationAmortization": 21.5,
        "dilutedAverageSharesOutstanding": 222.1,
        "dilutedEPS": 4.27,
        "ebit": 637.6,
        "grossIncome": 2856.8,
        "interestExpense": 1.908,
        "interestIncomeExpense": -26,
        "netIncome": 948.6,
        "netIncomeAfterTaxes": 948.6,
        "nonRecurringItems": -51.8,
        "period": "2021-12-31",
        "pretaxIncome": 570.4,
        "provisionforIncomeTaxes": -378.1,
        "researchDevelopment": 1458.2,
        "revenue": 2986.3,
        "sgaExpense": 739.6,
        "totalOperatingExpense": 2219.2,
        "totalOtherIncomeExpenseNet": 10.6,
        "year": 2021
      },
      {
        "costOfGoodsSold": 109.8,
        "depreciationAmortization": 21.5,
        "dilutedAverageSharesOutstanding": 218.1,
        "dilutedEPS": -1.36,
        "ebit": -197.5,
        "grossIncome": 2556.9,
        "interestExpense": 2.174,
        "interestIncomeExpense": 31.5,
        "netIncome": -295.7,
        "netIncomeAfterTaxes": -295.7,
        "nonRecurringItems": -66.2,
        "period": "2020-12-31",
        "pretaxIncome": -232.2,
        "provisionforIncomeTaxes": 63.5,
        "researchDevelopment": 2215.9,
        "revenue": 2666.7,
        "sgaExpense": 516.9,
        "totalOperatingExpense": 2754.4,
        "year": 2020
      },
      {
        "costOfGoodsSold": 92.7,
        "depreciationAmortization": 21.5,
        "dilutedAverageSharesOutstanding": 217.7,
        "dilutedEPS": 2.05,
        "ebit": 421.7,
        "grossIncome": 2066,
        "interestExpense": 1.855,
        "interestIncomeExpense": 84.8,
        "netIncome": 446.9,
        "netIncomeAfterTaxes": 446.9,
        "nonRecurringItems": -19.7,
        "period": "2019-12-31",
        "pretaxIncome": 486.8,
        "provisionforIncomeTaxes": 39.9,
        "researchDevelopment": 1154.1,
        "revenue": 2158.8,
        "sgaExpense": 468.7,
        "totalOperatingExpense": 1644.4,
        "year": 2019
      },
      {
        "costOfGoodsSold": 72.6,
        "depreciationAmortization": 21.5,
        "dilutedAverageSharesOutstanding": 215.6,
        "dilutedEPS": 0.51,
        "ebit": 155.4,
        "grossIncome": 1809.3,
        "interestExpense": 1.543,
        "interestIncomeExpense": -45.6,
        "netIncome": 109.5,
        "netIncomeAfterTaxes": 109.5,
        "nonRecurringItems": -26.2,
        "period": "2018-12-31",
        "pretaxIncome": 115.3,
        "provisionforIncomeTaxes": 5.9,
        "researchDevelopment": 1198,
        "revenue": 1881.9,
        "sgaExpense": 434.4,
        "totalOperatingExpense": 1653.9,
        "totalOtherIncomeExpenseNet": 31.8,
        "year": 2018
      },
      {
        "costOfGoodsSold": 58,
        "depreciationAmortization": 21.5,
        "dilutedAverageSharesOutstanding": 204.6,
        "dilutedEPS": -1.53,
        "ebit": -235.7,
        "grossIncome": 1478.2,
        "interestExpense": 6.9,
        "interestIncomeExpense": -31.2,
        "netIncome": -313.1,
        "netIncomeAfterTaxes": -313.1,
        "nonRecurringItems": -7.7,
        "period": "2017-12-31",
        "pretaxIncome": -312.3,
        "provisionforIncomeTaxes": 0.9,
        "researchDevelopment": 1326.1,
        "revenue": 1536.2,
        "sgaExpense": 366.3,
        "totalOperatingExpense": 1713.9,
        "totalOtherIncomeExpenseNet": -37.7,
        "year": 2017
      },
      {
        "costOfGoodsSold": 45.6,
        "depreciationAmortization": 12.6,
        "dilutedAverageSharesOutstanding": 194.1,
        "dilutedEPS": 0.54,
        "ebit": 162.4,
        "grossIncome": 1060.1,
        "interestExpense": 38.745,
        "interestIncomeExpense": -37.6,
        "netIncome": 104.2,
        "netIncomeAfterTaxes": 104.2,
        "nonRecurringItems": -17.4,
        "period": "2016-12-31",
        "pretaxIncome": 107.4,
        "provisionforIncomeTaxes": 3.2,
        "researchDevelopment": 581.9,
        "revenue": 1105.7,
        "sgaExpense": 303.3,
        "totalOperatingExpense": 897.7,
        "year": 2016
      },
      {
        "costOfGoodsSold": 27,
        "dilutedAverageSharesOutstanding": 187.3,
        "dilutedEPS": 0.03,
        "ebit": 50.7,
        "grossIncome": 726.8,
        "interestExpense": 45.603,
        "interestIncomeExpense": -43.1,
        "netIncome": 6.5,
        "netIncomeAfterTaxes": 6.5,
        "nonRecurringItems": 0,
        "period": "2015-12-31",
        "pretaxIncome": 7.6,
        "provisionforIncomeTaxes": 1,
        "researchDevelopment": 479.5,
        "revenue": 753.8,
        "sgaExpense": 196.6,
        "totalOperatingExpense": 676.1,
        "totalOtherIncomeExpenseNet": 0,
        "year": 2015
      }
    ],
    "symbol": "INCY"
  }
}