{
  "symbol": "ADSK",
  "statement": "ic",
  "frequency": "quarterly",
  "timestamp": "2025-09-19T13:56:25.838492",
  "data": {
    "financials": [
      {
        "costOfGoodsSold": 159,
        "depreciationAmortization": 14,
        "dilutedAverageSharesOutstanding": 215,
        "dilutedEPS": 1.46,
        "ebit": 450,
        "grossIncome": 1604,
        "interestIncomeExpense": 12,
        "netIncome": 313,
        "netIncomeAfterTaxes": 313,
        "nonRecurringItems": -6,
        "period": "2025-07-31",
        "pretaxIncome": 456,
        "provisionforIncomeTaxes": 143,
        "researchDevelopment": 413,
        "revenue": 1763,
        "sgaExpense": 727,
        "totalOperatingExpense": 1154
      },
      {
        "costOfGoodsSold": 160,
        "depreciationAmortization": 13,
        "dilutedAverageSharesOutstanding": 216,
        "dilutedEPS": 0.7,
        "ebit": 338,
        "grossIncome": 1473,
        "interestIncomeExpense": 0,
        "netIncome": 152,
        "netIncomeAfterTaxes": 152,
        "nonRecurringItems": -105,
        "period": "2025-04-30",
        "pretaxIncome": 234,
        "provisionforIncomeTaxes": 82,
        "researchDevelopment": 394,
        "revenue": 1633,
        "sgaExpense": 728,
        "totalOperatingExpense": 1135,
        "totalOtherIncomeExpenseNet": 1
      },
      {
        "costOfGoodsSold": 154,
        "depreciationAmortization": 12,
        "dilutedAverageSharesOutstanding": 217,
        "dilutedEPS": 1.4,
        "ebit": 381,
        "grossIncome": 1485,
        "interestIncomeExpense": 5,
        "netIncome": 303,
        "netIncomeAfterTaxes": 303,
        "nonRecurringItems": -15,
        "period": "2025-01-31",
        "pretaxIncome": 372,
        "provisionforIncomeTaxes": 69,
        "researchDevelopment": 393,
        "revenue": 1639,
        "sgaExpense": 699,
        "totalOperatingExpense": 1104,
        "totalOtherIncomeExpenseNet": 1
      },
      {
        "costOfGoodsSold": 147,
        "depreciationAmortization": 13,
        "dilutedAverageSharesOutstanding": 217,
        "dilutedEPS": 1.27,
        "ebit": 346,
        "grossIncome": 1423,
        "interestIncomeExpense": 3,
        "netIncome": 275,
        "netIncomeAfterTaxes": 275,
        "period": "2024-10-31",
        "pretaxIncome": 351,
        "provisionforIncomeTaxes": 76,
        "researchDevelopment": 378,
        "revenue": 1570,
        "sgaExpense": 686,
        "totalOperatingExpense": 1077,
        "totalOtherIncomeExpenseNet": 2
      },
      {
        "costOfGoodsSold": 140,
        "depreciationAmortization": 13,
        "dilutedAverageSharesOutstanding": 217,
        "dilutedEPS": 1.3,
        "ebit": 343,
        "grossIncome": 1365,
        "interestIncomeExpense": 7,
        "netIncome": 282,
        "netIncomeAfterTaxes": 282,
        "period": "2024-07-31",
        "pretaxIncome": 352,
        "provisionforIncomeTaxes": 70,
        "researchDevelopment": 368,
        "revenue": 1505,
        "sgaExpense": 641,
        "totalOperatingExpense": 1022,
        "totalOtherIncomeExpenseNet": 2
      },
      {
        "costOfGoodsSold": 137,
        "depreciationAmortization": 11,
        "dilutedAverageSharesOutstanding": 217,
        "dilutedEPS": 1.16,
        "ebit": 299,
        "grossIncome": 1280,
        "interestIncomeExpense": 9,
        "netIncome": 252,
        "netIncomeAfterTaxes": 252,
        "period": "2024-04-30",
        "pretaxIncome": 309,
        "provisionforIncomeTaxes": 57,
        "researchDevelopment": 346,
        "revenue": 1417,
        "sgaExpense": 624,
        "totalOperatingExpense": 981,
        "totalOtherIncomeExpenseNet": 1
      },
      {
        "costOfGoodsSold": 130,
        "depreciationAmortization": 11,
        "dilutedAverageSharesOutstanding": 216,
        "dilutedEPS": 1.31,
        "ebit": 315,
        "grossIncome": 1339,
        "interestIncomeExpense": 20,
        "netIncome": 282,
        "netIncomeAfterTaxes": 282,
        "period": "2024-01-31",
        "pretaxIncome": 337,
        "provisionforIncomeTaxes": 55,
        "researchDevelopment": 352,
        "revenue": 1469,
        "sgaExpense": 661,
        "totalOperatingExpense": 1024,
        "totalOtherIncomeExpenseNet": 2
      },
      {
        "costOfGoodsSold": 127,
        "depreciationAmortization": 10,
        "dilutedAverageSharesOutstanding": 216,
        "dilutedEPS": 1.12,
        "ebit": 334,
        "grossIncome": 1287,
        "interestIncomeExpense": -13,
        "netIncome": 241,
        "netIncomeAfterTaxes": 241,
        "period": "2023-10-31",
        "pretaxIncome": 320,
        "provisionforIncomeTaxes": 79,
        "researchDevelopment": 339,
        "revenue": 1414,
        "sgaExpense": 604,
        "totalOperatingExpense": 953,
        "totalOtherIncomeExpenseNet": -1
      },
      {
        "costOfGoodsSold": 127,
        "depreciationAmortization": 11,
        "dilutedAverageSharesOutstanding": 215,
        "dilutedEPS": 1.03,
        "ebit": 262,
        "grossIncome": 1218,
        "interestIncomeExpense": -6,
        "netIncome": 222,
        "netIncomeAfterTaxes": 222,
        "period": "2023-07-31",
        "pretaxIncome": 258,
        "provisionforIncomeTaxes": 36,
        "researchDevelopment": 355,
        "revenue": 1345,
        "sgaExpense": 590,
        "totalOperatingExpense": 956,
        "totalOtherIncomeExpenseNet": 2
      },
      {
        "costOfGoodsSold": 127,
        "depreciationAmortization": 10,
        "dilutedAverageSharesOutstanding": 216,
        "dilutedEPS": 0.75,
        "ebit": 217,
        "grossIncome": 1142,
        "interestIncomeExpense": 3,
        "netIncome": 161,
        "netIncomeAfterTaxes": 161,
        "period": "2023-04-30",
        "pretaxIncome": 221,
        "provisionforIncomeTaxes": 60,
        "researchDevelopment": 327,
        "revenue": 1269,
        "sgaExpense": 588,
        "totalOperatingExpense": 925,
        "totalOtherIncomeExpenseNet": 1
      },
      {
        "costOfGoodsSold": 124,
        "depreciationAmortization": 10,
        "dilutedAverageSharesOutstanding": 218,
        "dilutedEPS": 1.34,
        "ebit": 277,
        "grossIncome": 1194,
        "interestIncomeExpense": -7,
        "netIncome": 293,
        "netIncomeAfterTaxes": 293,
        "period": "2023-01-31",
        "pretaxIncome": 277,
        "provisionforIncomeTaxes": -16,
        "researchDevelopment": 313,
        "revenue": 1318,
        "sgaExpense": 594,
        "totalOperatingExpense": 917,
        "totalOtherIncomeExpenseNet": 7
      },
      {
        "costOfGoodsSold": 120,
        "depreciationAmortization": 10,
        "dilutedAverageSharesOutstanding": 217,
        "dilutedEPS": 0.91,
        "ebit": 256,
        "grossIncome": 1160,
        "interestIncomeExpense": -15,
        "netIncome": 198,
        "netIncomeAfterTaxes": 198,
        "period": "2022-10-31",
        "pretaxIncome": 242,
        "provisionforIncomeTaxes": 44,
        "researchDevelopment": 311,
        "revenue": 1280,
        "sgaExpense": 583,
        "totalOperatingExpense": 904,
        "totalOtherIncomeExpenseNet": 1
      },
      {
        "costOfGoodsSold": 119,
        "depreciationAmortization": 9,
        "dilutedAverageSharesOutstanding": 218,
        "dilutedEPS": 0.85,
        "ebit": 242,
        "grossIncome": 1118,
        "interestIncomeExpense": -14,
        "netIncome": 186,
        "netIncomeAfterTaxes": 186,
        "period": "2022-07-31",
        "pretaxIncome": 232,
        "provisionforIncomeTaxes": 46,
        "researchDevelopment": 306,
        "revenue": 1237,
        "sgaExpense": 561,
        "totalOperatingExpense": 876,
        "totalOtherIncomeExpenseNet": 4
      },
      {
        "costOfGoodsSold": 117,
        "depreciationAmortization": 11,
        "dilutedAverageSharesOutstanding": 219,
        "dilutedEPS": 0.67,
        "ebit": 214,
        "grossIncome": 1053,
        "interestIncomeExpense": -19,
        "netIncome": 146,
        "netIncomeAfterTaxes": 146,
        "period": "2022-04-30",
        "pretaxIncome": 195,
        "provisionforIncomeTaxes": 49,
        "researchDevelopment": 289,
        "revenue": 1170,
        "sgaExpense": 539,
        "totalOperatingExpense": 839,
        "totalOtherIncomeExpenseNet": 0
      },
      {
        "costOfGoodsSold": 113.2,
        "depreciationAmortization": 10.3,
        "dilutedAverageSharesOutstanding": 221.1,
        "dilutedEPS": 0.4,
        "ebit": 142.4,
        "grossIncome": 1098.4,
        "interestIncomeExpense": -36.8,
        "netIncome": 89.1,
        "netIncomeAfterTaxes": 89.1,
        "nonRecurringItems": 0,
        "period": "2022-01-31",
        "pretaxIncome": 107.1,
        "provisionforIncomeTaxes": 18,
        "researchDevelopment": 290.3,
        "revenue": 1211.6,
        "sgaExpense": 655.4,
        "totalOperatingExpense": 956,
        "totalOtherIncomeExpenseNet": 1.5
      },
      {
        "costOfGoodsSold": 107.1,
        "depreciationAmortization": 11.1,
        "dilutedAverageSharesOutstanding": 222.5,
        "dilutedEPS": 0.61,
        "ebit": 193.3,
        "grossIncome": 1018.7,
        "interestIncomeExpense": -6.8,
        "netIncome": 136.7,
        "netIncomeAfterTaxes": 136.7,
        "period": "2021-10-31",
        "pretaxIncome": 187.4,
        "provisionforIncomeTaxes": 50.7,
        "researchDevelopment": 282.1,
        "revenue": 1125.8,
        "sgaExpense": 532.2,
        "totalOperatingExpense": 825.4,
        "totalOtherIncomeExpenseNet": 0.9
      },
      {
        "costOfGoodsSold": 105.4,
        "depreciationAmortization": 11.1,
        "dilutedAverageSharesOutstanding": 222.5,
        "dilutedEPS": 0.52,
        "ebit": 148.1,
        "grossIncome": 954.3,
        "interestIncomeExpense": -13.5,
        "netIncome": 115.6,
        "netIncomeAfterTaxes": 115.6,
        "period": "2021-07-31",
        "pretaxIncome": 138.8,
        "provisionforIncomeTaxes": 23.2,
        "researchDevelopment": 276.9,
        "revenue": 1059.7,
        "sgaExpense": 518.2,
        "totalOperatingExpense": 806.2,
        "totalOtherIncomeExpenseNet": 4.2
      },
      {
        "costOfGoodsSold": 92.8,
        "depreciationAmortization": 8.2,
        "dilutedAverageSharesOutstanding": 222,
        "dilutedEPS": 0.7,
        "ebit": 133.8,
        "grossIncome": 896.5,
        "interestIncomeExpense": -3.5,
        "netIncome": 155.6,
        "netIncomeAfterTaxes": 155.6,
        "period": "2021-04-30",
        "pretaxIncome": 131.4,
        "provisionforIncomeTaxes": -24.2,
        "researchDevelopment": 265.5,
        "revenue": 989.3,
        "sgaExpense": 489,
        "totalOperatingExpense": 762.7,
        "totalOtherIncomeExpenseNet": 1.1
      },
      {
        "costOfGoodsSold": 90.6,
        "depreciationAmortization": 8.7,
        "dilutedAverageSharesOutstanding": 222.1,
        "dilutedEPS": 4.1,
        "ebit": 184.4,
        "grossIncome": 948.6,
        "interestIncomeExpense": -15.1,
        "netIncome": 911.3,
        "netIncomeAfterTaxes": 911.3,
        "nonRecurringItems": 0,
        "period": "2021-01-31",
        "pretaxIncome": 171.1,
        "provisionforIncomeTaxes": -740.2,
        "researchDevelopment": 249.6,
        "revenue": 1039.2,
        "sgaExpense": 505.9,
        "totalOperatingExpense": 764.2,
        "totalOtherIncomeExpenseNet": 1.8
      },
      {
        "costOfGoodsSold": 83.7,
        "depreciationAmortization": 9.6,
        "dilutedAverageSharesOutstanding": 222.3,
        "dilutedEPS": 0.59,
        "ebit": 168,
        "grossIncome": 868.7,
        "interestIncomeExpense": -15.9,
        "netIncome": 132.2,
        "netIncomeAfterTaxes": 132.2,
        "nonRecurringItems": 0,
        "period": "2020-10-31",
        "pretaxIncome": 156.1,
        "provisionforIncomeTaxes": 23.9,
        "researchDevelopment": 233,
        "revenue": 952.4,
        "sgaExpense": 458.1,
        "totalOperatingExpense": 700.7,
        "totalOtherIncomeExpenseNet": 4
      },
      {
        "costOfGoodsSold": 80.9,
        "depreciationAmortization": 9.5,
        "dilutedAverageSharesOutstanding": 222.2,
        "dilutedEPS": 0.44,
        "ebit": 146.1,
        "grossIncome": 832.2,
        "interestIncomeExpense": -17.6,
        "netIncome": 98.2,
        "netIncomeAfterTaxes": 98.2,
        "nonRecurringItems": 0,
        "period": "2020-07-31",
        "pretaxIncome": 129,
        "provisionforIncomeTaxes": 30.8,
        "researchDevelopment": 232.5,
        "revenue": 913.1,
        "sgaExpense": 444.1,
        "totalOperatingExpense": 686.1,
        "totalOtherIncomeExpenseNet": 0.5
      },
      {
        "costOfGoodsSold": 81.9,
        "depreciationAmortization": 9.7,
        "dilutedAverageSharesOutstanding": 221.3,
        "dilutedEPS": 0.3,
        "ebit": 130.6,
        "grossIncome": 803.8,
        "interestIncomeExpense": -40.7,
        "netIncome": 66.5,
        "netIncomeAfterTaxes": 66.5,
        "nonRecurringItems": 0,
        "period": "2020-04-30",
        "pretaxIncome": 90.5,
        "provisionforIncomeTaxes": 24,
        "researchDevelopment": 217.4,
        "revenue": 885.7,
        "sgaExpense": 446.1,
        "totalOperatingExpense": 673.2,
        "totalOtherIncomeExpenseNet": 0.6
      },
      {
        "costOfGoodsSold": 83.2,
        "depreciationAmortization": 9.7,
        "dilutedAverageSharesOutstanding": 223.7,
        "dilutedEPS": 0.58,
        "ebit": 133.8,
        "grossIncome": 816.1,
        "interestIncomeExpense": -10.3,
        "netIncome": 131.8,
        "netIncomeAfterTaxes": 141.4,
        "nonRecurringItems": 0,
        "period": "2020-01-31",
        "pretaxIncome": 123.3,
        "provisionforIncomeTaxes": -18.1,
        "researchDevelopment": 217.1,
        "revenue": 899.3,
        "sgaExpense": 455.5,
        "totalOperatingExpense": 682.3,
        "totalOtherIncomeExpenseNet": -0.2
      },
      {
        "costOfGoodsSold": 79.5,
        "depreciationAmortization": 9.7,
        "dilutedAverageSharesOutstanding": 221.9,
        "dilutedEPS": 0.3,
        "ebit": 110.7,
        "grossIncome": 763.2,
        "interestIncomeExpense": -14.9,
        "netIncome": 66.7,
        "netIncomeAfterTaxes": 66.7,
        "nonRecurringItems": -0.1,
        "period": "2019-10-31",
        "pretaxIncome": 96.4,
        "provisionforIncomeTaxes": 29.7,
        "researchDevelopment": 213,
        "revenue": 842.7,
        "sgaExpense": 429.8,
        "totalOperatingExpense": 652.5,
        "totalOtherIncomeExpenseNet": 0.7
      },
      {
        "costOfGoodsSold": 79.5,
        "depreciationAmortization": 9.7,
        "dilutedAverageSharesOutstanding": 222.4,
        "dilutedEPS": 0.18,
        "ebit": 74,
        "grossIncome": 717.3,
        "interestIncomeExpense": -10.9,
        "netIncome": 40.2,
        "netIncomeAfterTaxes": 40.2,
        "nonRecurringItems": -0.2,
        "period": "2019-07-31",
        "pretaxIncome": 66.5,
        "provisionforIncomeTaxes": 26.3,
        "researchDevelopment": 215.4,
        "revenue": 796.8,
        "sgaExpense": 418.2,
        "totalOperatingExpense": 643.3,
        "totalOtherIncomeExpenseNet": 3.6
      },
      {
        "costOfGoodsSold": 82.7,
        "depreciationAmortization": 9.8,
        "dilutedAverageSharesOutstanding": 219.6,
        "dilutedEPS": -0.11,
        "ebit": 25,
        "grossIncome": 652.8,
        "interestIncomeExpense": -17.3,
        "netIncome": -24.2,
        "netIncomeAfterTaxes": -24.2,
        "nonRecurringItems": -0.2,
        "period": "2019-04-30",
        "pretaxIncome": 8.6,
        "provisionforIncomeTaxes": 32.8,
        "researchDevelopment": 205.6,
        "revenue": 735.5,
        "sgaExpense": 412.4,
        "totalOperatingExpense": 627.8,
        "totalOtherIncomeExpenseNet": 1.1
      },
      {
        "costOfGoodsSold": 77,
        "depreciationAmortization": 6.2,
        "dilutedAverageSharesOutstanding": 219.5,
        "dilutedEPS": 0.29,
        "ebit": 42.2,
        "grossIncome": 660.3,
        "interestIncomeExpense": -12.6,
        "netIncome": 64.7,
        "netIncomeAfterTaxes": 48.7,
        "nonRecurringItems": -1.9,
        "period": "2019-01-31",
        "pretaxIncome": 33,
        "provisionforIncomeTaxes": -15.7,
        "researchDevelopment": 190.4,
        "revenue": 737.3,
        "sgaExpense": 421.5,
        "totalOperatingExpense": 618.1,
        "totalOtherIncomeExpenseNet": 5.3
      },
      {
        "costOfGoodsSold": 72.3,
        "depreciationAmortization": 4.2,
        "dilutedAverageSharesOutstanding": 218.9,
        "dilutedEPS": -0.11,
        "ebit": 18.4,
        "grossIncome": 588.6,
        "interestIncomeExpense": -10.6,
        "netIncome": -23.7,
        "netIncomeAfterTaxes": -23.7,
        "nonRecurringItems": -3.7,
        "period": "2018-10-31",
        "pretaxIncome": 11.5,
        "provisionforIncomeTaxes": 35.2,
        "researchDevelopment": 181,
        "revenue": 660.9,
        "sgaExpense": 385,
        "totalOperatingExpense": 570.2,
        "totalOtherIncomeExpenseNet": 7.4
      },
      {
        "costOfGoodsSold": 69.8,
        "depreciationAmortization": 3.8,
        "dilutedAverageSharesOutstanding": 219,
        "dilutedEPS": -0.18,
        "ebit": -10.9,
        "grossIncome": 541.9,
        "interestIncomeExpense": -2.9,
        "netIncome": -39.4,
        "netIncomeAfterTaxes": -39.4,
        "nonRecurringItems": -13.8,
        "period": "2018-07-31",
        "pretaxIncome": -23.4,
        "provisionforIncomeTaxes": 16,
        "researchDevelopment": 180.8,
        "revenue": 611.7,
        "sgaExpense": 368.2,
        "totalOperatingExpense": 552.8,
        "totalOtherIncomeExpenseNet": 4.2
      },
      {
        "costOfGoodsSold": 66.8,
        "depreciationAmortization": 3.8,
        "dilutedAverageSharesOutstanding": 218.6,
        "dilutedEPS": -0.38,
        "ebit": -32.8,
        "grossIncome": 493.1,
        "interestIncomeExpense": -8.4,
        "netIncome": -82.4,
        "netIncomeAfterTaxes": -82.4,
        "nonRecurringItems": -22.5,
        "period": "2018-04-30",
        "pretaxIncome": -63.8,
        "provisionforIncomeTaxes": 18.6,
        "researchDevelopment": 172.8,
        "revenue": 559.9,
        "sgaExpense": 349.3,
        "totalOperatingExpense": 525.9,
        "totalOtherIncomeExpenseNet": -0.1
      },
      {
        "costOfGoodsSold": 73.1,
        "depreciationAmortization": 4.9,
        "dilutedAverageSharesOutstanding": 218.9,
        "dilutedEPS": -0.79,
        "ebit": -88,
        "grossIncome": 480.7,
        "interestIncomeExpense": -17.4,
        "netIncome": -173.5,
        "netIncomeAfterTaxes": 234.9,
        "nonRecurringItems": -93.9,
        "period": "2018-01-31",
        "pretaxIncome": -198.3,
        "provisionforIncomeTaxes": -433.2,
        "researchDevelopment": 182.2,
        "revenue": 553.8,
        "sgaExpense": 381.6,
        "totalOperatingExpense": 568.7,
        "totalOtherIncomeExpenseNet": 1
      },
      {
        "costOfGoodsSold": 77.5,
        "depreciationAmortization": 4.7,
        "dilutedAverageSharesOutstanding": 219.6,
        "dilutedEPS": -0.55,
        "ebit": -100,
        "grossIncome": 437.8,
        "interestIncomeExpense": -11.4,
        "netIncome": -119.8,
        "netIncomeAfterTaxes": -119.8,
        "nonRecurringItems": 0,
        "period": "2017-10-31",
        "pretaxIncome": -111.2,
        "provisionforIncomeTaxes": 8.6,
        "researchDevelopment": 191.8,
        "revenue": 515.3,
        "sgaExpense": 341.3,
        "totalOperatingExpense": 537.8,
        "totalOtherIncomeExpenseNet": 0.2
      },
      {
        "costOfGoodsSold": 74.6,
        "depreciationAmortization": 4.9,
        "dilutedAverageSharesOutstanding": 219.5,
        "dilutedEPS": -0.66,
        "ebit": -107.1,
        "grossIncome": 427.2,
        "interestIncomeExpense": -23.2,
        "netIncome": -144,
        "netIncomeAfterTaxes": -144,
        "nonRecurringItems": -0.5,
        "period": "2017-07-31",
        "pretaxIncome": -126.4,
        "provisionforIncomeTaxes": 17.6,
        "researchDevelopment": 193.8,
        "revenue": 501.8,
        "sgaExpense": 335.6,
        "totalOperatingExpense": 534.3,
        "totalOtherIncomeExpenseNet": 4.4
      },
      {
        "costOfGoodsSold": 78.2,
        "depreciationAmortization": 5.7,
        "dilutedAverageSharesOutstanding": 219.9,
        "dilutedEPS": -0.59,
        "ebit": -119.9,
        "grossIncome": 407.5,
        "interestIncomeExpense": -2.2,
        "netIncome": -129.6,
        "netIncomeAfterTaxes": -129.6,
        "nonRecurringItems": 0.3,
        "period": "2017-04-30",
        "pretaxIncome": -121.4,
        "provisionforIncomeTaxes": 8.2,
        "researchDevelopment": 187.7,
        "revenue": 485.7,
        "sgaExpense": 334,
        "totalOperatingExpense": 527.4,
        "totalOtherIncomeExpenseNet": 0.4
      },
      {
        "costOfGoodsSold": 82.9,
        "depreciationAmortization": 9.3,
        "dilutedAverageSharesOutstanding": 222.308,
        "dilutedEPS": -0.78,
        "ebit": -158.1,
        "grossIncome": 395.9,
        "interestIncomeExpense": -8.1,
        "netIncome": -173.4,
        "netIncomeAfterTaxes": -173.4,
        "nonRecurringItems": -9,
        "period": "2017-01-31",
        "pretaxIncome": -168.2,
        "provisionforIncomeTaxes": 5.2,
        "researchDevelopment": 187,
        "revenue": 478.8,
        "sgaExpense": 357.7,
        "totalOperatingExpense": 554,
        "totalOtherIncomeExpenseNet": 7
      },
      {
        "costOfGoodsSold": 81.5,
        "depreciationAmortization": 6.8,
        "dilutedAverageSharesOutstanding": 222.3,
        "dilutedEPS": -0.64,
        "ebit": -116.7,
        "grossIncome": 408.1,
        "interestIncomeExpense": -8.9,
        "netIncome": -142.8,
        "netIncomeAfterTaxes": -142.8,
        "nonRecurringItems": -3.2,
        "period": "2016-10-31",
        "pretaxIncome": -129.3,
        "provisionforIncomeTaxes": 13.5,
        "researchDevelopment": 192.6,
        "revenue": 489.6,
        "sgaExpense": 325.4,
        "totalOperatingExpense": 524.8,
        "totalOtherIncomeExpenseNet": -0.5
      },
      {
        "costOfGoodsSold": 85.1,
        "depreciationAmortization": 7.8,
        "dilutedAverageSharesOutstanding": 223.2,
        "dilutedEPS": -0.44,
        "ebit": -46.9,
        "grossIncome": 465.6,
        "interestIncomeExpense": -11,
        "netIncome": -98.2,
        "netIncomeAfterTaxes": -98.2,
        "nonRecurringItems": -16,
        "period": "2016-07-31",
        "pretaxIncome": -73,
        "provisionforIncomeTaxes": 25.2,
        "researchDevelopment": 193,
        "revenue": 550.7,
        "sgaExpense": 311.7,
        "totalOperatingExpense": 512.5,
        "totalOtherIncomeExpenseNet": 0.9
      },
      {
        "costOfGoodsSold": 92.4,
        "depreciationAmortization": 7.9,
        "dilutedAverageSharesOutstanding": 224.4,
        "dilutedEPS": -0.75,
        "ebit": -97.4,
        "grossIncome": 419.5,
        "interestIncomeExpense": -4.7,
        "netIncome": -167.7,
        "netIncomeAfterTaxes": -167.7,
        "nonRecurringItems": -52.3,
        "period": "2016-04-30",
        "pretaxIncome": -153.3,
        "provisionforIncomeTaxes": 14.4,
        "researchDevelopment": 193.5,
        "revenue": 511.9,
        "sgaExpense": 315.5,
        "totalOperatingExpense": 516.9,
        "totalOtherIncomeExpenseNet": 1.1
      },
      {
        "costOfGoodsSold": 94.9,
        "depreciationAmortization": 8,
        "dilutedAverageSharesOutstanding": 224.5,
        "dilutedEPS": -0.17,
        "ebit": -9.7,
        "grossIncome": 553.4,
        "interestIncomeExpense": -10.8,
        "netIncome": -37.2,
        "netIncomeAfterTaxes": -37.2,
        "nonRecurringItems": 0,
        "period": "2016-01-31",
        "pretaxIncome": -20.5,
        "provisionforIncomeTaxes": 16.7,
        "researchDevelopment": 204.5,
        "revenue": 648.3,
        "sgaExpense": 350.6,
        "totalOperatingExpense": 563.1,
        "totalOtherIncomeExpenseNet": 0
      },
      {
        "costOfGoodsSold": 91,
        "depreciationAmortization": 8.1,
        "dilutedAverageSharesOutstanding": 225.3,
        "dilutedEPS": -0.19,
        "ebit": -14.8,
        "grossIncome": 508.8,
        "interestIncomeExpense": -11.4,
        "netIncome": -43.8,
        "netIncomeAfterTaxes": -43.8,
        "nonRecurringItems": 0,
        "period": "2015-10-31",
        "pretaxIncome": -22.5,
        "provisionforIncomeTaxes": 21.3,
        "researchDevelopment": 197.9,
        "revenue": 599.8,
        "sgaExpense": 317.6,
        "totalOperatingExpense": 523.6,
        "totalOtherIncomeExpenseNet": 3.7
      }
    ],
    "symbol": "ADSK"
  }
}