{
  "symbol": "IDXX",
  "statement": "ic",
  "frequency": "quarterly",
  "timestamp": "2025-09-19T14:01:55.683035",
  "data": {
    "financials": [
      {
        "costOfGoodsSold": 414.725,
        "dilutedAverageSharesOutstanding": 80.994,
        "dilutedEPS": 3.6298,
        "ebit": 373.046,
        "grossIncome": 694.732,
        "interestExpense": 11.321,
        "interestIncomeExpense": -10.694,
        "netIncome": 293.989,
        "netIncomeAfterTaxes": 293.989,
        "period": "2025-06-30",
        "pretaxIncome": 362.352,
        "provisionforIncomeTaxes": 68.363,
        "researchDevelopment": 61.898,
        "revenue": 1109.457,
        "sgaExpense": 259.788,
        "totalOperatingExpense": 321.686
      },
      {
        "costOfGoodsSold": 375.048,
        "dilutedAverageSharesOutstanding": 81.922,
        "dilutedEPS": 2.9623,
        "ebit": 316.534,
        "grossIncome": 623.379,
        "interestExpense": 7.666,
        "interestIncomeExpense": -6.45,
        "netIncome": 242.677,
        "netIncomeAfterTaxes": 242.677,
        "period": "2025-03-31",
        "pretaxIncome": 310.084,
        "provisionforIncomeTaxes": 67.407,
        "researchDevelopment": 59.061,
        "revenue": 998.427,
        "sgaExpense": 247.784,
        "totalOperatingExpense": 306.845
      },
      {
        "costOfGoodsSold": 383.628,
        "dilutedAverageSharesOutstanding": 82.55,
        "dilutedEPS": 2.6184,
        "ebit": 261.686,
        "grossIncome": 570.66,
        "interestExpense": 7.498,
        "interestIncomeExpense": -5.299,
        "netIncome": 216.149,
        "netIncomeAfterTaxes": 216.149,
        "period": "2024-12-31",
        "pretaxIncome": 256.387,
        "provisionforIncomeTaxes": 40.238,
        "researchDevelopment": 57.729,
        "revenue": 954.288,
        "sgaExpense": 251.245,
        "totalOperatingExpense": 308.974
      },
      {
        "costOfGoodsSold": 379.505,
        "dilutedAverageSharesOutstanding": 83.056,
        "dilutedEPS": 2.8034,
        "ebit": 303.892,
        "grossIncome": 596.038,
        "interestExpense": 7.697,
        "interestIncomeExpense": -4.983,
        "netIncome": 232.841,
        "netIncomeAfterTaxes": 232.841,
        "period": "2024-09-30",
        "pretaxIncome": 298.909,
        "provisionforIncomeTaxes": 66.068,
        "researchDevelopment": 53.978,
        "revenue": 975.543,
        "sgaExpense": 238.168,
        "totalOperatingExpense": 292.146
      },
      {
        "costOfGoodsSold": 384.419,
        "dilutedAverageSharesOutstanding": 83.393,
        "dilutedEPS": 2.4378,
        "ebit": 263.801,
        "grossIncome": 619.159,
        "interestExpense": 8.099,
        "interestIncomeExpense": -4.745,
        "netIncome": 203.298,
        "netIncomeAfterTaxes": 203.298,
        "period": "2024-06-30",
        "pretaxIncome": 259.056,
        "provisionforIncomeTaxes": 55.758,
        "researchDevelopment": 55.45,
        "revenue": 1003.578,
        "sgaExpense": 299.908,
        "totalOperatingExpense": 355.358
      },
      {
        "costOfGoodsSold": 371.025,
        "dilutedAverageSharesOutstanding": 83.957,
        "dilutedEPS": 2.806,
        "ebit": 298.958,
        "grossIncome": 593.07,
        "interestExpense": 7.911,
        "interestIncomeExpense": -3.479,
        "netIncome": 235.579,
        "netIncomeAfterTaxes": 235.579,
        "period": "2024-03-31",
        "pretaxIncome": 295.479,
        "provisionforIncomeTaxes": 59.9,
        "researchDevelopment": 52.635,
        "revenue": 964.095,
        "sgaExpense": 241.477,
        "totalOperatingExpense": 294.112
      },
      {
        "costOfGoodsSold": 375.434,
        "dilutedAverageSharesOutstanding": 83.942,
        "dilutedEPS": 2.3173,
        "ebit": 245.302,
        "grossIncome": 526.167,
        "interestExpense": 9.265,
        "interestIncomeExpense": -5.634,
        "minorityInterest": 0,
        "netIncome": 194.521,
        "netIncomeAfterTaxes": 194.521,
        "period": "2023-12-31",
        "pretaxIncome": 239.668,
        "provisionforIncomeTaxes": 45.147,
        "researchDevelopment": 51.812,
        "revenue": 901.601,
        "sgaExpense": 229.053,
        "totalOperatingExpense": 280.865
      },
      {
        "costOfGoodsSold": 367.5,
        "dilutedAverageSharesOutstanding": 84,
        "dilutedEPS": 2.53,
        "ebit": 275.3,
        "grossIncome": 548,
        "interestExpense": 8.647,
        "interestIncomeExpense": -7.4,
        "netIncome": 212.2,
        "netIncomeAfterTaxes": 212.2,
        "period": "2023-09-30",
        "pretaxIncome": 267.9,
        "provisionforIncomeTaxes": 55.7,
        "researchDevelopment": 48,
        "revenue": 915.5,
        "sgaExpense": 224.7,
        "totalOperatingExpense": 272.7
      },
      {
        "costOfGoodsSold": 370.8,
        "dilutedAverageSharesOutstanding": 84,
        "dilutedEPS": 2.67,
        "ebit": 296.1,
        "grossIncome": 572.9,
        "interestExpense": 10.542,
        "interestIncomeExpense": -10.2,
        "netIncome": 224.2,
        "netIncomeAfterTaxes": 224.2,
        "period": "2023-06-30",
        "pretaxIncome": 285.9,
        "provisionforIncomeTaxes": 61.7,
        "researchDevelopment": 46.5,
        "revenue": 943.6,
        "sgaExpense": 230.2,
        "totalOperatingExpense": 276.7
      },
      {
        "costOfGoodsSold": 357.2,
        "dilutedAverageSharesOutstanding": 84,
        "dilutedEPS": 2.55,
        "ebit": 280.4,
        "grossIncome": 543,
        "interestExpense": 13.127,
        "interestIncomeExpense": -12.7,
        "netIncome": 214.1,
        "netIncomeAfterTaxes": 214.1,
        "period": "2023-03-31",
        "pretaxIncome": 267.7,
        "provisionforIncomeTaxes": 53.6,
        "researchDevelopment": 44.7,
        "revenue": 900.2,
        "sgaExpense": 217.9,
        "totalOperatingExpense": 262.6
      },
      {
        "costOfGoodsSold": 343.6,
        "dilutedAverageSharesOutstanding": 83.8,
        "dilutedEPS": 2.05,
        "ebit": 226.5,
        "grossIncome": 484.9,
        "interestExpense": 13.547,
        "interestIncomeExpense": -13.3,
        "minorityInterest": 0,
        "netIncome": 172.2,
        "netIncomeAfterTaxes": 172.2,
        "period": "2022-12-31",
        "pretaxIncome": 213.2,
        "provisionforIncomeTaxes": 41,
        "researchDevelopment": 43.4,
        "revenue": 828.6,
        "sgaExpense": 215,
        "totalOperatingExpense": 258.4
      },
      {
        "costOfGoodsSold": 335,
        "dilutedAverageSharesOutstanding": 84.1,
        "dilutedEPS": 2.15,
        "ebit": 244.8,
        "grossIncome": 506.6,
        "interestExpense": 10.998,
        "interestIncomeExpense": -10.6,
        "minorityInterest": 0,
        "netIncome": 180.9,
        "netIncomeAfterTaxes": 180.9,
        "period": "2022-09-30",
        "pretaxIncome": 234.2,
        "provisionforIncomeTaxes": 53.2,
        "researchDevelopment": 48,
        "revenue": 841.7,
        "sgaExpense": 213.8,
        "totalOperatingExpense": 261.8
      },
      {
        "costOfGoodsSold": 346.5,
        "dilutedAverageSharesOutstanding": 84.9,
        "dilutedEPS": 1.56,
        "ebit": 179.1,
        "grossIncome": 514,
        "interestExpense": 8.317,
        "interestIncomeExpense": -8,
        "minorityInterest": 0,
        "netIncome": 132,
        "netIncomeAfterTaxes": 132,
        "period": "2022-06-30",
        "pretaxIncome": 171.1,
        "provisionforIncomeTaxes": 39.1,
        "researchDevelopment": 123.2,
        "revenue": 860.5,
        "sgaExpense": 211.7,
        "totalOperatingExpense": 335
      },
      {
        "costOfGoodsSold": 337.8,
        "dilutedAverageSharesOutstanding": 85.6,
        "dilutedEPS": 2.27,
        "ebit": 248.3,
        "grossIncome": 498.8,
        "interestExpense": 6.996,
        "interestIncomeExpense": -6.9,
        "minorityInterest": 0,
        "netIncome": 194,
        "netIncomeAfterTaxes": 194,
        "period": "2022-03-31",
        "pretaxIncome": 241.5,
        "provisionforIncomeTaxes": 47.5,
        "researchDevelopment": 40.2,
        "revenue": 836.5,
        "sgaExpense": 210.2,
        "totalOperatingExpense": 250.4
      },
      {
        "costOfGoodsSold": 344.7,
        "dilutedAverageSharesOutstanding": 86.2,
        "dilutedEPS": 1.89,
        "ebit": 199.2,
        "grossIncome": 456.4,
        "interestExpense": 7.477,
        "interestIncomeExpense": -7.3,
        "minorityInterest": 0,
        "netIncome": 162.8,
        "netIncomeAfterTaxes": 162.8,
        "period": "2021-12-31",
        "pretaxIncome": 191.9,
        "provisionforIncomeTaxes": 29.1,
        "researchDevelopment": 45.3,
        "revenue": 801.1,
        "sgaExpense": 211.9,
        "totalOperatingExpense": 257.2
      },
      {
        "costOfGoodsSold": 337.5,
        "dilutedAverageSharesOutstanding": 86.5,
        "dilutedEPS": 2.03,
        "ebit": 226,
        "grossIncome": 472.9,
        "interestExpense": 7.134,
        "interestIncomeExpense": -7,
        "minorityInterest": 0.1,
        "netIncome": 175.2,
        "netIncomeAfterTaxes": 175.2,
        "period": "2021-09-30",
        "pretaxIncome": 219,
        "provisionforIncomeTaxes": 43.8,
        "researchDevelopment": 40.4,
        "revenue": 810.4,
        "sgaExpense": 206.5,
        "totalOperatingExpense": 247
      },
      {
        "costOfGoodsSold": 336.8,
        "dilutedAverageSharesOutstanding": 86.7,
        "dilutedEPS": 2.34,
        "ebit": 259.3,
        "grossIncome": 489.3,
        "interestExpense": 7.613,
        "interestIncomeExpense": -7.5,
        "minorityInterest": 0,
        "netIncome": 202.6,
        "netIncomeAfterTaxes": 202.6,
        "period": "2021-06-30",
        "pretaxIncome": 251.7,
        "provisionforIncomeTaxes": 49.1,
        "researchDevelopment": 37.7,
        "revenue": 826.1,
        "sgaExpense": 192.4,
        "totalOperatingExpense": 230.1
      },
      {
        "costOfGoodsSold": 306.9,
        "dilutedAverageSharesOutstanding": 86.9,
        "dilutedEPS": 2.35,
        "ebit": 247.6,
        "grossIncome": 470.8,
        "interestExpense": 7.584,
        "interestIncomeExpense": -7.5,
        "minorityInterest": 0,
        "netIncome": 204.3,
        "netIncomeAfterTaxes": 204.3,
        "period": "2021-03-31",
        "pretaxIncome": 240.1,
        "provisionforIncomeTaxes": 35.8,
        "researchDevelopment": 37.6,
        "revenue": 777.7,
        "sgaExpense": 185.6,
        "totalOperatingExpense": 223.2
      },
      {
        "costOfGoodsSold": 311.4,
        "dilutedAverageSharesOutstanding": 87,
        "dilutedEPS": 2.01,
        "ebit": 185.1,
        "grossIncome": 409.5,
        "interestExpense": 7.828,
        "interestIncomeExpense": -7.7,
        "minorityInterest": -0.2,
        "netIncome": 174.8,
        "netIncomeAfterTaxes": 175,
        "period": "2020-12-31",
        "pretaxIncome": 177.4,
        "provisionforIncomeTaxes": 2.5,
        "researchDevelopment": 38.8,
        "revenue": 720.9,
        "sgaExpense": 185.6,
        "totalOperatingExpense": 224.4
      },
      {
        "costOfGoodsSold": 299.2,
        "dilutedAverageSharesOutstanding": 86.7,
        "dilutedEPS": 1.69,
        "ebit": 171.9,
        "grossIncome": 422.6,
        "interestExpense": 8.11,
        "interestIncomeExpense": -7.9,
        "minorityInterest": -0.1,
        "netIncome": 146.2,
        "netIncomeAfterTaxes": 146.3,
        "period": "2020-09-30",
        "pretaxIncome": 164,
        "provisionforIncomeTaxes": 17.6,
        "researchDevelopment": 37.5,
        "revenue": 721.8,
        "sgaExpense": 213.2,
        "totalOperatingExpense": 250.7
      },
      {
        "costOfGoodsSold": 258.3,
        "dilutedAverageSharesOutstanding": 86.4,
        "dilutedEPS": 1.72,
        "ebit": 193.2,
        "grossIncome": 379.3,
        "interestExpense": 9.495,
        "interestIncomeExpense": -9.4,
        "minorityInterest": -0.1,
        "netIncome": 148.9,
        "netIncomeAfterTaxes": 149,
        "period": "2020-06-30",
        "pretaxIncome": 183.8,
        "provisionforIncomeTaxes": 34.8,
        "researchDevelopment": 31.6,
        "revenue": 637.6,
        "sgaExpense": 154.4,
        "totalOperatingExpense": 186
      },
      {
        "costOfGoodsSold": 266.7,
        "dilutedAverageSharesOutstanding": 86.7,
        "dilutedEPS": 1.29,
        "ebit": 144.3,
        "grossIncome": 359.6,
        "interestExpense": 7.692,
        "interestIncomeExpense": -7.6,
        "minorityInterest": 0,
        "netIncome": 111.8,
        "netIncomeAfterTaxes": 111.9,
        "period": "2020-03-31",
        "pretaxIncome": 136.8,
        "provisionforIncomeTaxes": 24.9,
        "researchDevelopment": 33.3,
        "revenue": 626.3,
        "sgaExpense": 182,
        "totalOperatingExpense": 215.3
      },
      {
        "costOfGoodsSold": 274.3,
        "dilutedAverageSharesOutstanding": 87.3,
        "dilutedEPS": 1.04,
        "ebit": 115.6,
        "grossIncome": 331.1,
        "interestExpense": 7.393,
        "interestIncomeExpense": -7.1,
        "minorityInterest": 0,
        "netIncome": 90.5,
        "netIncomeAfterTaxes": 90.5,
        "period": "2019-12-31",
        "pretaxIncome": 108.5,
        "provisionforIncomeTaxes": 18,
        "researchDevelopment": 35.2,
        "revenue": 605.4,
        "sgaExpense": 180.4,
        "totalOperatingExpense": 215.5
      },
      {
        "costOfGoodsSold": 260.4,
        "dilutedAverageSharesOutstanding": 87.7,
        "dilutedEPS": 1.24,
        "ebit": 139.8,
        "grossIncome": 345,
        "interestExpense": 7.09,
        "interestIncomeExpense": -7,
        "minorityInterest": 0,
        "netIncome": 108.8,
        "netIncomeAfterTaxes": 108.8,
        "period": "2019-09-30",
        "pretaxIncome": 132.8,
        "provisionforIncomeTaxes": 24,
        "researchDevelopment": 34.3,
        "revenue": 605.3,
        "sgaExpense": 170.9,
        "totalOperatingExpense": 205.1
      },
      {
        "costOfGoodsSold": 262.3,
        "dilutedAverageSharesOutstanding": 87.6,
        "dilutedEPS": 1.43,
        "ebit": 164.3,
        "grossIncome": 357.9,
        "interestExpense": 8.186,
        "interestIncomeExpense": -8.2,
        "minorityInterest": 0,
        "netIncome": 125.7,
        "netIncomeAfterTaxes": 125.7,
        "period": "2019-06-30",
        "pretaxIncome": 156.1,
        "provisionforIncomeTaxes": 30.4,
        "researchDevelopment": 32.3,
        "revenue": 620.1,
        "sgaExpense": 161.3,
        "totalOperatingExpense": 193.5
      },
      {
        "costOfGoodsSold": 244.5,
        "dilutedAverageSharesOutstanding": 87.5,
        "dilutedEPS": 1.17,
        "ebit": 133.1,
        "grossIncome": 331.6,
        "interestExpense": 8.386,
        "interestIncomeExpense": -8.3,
        "minorityInterest": 0,
        "netIncome": 102.7,
        "netIncomeAfterTaxes": 102.7,
        "period": "2019-03-31",
        "pretaxIncome": 124.8,
        "provisionforIncomeTaxes": 22.1,
        "researchDevelopment": 31.5,
        "revenue": 576.1,
        "sgaExpense": 166.9,
        "totalOperatingExpense": 198.4
      },
      {
        "costOfGoodsSold": 249,
        "dilutedAverageSharesOutstanding": 87.8,
        "dilutedEPS": 0.97,
        "ebit": 115.3,
        "grossIncome": 300.4,
        "interestExpense": 8.56,
        "interestIncomeExpense": -8.3,
        "minorityInterest": 0,
        "netIncome": 85.6,
        "netIncomeAfterTaxes": 87.8,
        "nonRecurringItems": 0,
        "period": "2018-12-31",
        "pretaxIncome": 107,
        "provisionforIncomeTaxes": 19.3,
        "researchDevelopment": 30.1,
        "revenue": 549.4,
        "sgaExpense": 154.9,
        "totalOperatingExpense": 185
      },
      {
        "costOfGoodsSold": 239.8,
        "dilutedAverageSharesOutstanding": 88.5,
        "dilutedEPS": 1.05,
        "ebit": 120,
        "grossIncome": 305.6,
        "interestExpense": 8.453,
        "interestIncomeExpense": -8.3,
        "minorityInterest": 0,
        "netIncome": 93.3,
        "netIncomeAfterTaxes": 93.2,
        "nonRecurringItems": -2.6,
        "period": "2018-09-30",
        "pretaxIncome": 109,
        "provisionforIncomeTaxes": 15.8,
        "researchDevelopment": 29.2,
        "revenue": 545.4,
        "sgaExpense": 156.5,
        "totalOperatingExpense": 185.7
      },
      {
        "costOfGoodsSold": 248.3,
        "dilutedAverageSharesOutstanding": 88.6,
        "dilutedEPS": 1.23,
        "ebit": 145.6,
        "grossIncome": 332.4,
        "interestExpense": 8.457,
        "interestIncomeExpense": -8.3,
        "minorityInterest": 0,
        "netIncome": 108.7,
        "netIncomeAfterTaxes": 108.7,
        "period": "2018-06-30",
        "pretaxIncome": 137.3,
        "provisionforIncomeTaxes": 28.6,
        "researchDevelopment": 29.5,
        "revenue": 580.8,
        "sgaExpense": 157.3,
        "totalOperatingExpense": 186.9
      },
      {
        "costOfGoodsSold": 234.6,
        "dilutedAverageSharesOutstanding": 88.9,
        "dilutedEPS": 1.01,
        "ebit": 113,
        "grossIncome": 303.1,
        "interestExpense": 9.274,
        "interestIncomeExpense": -8.7,
        "minorityInterest": 0,
        "netIncome": 89.5,
        "netIncomeAfterTaxes": 89.5,
        "period": "2018-03-31",
        "pretaxIncome": 104.3,
        "provisionforIncomeTaxes": 14.9,
        "researchDevelopment": 29,
        "revenue": 537.7,
        "sgaExpense": 161,
        "totalOperatingExpense": 190
      },
      {
        "costOfGoodsSold": 233.6,
        "dilutedAverageSharesOutstanding": 89.1,
        "dilutedEPS": 0.42,
        "ebit": 97.8,
        "grossIncome": 272.5,
        "interestExpense": 9.717,
        "interestIncomeExpense": -8.1,
        "minorityInterest": 0,
        "netIncome": 38.3,
        "netIncomeAfterTaxes": 69.3,
        "nonRecurringItems": 0,
        "period": "2017-12-31",
        "pretaxIncome": 89.7,
        "provisionforIncomeTaxes": 20.4,
        "researchDevelopment": 28.8,
        "revenue": 506.1,
        "sgaExpense": 145.9,
        "totalOperatingExpense": 174.7
      },
      {
        "costOfGoodsSold": 218,
        "dilutedAverageSharesOutstanding": 89.3,
        "dilutedEPS": 0.79,
        "ebit": 100.4,
        "grossIncome": 274,
        "interestExpense": 9.764,
        "interestIncomeExpense": -8.4,
        "minorityInterest": 0,
        "netIncome": 70.5,
        "netIncomeAfterTaxes": 70.5,
        "period": "2017-09-30",
        "pretaxIncome": 92,
        "provisionforIncomeTaxes": 21.5,
        "researchDevelopment": 27.6,
        "revenue": 492,
        "sgaExpense": 146,
        "totalOperatingExpense": 173.6
      },
      {
        "costOfGoodsSold": 216.2,
        "dilutedAverageSharesOutstanding": 89.9,
        "dilutedEPS": 0.95,
        "ebit": 122.6,
        "grossIncome": 292.7,
        "interestExpense": 9.155,
        "interestIncomeExpense": -8,
        "minorityInterest": -0.1,
        "netIncome": 85.4,
        "netIncomeAfterTaxes": 85.4,
        "period": "2017-06-30",
        "pretaxIncome": 114.6,
        "provisionforIncomeTaxes": 29.2,
        "researchDevelopment": 27,
        "revenue": 508.9,
        "sgaExpense": 143.2,
        "totalOperatingExpense": 170.2
      },
      {
        "costOfGoodsSold": 203.8,
        "dilutedAverageSharesOutstanding": 90,
        "dilutedEPS": 0.77,
        "ebit": 92.2,
        "grossIncome": 258.2,
        "interestExpense": 8.589,
        "interestIncomeExpense": -7.5,
        "minorityInterest": 0,
        "netIncome": 69,
        "netIncomeAfterTaxes": 69.1,
        "period": "2017-03-31",
        "pretaxIncome": 84.7,
        "provisionforIncomeTaxes": 15.7,
        "researchDevelopment": 25.8,
        "revenue": 462,
        "sgaExpense": 140.2,
        "totalOperatingExpense": 166
      },
      {
        "costOfGoodsSold": 202.4,
        "dilutedAverageSharesOutstanding": 90.7,
        "dilutedEPS": 0.58,
        "ebit": 83.8,
        "grossIncome": 240.6,
        "interestExpense": 7.755,
        "interestIncomeExpense": -6.7,
        "minorityInterest": 0,
        "netIncome": 52.4,
        "netIncomeAfterTaxes": 52.4,
        "period": "2016-12-31",
        "pretaxIncome": 77.1,
        "provisionforIncomeTaxes": 24.8,
        "researchDevelopment": 25.4,
        "revenue": 443,
        "sgaExpense": 131.4,
        "totalOperatingExpense": 156.8
      },
      {
        "costOfGoodsSold": 201.6,
        "dilutedAverageSharesOutstanding": 91.1,
        "dilutedEPS": 0.62,
        "ebit": 88.5,
        "grossIncome": 246.7,
        "interestExpense": 7.786,
        "interestIncomeExpense": -6.9,
        "minorityInterest": 0,
        "netIncome": 56.5,
        "netIncomeAfterTaxes": 56.5,
        "nonRecurringItems": 0,
        "period": "2016-09-30",
        "pretaxIncome": 81.5,
        "provisionforIncomeTaxes": 25.1,
        "researchDevelopment": 25.7,
        "revenue": 448.3,
        "sgaExpense": 132.6,
        "totalOperatingExpense": 158.2
      },
      {
        "costOfGoodsSold": 206,
        "dilutedAverageSharesOutstanding": 90.8,
        "dilutedEPS": 0.74,
        "ebit": 104.2,
        "grossIncome": 260.5,
        "interestExpense": 8.204,
        "interestIncomeExpense": -7.3,
        "minorityInterest": 0,
        "netIncome": 67.2,
        "netIncomeAfterTaxes": 67.2,
        "period": "2016-06-30",
        "pretaxIncome": 96.9,
        "provisionforIncomeTaxes": 29.7,
        "researchDevelopment": 25.4,
        "revenue": 466.6,
        "sgaExpense": 131,
        "totalOperatingExpense": 156.4
      },
      {
        "costOfGoodsSold": 190,
        "dilutedAverageSharesOutstanding": 90.8,
        "dilutedEPS": 0.51,
        "ebit": 73.8,
        "grossIncome": 227.5,
        "interestExpense": 8.304,
        "interestIncomeExpense": -7.5,
        "minorityInterest": 0,
        "netIncome": 46,
        "netIncomeAfterTaxes": 46,
        "period": "2016-03-31",
        "pretaxIncome": 66.3,
        "provisionforIncomeTaxes": 20.3,
        "researchDevelopment": 24.6,
        "revenue": 417.6,
        "sgaExpense": 129.1,
        "totalOperatingExpense": 153.8
      },
      {
        "costOfGoodsSold": 182,
        "dilutedAverageSharesOutstanding": 91.8,
        "dilutedEPS": 0.48,
        "ebit": 66.9,
        "grossIncome": 217.7,
        "interestExpense": 7.926,
        "interestIncomeExpense": -7.1,
        "minorityInterest": 0,
        "netIncome": 44.3,
        "netIncomeAfterTaxes": 44.4,
        "nonRecurringItems": 0,
        "period": "2015-12-31",
        "pretaxIncome": 59.8,
        "provisionforIncomeTaxes": 15.4,
        "researchDevelopment": 25.5,
        "revenue": 399.7,
        "sgaExpense": 125.3,
        "totalOperatingExpense": 150.8
      },
      {
        "costOfGoodsSold": 182.1,
        "dilutedAverageSharesOutstanding": 92.9,
        "dilutedEPS": 0.48,
        "ebit": 80.1,
        "grossIncome": 224.3,
        "interestExpense": 7.75,
        "interestIncomeExpense": -7.1,
        "minorityInterest": 0,
        "netIncome": 44.2,
        "netIncomeAfterTaxes": 44.2,
        "nonRecurringItems": -8.2,
        "period": "2015-09-30",
        "pretaxIncome": 64.8,
        "provisionforIncomeTaxes": 20.6,
        "researchDevelopment": 24.9,
        "revenue": 406.4,
        "sgaExpense": 119.3,
        "totalOperatingExpense": 144.2
      }
    ],
    "symbol": "IDXX"
  }
}