{
  "symbol": "PANW",
  "statement": "ic",
  "frequency": "annual",
  "timestamp": "2025-09-19T14:05:15.215777",
  "data": {
    "financials": [
      {
        "costOfGoodsSold": 2451.6,
        "dilutedAverageSharesOutstanding": 709.3,
        "dilutedEPS": 1.6,
        "ebit": 1242.9,
        "grossIncome": 6769.9,
        "interestExpense": 3,
        "interestIncomeExpense": -3,
        "netIncome": 1133.9,
        "netIncomeAfterTaxes": 1133.9,
        "period": "2025-07-31",
        "pretaxIncome": 1595.7,
        "provisionforIncomeTaxes": 461.8,
        "researchDevelopment": 1984.1,
        "revenue": 9221.5,
        "sgaExpense": 3542.9,
        "totalOperatingExpense": 5527,
        "totalOtherIncomeExpenseNet": 355.8,
        "year": 2025
      },
      {
        "costOfGoodsSold": 2059.2,
        "dilutedAverageSharesOutstanding": 708,
        "dilutedEPS": 3.64,
        "ebit": 888.3,
        "grossIncome": 5968.3,
        "interestExpense": 8.3,
        "interestIncomeExpense": 309.8,
        "netIncome": 2577.6,
        "netIncomeAfterTaxes": 2577.6,
        "nonRecurringItems": -204.4,
        "period": "2024-07-31",
        "pretaxIncome": 988.3,
        "provisionforIncomeTaxes": -1589.3,
        "researchDevelopment": 1809.4,
        "revenue": 8027.5,
        "sgaExpense": 3270.6,
        "totalOperatingExpense": 5080,
        "totalOtherIncomeExpenseNet": -5.4,
        "year": 2024
      },
      {
        "costOfGoodsSold": 1909.7,
        "dilutedAverageSharesOutstanding": 684.6,
        "dilutedEPS": 0.64,
        "ebit": 387.3,
        "grossIncome": 4983,
        "interestExpense": 27.2,
        "interestIncomeExpense": 189.3,
        "netIncome": 439.7,
        "netIncomeAfterTaxes": 439.7,
        "period": "2023-07-31",
        "pretaxIncome": 566.3,
        "provisionforIncomeTaxes": 126.6,
        "researchDevelopment": 1604,
        "revenue": 6892.7,
        "sgaExpense": 2991.7,
        "totalOperatingExpense": 4595.7,
        "totalOtherIncomeExpenseNet": -10.3,
        "year": 2023
      },
      {
        "costOfGoodsSold": 1718.7,
        "dilutedAverageSharesOutstanding": 591.0059,
        "dilutedEPS": -0.45,
        "ebit": -188.8,
        "grossIncome": 3782.8,
        "interestExpense": 27.4,
        "interestIncomeExpense": -10,
        "netIncome": -267,
        "netIncomeAfterTaxes": -267,
        "period": "2022-07-31",
        "pretaxIncome": -207.2,
        "provisionforIncomeTaxes": 59.8,
        "researchDevelopment": 1417.7,
        "revenue": 5501.5,
        "sgaExpense": 2553.9,
        "totalOperatingExpense": 3971.6,
        "totalOtherIncomeExpenseNet": -8.4,
        "year": 2022
      },
      {
        "costOfGoodsSold": 1274.9,
        "dilutedAverageSharesOutstanding": 578.4,
        "dilutedEPS": -0.86,
        "ebit": -304.1,
        "grossIncome": 2981.2,
        "interestExpense": 163.3,
        "interestIncomeExpense": -160.2,
        "netIncome": -498.9,
        "netIncomeAfterTaxes": -498.9,
        "otherOperatingExpensesTotal": 298,
        "period": "2021-07-31",
        "pretaxIncome": -465,
        "provisionforIncomeTaxes": 33.9,
        "researchDevelopment": 1140.4,
        "revenue": 4256.1,
        "sgaExpense": 1846.9,
        "totalOperatingExpense": 3285.3,
        "totalOtherIncomeExpenseNet": -0.7,
        "year": 2021
      },
      {
        "costOfGoodsSold": 999.5,
        "dilutedAverageSharesOutstanding": 581.4058,
        "dilutedEPS": -0.46,
        "ebit": -175.9,
        "grossIncome": 2408.9,
        "interestExpense": 88.7,
        "interestIncomeExpense": -54,
        "netIncome": -267,
        "netIncomeAfterTaxes": -267,
        "nonRecurringItems": -3.1,
        "otherOperatingExpensesTotal": 254.4,
        "period": "2020-07-31",
        "pretaxIncome": -231.8,
        "provisionforIncomeTaxes": 35.2,
        "researchDevelopment": 768.1,
        "revenue": 3408.4,
        "sgaExpense": 1562.3,
        "totalOperatingExpense": 2584.8,
        "totalOtherIncomeExpenseNet": 1.2,
        "year": 2020
      },
      {
        "costOfGoodsSold": 808.4,
        "dilutedAverageSharesOutstanding": 567,
        "dilutedEPS": -0.14,
        "ebit": -47.1,
        "grossIncome": 2091.2,
        "interestExpense": 83.9,
        "interestIncomeExpense": -17.6,
        "netIncome": -81.9,
        "netIncomeAfterTaxes": -81.9,
        "nonRecurringItems": -9.6,
        "otherOperatingExpensesTotal": 223.8,
        "period": "2019-07-31",
        "pretaxIncome": -74.6,
        "provisionforIncomeTaxes": 7.3,
        "researchDevelopment": 539.5,
        "revenue": 2899.6,
        "sgaExpense": 1375,
        "totalOperatingExpense": 2138.3,
        "totalOtherIncomeExpenseNet": -0.3,
        "year": 2019
      },
      {
        "costOfGoodsSold": 645.1,
        "dilutedAverageSharesOutstanding": 550.2,
        "dilutedEPS": -0.22,
        "ebit": -104.2,
        "grossIncome": 1628.5,
        "interestExpense": 29.6,
        "interestIncomeExpense": -0.8,
        "netIncome": -122.2,
        "netIncomeAfterTaxes": -122.2,
        "otherOperatingExpensesTotal": 149.8,
        "period": "2018-07-31",
        "pretaxIncome": -105.3,
        "provisionforIncomeTaxes": 16.9,
        "researchDevelopment": 400.7,
        "revenue": 2273.6,
        "sgaExpense": 1182.2,
        "totalOperatingExpense": 1732.7,
        "totalOtherIncomeExpenseNet": -0.3,
        "year": 2018
      },
      {
        "costOfGoodsSold": 476.4,
        "dilutedAverageSharesOutstanding": 543.6,
        "dilutedEPS": -0.37,
        "ebit": -144.9,
        "grossIncome": 1278.7,
        "interestExpense": 24.5,
        "interestIncomeExpense": -13.2,
        "netIncome": -203,
        "netIncomeAfterTaxes": -203,
        "nonRecurringItems": -20.9,
        "otherOperatingExpensesTotal": 107.4,
        "period": "2017-07-31",
        "pretaxIncome": -180.1,
        "provisionforIncomeTaxes": 22.9,
        "researchDevelopment": 347.4,
        "revenue": 1755.1,
        "sgaExpense": 968.8,
        "totalOperatingExpense": 1423.6,
        "totalOtherIncomeExpenseNet": -1.1,
        "year": 2017
      },
      {
        "costOfGoodsSold": 370,
        "dilutedAverageSharesOutstanding": 522.6,
        "dilutedEPS": -0.37,
        "ebit": -157.3,
        "grossIncome": 1008.5,
        "interestExpense": 23.4,
        "interestIncomeExpense": -14.6,
        "netIncome": -192.7,
        "netIncomeAfterTaxes": -192.7,
        "period": "2016-07-31",
        "pretaxIncome": -172.3,
        "provisionforIncomeTaxes": 20.4,
        "researchDevelopment": 284.2,
        "revenue": 1378.5,
        "sgaExpense": 881.6,
        "totalOperatingExpense": 1165.8,
        "totalOtherIncomeExpenseNet": -0.4,
        "year": 2016
      }
    ],
    "symbol": "PANW"
  }
}