{
  "symbol": "AVY",
  "statement": "ic",
  "frequency": "quarterly",
  "timestamp": "2025-09-19T13:56:32.926270",
  "data": {
    "financials": [
      {
        "costOfGoodsSold": 1581.4,
        "dilutedAverageSharesOutstanding": 78.3,
        "dilutedEPS": 2.4138,
        "ebit": 286.7,
        "grossIncome": 639.1,
        "interestExpense": 34,
        "interestIncomeExpense": -35.8,
        "netIncome": 189,
        "netIncomeAfterTaxes": 189,
        "nonRecurringItems": 1.3,
        "otherOperatingExpensesTotal": 0.5,
        "period": "2025-06-28",
        "pretaxIncome": 255.5,
        "provisionforIncomeTaxes": 66.5,
        "revenue": 2220.5,
        "sgaExpense": 352.4,
        "totalOperatingExpense": 352.4,
        "totalOtherIncomeExpenseNet": 3.3
      },
      {
        "costOfGoodsSold": 1526.8,
        "dilutedAverageSharesOutstanding": 79.4,
        "dilutedEPS": 2.0945,
        "ebit": 274.5,
        "grossIncome": 621.5,
        "interestExpense": 30.9,
        "interestIncomeExpense": -45.2,
        "netIncome": 166.3,
        "netIncomeAfterTaxes": 166.3,
        "nonRecurringItems": -5.6,
        "otherOperatingExpensesTotal": 0,
        "period": "2025-03-29",
        "pretaxIncome": 227,
        "provisionforIncomeTaxes": 60.7,
        "revenue": 2148.3,
        "sgaExpense": 347,
        "totalOperatingExpense": 347,
        "totalOtherIncomeExpenseNet": 3.3
      },
      {
        "costOfGoodsSold": 1576.5,
        "dilutedAverageSharesOutstanding": 80.1,
        "dilutedEPS": 2.1723,
        "ebit": 279.9,
        "grossIncome": 609.2,
        "interestExpense": 29.2,
        "interestIncomeExpense": -28.7,
        "netIncome": 174,
        "netIncomeAfterTaxes": 174,
        "nonRecurringItems": -17.2,
        "otherOperatingExpensesTotal": 0,
        "period": "2024-12-28",
        "pretaxIncome": 241.4,
        "provisionforIncomeTaxes": 67.4,
        "revenue": 2185.7,
        "sgaExpense": 329.3,
        "totalOperatingExpense": 329.3,
        "totalOtherIncomeExpenseNet": 7.4
      },
      {
        "costOfGoodsSold": 1556.8,
        "dilutedAverageSharesOutstanding": 80.8,
        "dilutedEPS": 2.2488,
        "ebit": 279.7,
        "grossIncome": 626.6,
        "interestExpense": 30,
        "interestIncomeExpense": -32.5,
        "netIncome": 181.7,
        "netIncomeAfterTaxes": 181.7,
        "nonRecurringItems": -12.8,
        "otherOperatingExpensesTotal": 0,
        "period": "2024-09-28",
        "pretaxIncome": 239.3,
        "provisionforIncomeTaxes": 57.6,
        "revenue": 2183.4,
        "sgaExpense": 346.9,
        "totalOperatingExpense": 346.9,
        "totalOtherIncomeExpenseNet": 4.9
      },
      {
        "costOfGoodsSold": 1572.6,
        "dilutedAverageSharesOutstanding": 81,
        "dilutedEPS": 2.1827,
        "ebit": 288.8,
        "grossIncome": 662.7,
        "interestExpense": 29.2,
        "interestIncomeExpense": -44.2,
        "netIncome": 176.8,
        "netIncomeAfterTaxes": 176.8,
        "nonRecurringItems": -12,
        "otherOperatingExpensesTotal": 0,
        "period": "2024-06-29",
        "pretaxIncome": 238.4,
        "provisionforIncomeTaxes": 61.6,
        "revenue": 2235.3,
        "sgaExpense": 373.9,
        "totalOperatingExpense": 373.9,
        "totalOtherIncomeExpenseNet": 5.8
      },
      {
        "costOfGoodsSold": 1519.1,
        "dilutedAverageSharesOutstanding": 81,
        "dilutedEPS": 2.1284,
        "ebit": 267,
        "grossIncome": 632.2,
        "interestExpense": 28.6,
        "interestIncomeExpense": -30.8,
        "netIncome": 172.4,
        "netIncomeAfterTaxes": 172.4,
        "nonRecurringItems": -10.4,
        "otherOperatingExpensesTotal": 0,
        "period": "2024-03-30",
        "pretaxIncome": 234.4,
        "provisionforIncomeTaxes": 62,
        "revenue": 2151.3,
        "sgaExpense": 365.2,
        "totalOperatingExpense": 365.2,
        "totalOtherIncomeExpenseNet": 8.6
      },
      {
        "costOfGoodsSold": 1514.5,
        "dilutedAverageSharesOutstanding": 80.8,
        "dilutedEPS": 1.771,
        "ebit": 268.9,
        "grossIncome": 596,
        "interestExpense": 29.7,
        "interestIncomeExpense": -31.2,
        "netIncome": 143.1,
        "netIncomeAfterTaxes": 143.1,
        "nonRecurringItems": -47,
        "period": "2023-12-30",
        "pretaxIncome": 201.6,
        "provisionforIncomeTaxes": 58.5,
        "revenue": 2110.5,
        "sgaExpense": 327.1,
        "totalOperatingExpense": 327.1,
        "totalOtherIncomeExpenseNet": 10.9
      },
      {
        "costOfGoodsSold": 1512.5,
        "dilutedAverageSharesOutstanding": 81,
        "dilutedEPS": 1.71,
        "ebit": 253.2,
        "grossIncome": 585.8,
        "interestExpense": 31,
        "interestIncomeExpense": -31,
        "netIncome": 138.3,
        "netIncomeAfterTaxes": 138.3,
        "nonRecurringItems": -46.3,
        "period": "2023-09-30",
        "pretaxIncome": 184.6,
        "provisionforIncomeTaxes": 46.3,
        "revenue": 2098.3,
        "sgaExpense": 332.6,
        "totalOperatingExpense": 332.6,
        "totalOtherIncomeExpenseNet": 8.7
      },
      {
        "costOfGoodsSold": 1537.1,
        "dilutedAverageSharesOutstanding": 81,
        "dilutedEPS": 1.24,
        "ebit": 233.8,
        "grossIncome": 553.4,
        "interestExpense": 31.9,
        "interestIncomeExpense": -31.9,
        "netIncome": 100.4,
        "netIncomeAfterTaxes": 100.4,
        "nonRecurringItems": -68.3,
        "period": "2023-07-01",
        "pretaxIncome": 140.2,
        "provisionforIncomeTaxes": 39.8,
        "revenue": 2090.5,
        "sgaExpense": 319.6,
        "totalOperatingExpense": 319.6,
        "totalOtherIncomeExpenseNet": 6.6
      },
      {
        "costOfGoodsSold": 1522.7,
        "dilutedAverageSharesOutstanding": 81.5,
        "dilutedEPS": 1.49,
        "ebit": 207.9,
        "grossIncome": 542.3,
        "interestExpense": 26.4,
        "interestIncomeExpense": -26.4,
        "netIncome": 121.2,
        "netIncomeAfterTaxes": 121.2,
        "nonRecurringItems": -17.8,
        "period": "2023-04-01",
        "pretaxIncome": 168.3,
        "provisionforIncomeTaxes": 47.1,
        "revenue": 2065,
        "sgaExpense": 334.4,
        "totalOperatingExpense": 334.4,
        "totalOtherIncomeExpenseNet": 4.6
      },
      {
        "costOfGoodsSold": 1525.7,
        "dilutedAverageSharesOutstanding": 81.6,
        "dilutedEPS": 1.51,
        "ebit": 187.9,
        "equityEarningsAffiliates": 0,
        "grossIncome": 500.2,
        "interestExpense": 22.5,
        "interestIncomeExpense": -21.4,
        "netIncome": 122.9,
        "netIncomeAfterTaxes": 122.9,
        "nonRecurringItems": -2.6,
        "period": "2022-12-31",
        "pretaxIncome": 169.2,
        "provisionforIncomeTaxes": 46.3,
        "revenue": 2025.9,
        "sgaExpense": 312.3,
        "totalOperatingExpense": 312.3,
        "totalOtherIncomeExpenseNet": 5.3
      },
      {
        "costOfGoodsSold": 1697.9,
        "dilutedAverageSharesOutstanding": 81.9,
        "dilutedEPS": 2.7,
        "ebit": 288.4,
        "equityEarningsAffiliates": 0,
        "grossIncome": 619.2,
        "interestExpense": 21.2,
        "interestIncomeExpense": -12.5,
        "netIncome": 221.5,
        "netIncomeAfterTaxes": 221.5,
        "nonRecurringItems": -4.8,
        "period": "2022-10-01",
        "pretaxIncome": 272.5,
        "provisionforIncomeTaxes": 51,
        "revenue": 2317.1,
        "sgaExpense": 330.8,
        "totalOperatingExpense": 330.8,
        "totalOtherIncomeExpenseNet": 1.4
      },
      {
        "costOfGoodsSold": 1703.5,
        "dilutedAverageSharesOutstanding": 82.1,
        "dilutedEPS": 2.61,
        "ebit": 310.8,
        "equityEarningsAffiliates": 0,
        "grossIncome": 643.5,
        "interestExpense": 20.8,
        "interestIncomeExpense": -20.8,
        "netIncome": 214.5,
        "netIncomeAfterTaxes": 214.5,
        "nonRecurringItems": -3.4,
        "period": "2022-07-02",
        "pretaxIncome": 287.9,
        "provisionforIncomeTaxes": 73.4,
        "revenue": 2347,
        "sgaExpense": 332.7,
        "totalOperatingExpense": 332.7,
        "totalOtherIncomeExpenseNet": 1.3
      },
      {
        "costOfGoodsSold": 1708,
        "dilutedAverageSharesOutstanding": 83,
        "dilutedEPS": 2.39,
        "ebit": 286.3,
        "equityEarningsAffiliates": 0,
        "grossIncome": 641.3,
        "interestExpense": 19.6,
        "interestIncomeExpense": -15.9,
        "netIncome": 198.2,
        "netIncomeAfterTaxes": 198.2,
        "nonRecurringItems": -2.1,
        "period": "2022-04-02",
        "pretaxIncome": 269.7,
        "provisionforIncomeTaxes": 71.5,
        "revenue": 2349.3,
        "sgaExpense": 355,
        "totalOperatingExpense": 355,
        "totalOtherIncomeExpenseNet": 1.4
      },
      {
        "costOfGoodsSold": 1598.1,
        "dilutedAverageSharesOutstanding": 83.5,
        "dilutedEPS": 2.19,
        "ebit": 252.8,
        "equityEarningsAffiliates": -0.4,
        "grossIncome": 585.1,
        "interestExpense": 20,
        "interestIncomeExpense": -1.9,
        "netIncome": 182.7,
        "netIncomeAfterTaxes": 183.1,
        "nonRecurringItems": -7.4,
        "period": "2022-01-01",
        "pretaxIncome": 244,
        "provisionforIncomeTaxes": 60.9,
        "revenue": 2183.2,
        "sgaExpense": 332.3,
        "totalOperatingExpense": 332.3,
        "totalOtherIncomeExpenseNet": 0.5
      },
      {
        "costOfGoodsSold": 1517.4,
        "dilutedAverageSharesOutstanding": 83.7,
        "dilutedEPS": 1.96,
        "ebit": 257.5,
        "equityEarningsAffiliates": -1.1,
        "grossIncome": 554.4,
        "interestExpense": 18,
        "interestIncomeExpense": -13.1,
        "netIncome": 164.1,
        "netIncomeAfterTaxes": 165.2,
        "nonRecurringItems": -20.9,
        "period": "2021-10-02",
        "pretaxIncome": 224.4,
        "provisionforIncomeTaxes": 59.2,
        "revenue": 2071.8,
        "sgaExpense": 296.9,
        "totalOperatingExpense": 296.9,
        "totalOtherIncomeExpenseNet": 0.9
      },
      {
        "costOfGoodsSold": 1525.7,
        "dilutedAverageSharesOutstanding": 83.8,
        "dilutedEPS": 2.19,
        "ebit": 269.3,
        "equityEarningsAffiliates": -1.1,
        "grossIncome": 576.3,
        "interestExpense": 16,
        "interestIncomeExpense": -16,
        "netIncome": 183.8,
        "netIncomeAfterTaxes": 184.9,
        "nonRecurringItems": 0.6,
        "period": "2021-07-03",
        "pretaxIncome": 255.3,
        "provisionforIncomeTaxes": 70.4,
        "revenue": 2102,
        "sgaExpense": 307,
        "totalOperatingExpense": 307,
        "totalOtherIncomeExpenseNet": 1.4
      },
      {
        "costOfGoodsSold": 1454.3,
        "dilutedAverageSharesOutstanding": 83.9,
        "dilutedEPS": 2.5,
        "ebit": 284.7,
        "equityEarningsAffiliates": -1.3,
        "grossIncome": 597,
        "interestExpense": 16.2,
        "interestIncomeExpense": -16.2,
        "netIncome": 209.5,
        "netIncomeAfterTaxes": 210.8,
        "nonRecurringItems": -0.9,
        "period": "2021-04-03",
        "pretaxIncome": 268.9,
        "provisionforIncomeTaxes": 58.1,
        "revenue": 2051.3,
        "sgaExpense": 312.3,
        "totalOperatingExpense": 312.3,
        "totalOtherIncomeExpenseNet": 1.3
      },
      {
        "costOfGoodsSold": 1419.8,
        "dilutedAverageSharesOutstanding": 84.4,
        "dilutedEPS": 2.27,
        "ebit": 269.3,
        "equityEarningsAffiliates": -0.9,
        "grossIncome": 571.1,
        "interestExpense": 15.6,
        "interestIncomeExpense": -8.7,
        "netIncome": 191.5,
        "netIncomeAfterTaxes": 192.4,
        "nonRecurringItems": -3.2,
        "period": "2021-01-02",
        "pretaxIncome": 255.3,
        "provisionforIncomeTaxes": 62.9,
        "revenue": 1990.9,
        "sgaExpense": 301.8,
        "totalOperatingExpense": 301.8,
        "totalOtherIncomeExpenseNet": -2.1
      },
      {
        "costOfGoodsSold": 1244.9,
        "dilutedAverageSharesOutstanding": 84,
        "dilutedEPS": 1.79,
        "ebit": 225.9,
        "equityEarningsAffiliates": -1,
        "grossIncome": 484.2,
        "interestExpense": 15.6,
        "interestIncomeExpense": -17.1,
        "netIncome": 150.5,
        "netIncomeAfterTaxes": 151.5,
        "nonRecurringItems": -10.9,
        "period": "2020-09-26",
        "pretaxIncome": 197.8,
        "provisionforIncomeTaxes": 46.3,
        "revenue": 1729.1,
        "sgaExpense": 258.3,
        "totalOperatingExpense": 258.3,
        "totalOtherIncomeExpenseNet": -0.1
      },
      {
        "costOfGoodsSold": 1145.6,
        "dilutedAverageSharesOutstanding": 83.8,
        "dilutedEPS": 0.95,
        "ebit": 163.5,
        "equityEarningsAffiliates": -1.4,
        "grossIncome": 382.9,
        "interestExpense": 20,
        "interestIncomeExpense": -20,
        "netIncome": 79.7,
        "netIncomeAfterTaxes": 81.1,
        "nonRecurringItems": -40,
        "period": "2020-06-27",
        "pretaxIncome": 103.3,
        "provisionforIncomeTaxes": 22.2,
        "revenue": 1528.5,
        "sgaExpense": 219.4,
        "totalOperatingExpense": 219.4,
        "totalOtherIncomeExpenseNet": -0.2
      },
      {
        "costOfGoodsSold": 1237.9,
        "dilutedAverageSharesOutstanding": 84.1,
        "dilutedEPS": 1.6,
        "ebit": 204.1,
        "equityEarningsAffiliates": -0.4,
        "grossIncome": 485.1,
        "interestExpense": 18.8,
        "interestIncomeExpense": -18.8,
        "netIncome": 134.2,
        "netIncomeAfterTaxes": 134.6,
        "nonRecurringItems": -4.9,
        "period": "2020-03-28",
        "pretaxIncome": 180.9,
        "provisionforIncomeTaxes": 46.3,
        "revenue": 1723,
        "sgaExpense": 281,
        "totalOperatingExpense": 281,
        "totalOtherIncomeExpenseNet": 0.5
      },
      {
        "costOfGoodsSold": 1288.2,
        "dilutedAverageSharesOutstanding": 84.7,
        "dilutedEPS": 1.92,
        "ebit": 213.3,
        "equityEarningsAffiliates": -0.6,
        "grossIncome": 484.7,
        "interestExpense": 17.8,
        "interestIncomeExpense": -19.5,
        "netIncome": 162.5,
        "netIncomeAfterTaxes": 163.1,
        "nonRecurringItems": -28.6,
        "period": "2019-12-28",
        "pretaxIncome": 165.3,
        "provisionforIncomeTaxes": 2.2,
        "researchDevelopment": 21.4,
        "revenue": 1772.9,
        "sgaExpense": 250,
        "totalOperatingExpense": 271.4,
        "totalOtherIncomeExpenseNet": 0.1
      },
      {
        "costOfGoodsSold": 1289.7,
        "dilutedAverageSharesOutstanding": 84.8,
        "dilutedEPS": 1.71,
        "ebit": 206.5,
        "equityEarningsAffiliates": -0.7,
        "grossIncome": 471.7,
        "interestExpense": 19,
        "interestIncomeExpense": -19.1,
        "netIncome": 144.6,
        "netIncomeAfterTaxes": 145.3,
        "nonRecurringItems": -6.7,
        "period": "2019-09-28",
        "pretaxIncome": 179.9,
        "provisionforIncomeTaxes": 34.6,
        "researchDevelopment": 21.7,
        "revenue": 1761.4,
        "sgaExpense": 243.5,
        "totalOperatingExpense": 265.2,
        "totalOtherIncomeExpenseNet": -0.8
      },
      {
        "costOfGoodsSold": 1313.4,
        "dilutedAverageSharesOutstanding": 85.1,
        "dilutedEPS": 1.69,
        "ebit": 216,
        "equityEarningsAffiliates": -0.4,
        "grossIncome": 482.3,
        "interestExpense": 19.5,
        "interestIncomeExpense": -18.9,
        "netIncome": 143.4,
        "netIncomeAfterTaxes": 143.8,
        "nonRecurringItems": -7.5,
        "period": "2019-06-29",
        "pretaxIncome": 188.7,
        "provisionforIncomeTaxes": 44.9,
        "researchDevelopment": 24.8,
        "revenue": 1795.7,
        "sgaExpense": 241.5,
        "totalOperatingExpense": 266.3,
        "totalOtherIncomeExpenseNet": -0.9
      },
      {
        "costOfGoodsSold": 1274.7,
        "dilutedAverageSharesOutstanding": 84.3,
        "dilutedEPS": -1.74,
        "ebit": 189,
        "equityEarningsAffiliates": -0.9,
        "grossIncome": 465.4,
        "interestExpense": 19.5,
        "interestIncomeExpense": -19.4,
        "netIncome": -146.9,
        "netIncomeAfterTaxes": -146,
        "nonRecurringItems": -454.5,
        "period": "2019-03-30",
        "pretaxIncome": -284.4,
        "provisionforIncomeTaxes": -138.4,
        "researchDevelopment": 24.7,
        "revenue": 1740.1,
        "sgaExpense": 251.7,
        "totalOperatingExpense": 276.4,
        "totalOtherIncomeExpenseNet": 0.5
      },
      {
        "costOfGoodsSold": 1297.2,
        "dilutedAverageSharesOutstanding": 87.1,
        "dilutedEPS": 1.13,
        "ebit": 183.4,
        "equityEarningsAffiliates": -0.2,
        "grossIncome": 471.5,
        "interestExpense": 16.3,
        "interestIncomeExpense": -2.7,
        "netIncome": 97.1,
        "netIncomeAfterTaxes": 98.2,
        "nonRecurringItems": -3,
        "period": "2018-12-29",
        "pretaxIncome": 87.8,
        "provisionforIncomeTaxes": -10.4,
        "researchDevelopment": 23.7,
        "revenue": 1768.7,
        "sgaExpense": 264.4,
        "totalOperatingExpense": 288.1,
        "totalOtherIncomeExpenseNet": -89.9
      },
      {
        "costOfGoodsSold": 1300.5,
        "dilutedAverageSharesOutstanding": 88.5,
        "dilutedEPS": 1.7,
        "ebit": 191.4,
        "equityEarningsAffiliates": -0.8,
        "grossIncome": 459.2,
        "interestExpense": 14.7,
        "interestIncomeExpense": -17.4,
        "netIncome": 149.5,
        "netIncomeAfterTaxes": 151.6,
        "nonRecurringItems": 3,
        "period": "2018-09-29",
        "pretaxIncome": 168,
        "provisionforIncomeTaxes": 16.4,
        "researchDevelopment": 24.5,
        "revenue": 1759.7,
        "sgaExpense": 243.3,
        "totalOperatingExpense": 267.8,
        "totalOtherIncomeExpenseNet": -9
      },
      {
        "costOfGoodsSold": 1352.8,
        "dilutedAverageSharesOutstanding": 89,
        "dilutedEPS": 1.07,
        "ebit": 207.3,
        "equityEarningsAffiliates": -0.4,
        "grossIncome": 501.4,
        "interestExpense": 14.3,
        "interestIncomeExpense": -7.7,
        "netIncome": 95.6,
        "netIncomeAfterTaxes": 98.6,
        "nonRecurringItems": -57.1,
        "period": "2018-06-30",
        "pretaxIncome": 139.9,
        "provisionforIncomeTaxes": 41.3,
        "researchDevelopment": 25.2,
        "revenue": 1854.2,
        "sgaExpense": 268.9,
        "totalOperatingExpense": 294.1,
        "totalOtherIncomeExpenseNet": -2.6
      },
      {
        "costOfGoodsSold": 1293,
        "dilutedAverageSharesOutstanding": 89.6,
        "dilutedEPS": 1.38,
        "ebit": 178.9,
        "equityEarningsAffiliates": -0.6,
        "grossIncome": 483.4,
        "interestExpense": 13.2,
        "interestIncomeExpense": -3.7,
        "netIncome": 125.2,
        "netIncomeAfterTaxes": 124.6,
        "nonRecurringItems": -12.8,
        "period": "2018-03-31",
        "pretaxIncome": 159.1,
        "provisionforIncomeTaxes": 34.5,
        "researchDevelopment": 24.8,
        "revenue": 1776.4,
        "sgaExpense": 279.7,
        "totalOperatingExpense": 304.5,
        "totalOtherIncomeExpenseNet": -3.3
      },
      {
        "costOfGoodsSold": 1269.7,
        "dilutedAverageSharesOutstanding": 88,
        "dilutedEPS": -0.67,
        "ebit": 180.9,
        "grossIncome": 465.6,
        "interestExpense": 13.3,
        "interestIncomeExpense": -14.6,
        "netIncome": -59.6,
        "netIncomeAfterTaxes": 112.4,
        "nonRecurringItems": -9,
        "period": "2017-12-30",
        "pretaxIncome": 157.3,
        "provisionforIncomeTaxes": 44.9,
        "researchDevelopment": 23.4,
        "revenue": 1735.3,
        "sgaExpense": 261.3,
        "totalOperatingExpense": 284.7
      },
      {
        "costOfGoodsSold": 1227.9,
        "dilutedAverageSharesOutstanding": 89.9,
        "dilutedEPS": 1.2,
        "ebit": 193.3,
        "grossIncome": 451.6,
        "interestExpense": 16.8,
        "interestIncomeExpense": -35.7,
        "netIncome": 108.3,
        "netIncomeAfterTaxes": 108.3,
        "nonRecurringItems": -10.8,
        "period": "2017-09-30",
        "pretaxIncome": 146.8,
        "provisionforIncomeTaxes": 38.5,
        "researchDevelopment": 23.6,
        "revenue": 1679.5,
        "sgaExpense": 234.7,
        "totalOperatingExpense": 258.3
      },
      {
        "costOfGoodsSold": 1174.3,
        "dilutedAverageSharesOutstanding": 89.9,
        "dilutedEPS": 1.34,
        "ebit": 199.8,
        "grossIncome": 452.6,
        "interestExpense": 16.2,
        "interestIncomeExpense": -40.1,
        "netIncome": 120.9,
        "netIncomeAfterTaxes": 120.9,
        "nonRecurringItems": -10.2,
        "period": "2017-07-01",
        "pretaxIncome": 149.5,
        "provisionforIncomeTaxes": 28.6,
        "researchDevelopment": 23.5,
        "revenue": 1626.9,
        "sgaExpense": 229.3,
        "totalOperatingExpense": 252.8
      },
      {
        "costOfGoodsSold": 1129.7,
        "dilutedAverageSharesOutstanding": 90,
        "dilutedEPS": 1.25,
        "ebit": 160.3,
        "grossIncome": 442.4,
        "interestExpense": 16.7,
        "interestIncomeExpense": -17.9,
        "netIncome": 112.2,
        "netIncomeAfterTaxes": 112.2,
        "nonRecurringItems": -6.5,
        "period": "2017-04-01",
        "pretaxIncome": 135.9,
        "provisionforIncomeTaxes": 23.7,
        "researchDevelopment": 22.9,
        "revenue": 1572.1,
        "sgaExpense": 259.2,
        "totalOperatingExpense": 282.1
      },
      {
        "costOfGoodsSold": 1125.4,
        "dilutedAverageSharesOutstanding": 90.1,
        "dilutedEPS": 0.69,
        "ebit": 149.3,
        "grossIncome": 425.4,
        "interestExpense": 14.5,
        "interestIncomeExpense": -18.2,
        "netIncome": 62,
        "netIncomeAfterTaxes": 62,
        "nonRecurringItems": -4.8,
        "period": "2016-12-31",
        "pretaxIncome": 126.3,
        "provisionforIncomeTaxes": 64.3,
        "researchDevelopment": 22.3,
        "revenue": 1550.8,
        "sgaExpense": 253.8,
        "totalOperatingExpense": 276.1
      },
      {
        "costOfGoodsSold": 1091.1,
        "dilutedAverageSharesOutstanding": 90.6,
        "dilutedEPS": 0.98,
        "ebit": 150.1,
        "grossIncome": 417.6,
        "interestExpense": 14.7,
        "interestIncomeExpense": -17.5,
        "netIncome": 89.1,
        "netIncomeAfterTaxes": 89.1,
        "nonRecurringItems": -4.6,
        "period": "2016-10-01",
        "pretaxIncome": 128,
        "provisionforIncomeTaxes": 38.9,
        "researchDevelopment": 22.4,
        "revenue": 1508.7,
        "sgaExpense": 245.1,
        "totalOperatingExpense": 267.5
      },
      {
        "costOfGoodsSold": 1107.4,
        "dilutedAverageSharesOutstanding": 90.7,
        "dilutedEPS": 0.88,
        "ebit": 158,
        "grossIncome": 434.1,
        "interestExpense": 15.4,
        "interestIncomeExpense": -8.5,
        "netIncome": 80,
        "netIncomeAfterTaxes": 80,
        "nonRecurringItems": -50.2,
        "period": "2016-07-02",
        "pretaxIncome": 99.3,
        "provisionforIncomeTaxes": 19.3,
        "researchDevelopment": 22.7,
        "revenue": 1541.5,
        "sgaExpense": 253.4,
        "totalOperatingExpense": 276.1
      },
      {
        "costOfGoodsSold": 1062.9,
        "dilutedAverageSharesOutstanding": 91.1,
        "dilutedEPS": 0.98,
        "ebit": 148.9,
        "grossIncome": 422.6,
        "interestExpense": 15.3,
        "interestIncomeExpense": -19.8,
        "netIncome": 89.6,
        "netIncomeAfterTaxes": 89.6,
        "nonRecurringItems": -5.6,
        "period": "2016-04-02",
        "pretaxIncome": 123.5,
        "provisionforIncomeTaxes": 33.9,
        "researchDevelopment": 22.3,
        "revenue": 1485.5,
        "sgaExpense": 251.4,
        "totalOperatingExpense": 273.7
      },
      {
        "costOfGoodsSold": 1062.5,
        "dilutedAverageSharesOutstanding": 92.9,
        "dilutedEPS": 0.61,
        "ebit": 126,
        "grossIncome": 392.3,
        "interestExpense": 31.2,
        "interestIncomeExpense": -15.2,
        "netIncome": 57,
        "netIncomeAfterTaxes": 56.5,
        "nonRecurringItems": -19.3,
        "period": "2016-01-02",
        "pretaxIncome": 91.5,
        "provisionforIncomeTaxes": 35,
        "researchDevelopment": 21.3,
        "revenue": 1454.8,
        "sgaExpense": 245,
        "totalOperatingExpense": 266.3
      },
      {
        "costOfGoodsSold": 1062.2,
        "dilutedAverageSharesOutstanding": 93.2,
        "dilutedEPS": 0.87,
        "ebit": 157.7,
        "grossIncome": 405.9,
        "interestExpense": 14.7,
        "interestIncomeExpense": -34.6,
        "netIncome": 81.7,
        "netIncomeAfterTaxes": 81.3,
        "nonRecurringItems": -7,
        "period": "2015-10-03",
        "pretaxIncome": 116.1,
        "provisionforIncomeTaxes": 34.8,
        "researchDevelopment": 22.2,
        "revenue": 1468.1,
        "sgaExpense": 226,
        "totalOperatingExpense": 248.2
      }
    ],
    "symbol": "AVY"
  }
}