{
  "symbol": "EFX",
  "statement": "ic",
  "frequency": "quarterly",
  "timestamp": "2025-09-19T13:59:54.059689",
  "data": {
    "financials": [
      {
        "costOfGoodsSold": 664.6,
        "depreciationAmortization": 177.4,
        "dilutedAverageSharesOutstanding": 125,
        "dilutedEPS": 1.5304,
        "ebit": 315.4,
        "grossIncome": 872.4,
        "interestExpense": 53.1,
        "interestIncomeExpense": -53.1,
        "minorityInterest": -1.3,
        "netIncome": 191.3,
        "netIncomeAfterTaxes": 192.6,
        "nonRecurringItems": -4.6,
        "period": "2025-06-30",
        "pretaxIncome": 261.3,
        "provisionforIncomeTaxes": 68.7,
        "revenue": 1537,
        "sgaExpense": 379.6,
        "totalOperatingExpense": 557,
        "totalOtherIncomeExpenseNet": 3.6
      },
      {
        "costOfGoodsSold": 656.7,
        "depreciationAmortization": 174.6,
        "dilutedAverageSharesOutstanding": 125.1,
        "dilutedEPS": 1.064,
        "ebit": 237.2,
        "grossIncome": 785.3,
        "interestExpense": 52.9,
        "interestIncomeExpense": -52.9,
        "minorityInterest": -0.7,
        "netIncome": 133.1,
        "netIncomeAfterTaxes": 133.8,
        "nonRecurringItems": -1.4,
        "period": "2025-03-31",
        "pretaxIncome": 185.4,
        "provisionforIncomeTaxes": 51.6,
        "revenue": 1442,
        "sgaExpense": 373.5,
        "totalOperatingExpense": 548.1,
        "totalOtherIncomeExpenseNet": 2.5
      },
      {
        "costOfGoodsSold": 615,
        "depreciationAmortization": 171.5,
        "dilutedAverageSharesOutstanding": 124.9,
        "dilutedEPS": 1.3931,
        "ebit": 336.1,
        "grossIncome": 804.4,
        "interestExpense": 55.7,
        "interestIncomeExpense": -55.7,
        "minorityInterest": 0.6,
        "netIncome": 174,
        "netIncomeAfterTaxes": 173.4,
        "nonRecurringItems": -48,
        "period": "2024-12-31",
        "pretaxIncome": 225.6,
        "provisionforIncomeTaxes": 52.2,
        "revenue": 1419.4,
        "sgaExpense": 296.8,
        "totalOperatingExpense": 468.3,
        "totalOtherIncomeExpenseNet": -6.8
      },
      {
        "costOfGoodsSold": 645.2,
        "depreciationAmortization": 169.1,
        "dilutedAverageSharesOutstanding": 125.2,
        "dilutedEPS": 1.1286,
        "ebit": 247.1,
        "grossIncome": 796.6,
        "interestExpense": 56.3,
        "interestIncomeExpense": -56.3,
        "minorityInterest": -1.4,
        "netIncome": 141.3,
        "netIncomeAfterTaxes": 142.7,
        "period": "2024-09-30",
        "pretaxIncome": 193.8,
        "provisionforIncomeTaxes": 51.1,
        "revenue": 1441.8,
        "sgaExpense": 380.4,
        "totalOperatingExpense": 549.5,
        "totalOtherIncomeExpenseNet": 3
      },
      {
        "costOfGoodsSold": 630.9,
        "depreciationAmortization": 164.8,
        "dilutedAverageSharesOutstanding": 124.8,
        "dilutedEPS": 1.3133,
        "ebit": 282.2,
        "grossIncome": 799.6,
        "interestExpense": 57.3,
        "interestIncomeExpense": -57.3,
        "minorityInterest": -1.3,
        "netIncome": 163.9,
        "netIncomeAfterTaxes": 165.2,
        "period": "2024-06-30",
        "pretaxIncome": 224.6,
        "provisionforIncomeTaxes": 59.4,
        "revenue": 1430.5,
        "sgaExpense": 352.6,
        "totalOperatingExpense": 517.4,
        "totalOtherIncomeExpenseNet": -0.3
      },
      {
        "costOfGoodsSold": 627.7,
        "depreciationAmortization": 164.4,
        "dilutedAverageSharesOutstanding": 124.8,
        "dilutedEPS": 1.0008,
        "ebit": 224.7,
        "grossIncome": 761.7,
        "interestExpense": 59.7,
        "interestIncomeExpense": -59.7,
        "minorityInterest": -1.2,
        "netIncome": 124.9,
        "netIncomeAfterTaxes": 126.1,
        "period": "2024-03-31",
        "pretaxIncome": 166.6,
        "provisionforIncomeTaxes": 40.5,
        "revenue": 1389.4,
        "sgaExpense": 372.6,
        "totalOperatingExpense": 537,
        "totalOtherIncomeExpenseNet": 1.6
      },
      {
        "costOfGoodsSold": 581.6,
        "depreciationAmortization": 156.4,
        "dilutedAverageSharesOutstanding": 124.8,
        "dilutedEPS": 1.0609,
        "ebit": 262.9,
        "grossIncome": 744.9,
        "interestExpense": 60.3,
        "interestIncomeExpense": -60.3,
        "minorityInterest": -2.1,
        "netIncome": 132.4,
        "netIncomeAfterTaxes": 134.5,
        "nonRecurringItems": -17.8,
        "period": "2023-12-31",
        "pretaxIncome": 182.8,
        "provisionforIncomeTaxes": 48.3,
        "revenue": 1326.5,
        "sgaExpense": 325.6,
        "totalOperatingExpense": 482,
        "totalOtherIncomeExpenseNet": -2
      },
      {
        "costOfGoodsSold": 585.2,
        "depreciationAmortization": 154.4,
        "dilutedAverageSharesOutstanding": 123.9,
        "dilutedEPS": 1.3091,
        "ebit": 248.7,
        "grossIncome": 733.9,
        "interestExpense": 62.8,
        "interestIncomeExpense": -63,
        "minorityInterest": -2.1,
        "netIncome": 162.2,
        "netIncomeAfterTaxes": 164.3,
        "nonRecurringItems": -2.3,
        "period": "2023-09-30",
        "pretaxIncome": 190.7,
        "provisionforIncomeTaxes": 26.4,
        "revenue": 1319.1,
        "sgaExpense": 330.8,
        "totalOperatingExpense": 485.2,
        "totalOtherIncomeExpenseNet": 7.3
      },
      {
        "costOfGoodsSold": 588,
        "depreciationAmortization": 149.6,
        "dilutedAverageSharesOutstanding": 123.8,
        "dilutedEPS": 1.1171,
        "ebit": 254.4,
        "grossIncome": 729.6,
        "interestExpense": 60.7,
        "interestIncomeExpense": -50.2,
        "minorityInterest": -1.1,
        "netIncome": 138.3,
        "netIncomeAfterTaxes": 139.4,
        "nonRecurringItems": -17.5,
        "period": "2023-06-30",
        "pretaxIncome": 192.1,
        "provisionforIncomeTaxes": 52.7,
        "revenue": 1317.6,
        "sgaExpense": 325.6,
        "totalOperatingExpense": 475.2,
        "totalOtherIncomeExpenseNet": 5.4
      },
      {
        "costOfGoodsSold": 580.4,
        "depreciationAmortization": 150.1,
        "dilutedAverageSharesOutstanding": 123.5,
        "dilutedEPS": 0.9101,
        "ebit": 205.4,
        "grossIncome": 721.6,
        "interestExpense": 57.6,
        "interestIncomeExpense": -54.5,
        "minorityInterest": -1.1,
        "netIncome": 112.4,
        "netIncomeAfterTaxes": 113.5,
        "period": "2023-03-31",
        "pretaxIncome": 152.2,
        "provisionforIncomeTaxes": 38.7,
        "revenue": 1302,
        "sgaExpense": 366.1,
        "totalOperatingExpense": 516.2,
        "totalOtherIncomeExpenseNet": 1.3
      },
      {
        "costOfGoodsSold": 539.2,
        "depreciationAmortization": 142.3,
        "dilutedAverageSharesOutstanding": 123.3,
        "dilutedEPS": 0.8775,
        "ebit": 176,
        "grossIncome": 658.7,
        "interestExpense": 54.5,
        "interestIncomeExpense": -54.5,
        "minorityInterest": -0.9,
        "netIncome": 108.2,
        "netIncomeAfterTaxes": 109.1,
        "period": "2022-12-31",
        "pretaxIncome": 141.4,
        "provisionforIncomeTaxes": 32.3,
        "revenue": 1197.9,
        "sgaExpense": 340.4,
        "totalOperatingExpense": 482.7,
        "totalOtherIncomeExpenseNet": 19.9
      },
      {
        "costOfGoodsSold": 542.5,
        "depreciationAmortization": 140.9,
        "dilutedAverageSharesOutstanding": 123.3,
        "dilutedEPS": 1.3439,
        "ebit": 242.9,
        "grossIncome": 701.8,
        "interestExpense": 47.1,
        "interestIncomeExpense": -47.1,
        "minorityInterest": -1.2,
        "netIncome": 165.7,
        "netIncomeAfterTaxes": 166.9,
        "period": "2022-09-30",
        "pretaxIncome": 219.7,
        "provisionforIncomeTaxes": 52.8,
        "revenue": 1244.3,
        "sgaExpense": 318,
        "totalOperatingExpense": 458.9,
        "totalOtherIncomeExpenseNet": 23.9
      },
      {
        "costOfGoodsSold": 542.1,
        "depreciationAmortization": 139.8,
        "dilutedAverageSharesOutstanding": 123.3,
        "dilutedEPS": 1.6269,
        "ebit": 304.6,
        "grossIncome": 774.6,
        "interestExpense": 41.6,
        "interestIncomeExpense": -41.6,
        "minorityInterest": -0.8,
        "netIncome": 200.6,
        "netIncomeAfterTaxes": 201.4,
        "period": "2022-06-30",
        "pretaxIncome": 264.8,
        "provisionforIncomeTaxes": 63.4,
        "revenue": 1316.7,
        "sgaExpense": 330.2,
        "totalOperatingExpense": 470,
        "totalOtherIncomeExpenseNet": 1.8
      },
      {
        "costOfGoodsSold": 553.4,
        "depreciationAmortization": 137.1,
        "dilutedAverageSharesOutstanding": 123.5,
        "dilutedEPS": 1.796,
        "ebit": 332.4,
        "grossIncome": 809.8,
        "interestExpense": 39.7,
        "interestIncomeExpense": -39.7,
        "minorityInterest": -1,
        "netIncome": 221.8,
        "netIncomeAfterTaxes": 222.8,
        "period": "2022-03-31",
        "pretaxIncome": 303.8,
        "provisionforIncomeTaxes": 81,
        "revenue": 1363.2,
        "sgaExpense": 340.3,
        "totalOperatingExpense": 477.4,
        "totalOtherIncomeExpenseNet": 11.1
      },
      {
        "costOfGoodsSold": 525.6,
        "depreciationAmortization": 132.2,
        "dilutedAverageSharesOutstanding": 123.9,
        "dilutedEPS": 0.9855,
        "ebit": 260.8,
        "grossIncome": 727.6,
        "interestExpense": 38.5,
        "interestIncomeExpense": -38.5,
        "minorityInterest": -0.9,
        "netIncome": 122.1,
        "netIncomeAfterTaxes": 123,
        "nonRecurringItems": -8.6,
        "period": "2021-12-31",
        "pretaxIncome": 138.2,
        "provisionforIncomeTaxes": 15.2,
        "revenue": 1253.2,
        "sgaExpense": 334.6,
        "totalOperatingExpense": 466.8,
        "totalOtherIncomeExpenseNet": -75.5
      },
      {
        "costOfGoodsSold": 489,
        "depreciationAmortization": 116.5,
        "dilutedAverageSharesOutstanding": 123.7,
        "dilutedEPS": 1.6605,
        "ebit": 273.2,
        "grossIncome": 733.9,
        "interestExpense": 35,
        "interestIncomeExpense": -35,
        "minorityInterest": -1.2,
        "netIncome": 205.4,
        "netIncomeAfterTaxes": 206.6,
        "period": "2021-09-30",
        "pretaxIncome": 265.4,
        "provisionforIncomeTaxes": 58.8,
        "revenue": 1222.9,
        "sgaExpense": 344.2,
        "totalOperatingExpense": 460.7,
        "totalOtherIncomeExpenseNet": 27.2
      },
      {
        "costOfGoodsSold": 483,
        "depreciationAmortization": 117.4,
        "dilutedAverageSharesOutstanding": 123.5,
        "dilutedEPS": 1.7417,
        "ebit": 306,
        "grossIncome": 751.8,
        "interestExpense": 34.9,
        "interestIncomeExpense": -34.9,
        "minorityInterest": -0.8,
        "netIncome": 215.1,
        "netIncomeAfterTaxes": 215.9,
        "period": "2021-06-30",
        "pretaxIncome": 277.1,
        "provisionforIncomeTaxes": 61.2,
        "revenue": 1234.8,
        "sgaExpense": 328.4,
        "totalOperatingExpense": 445.8,
        "totalOtherIncomeExpenseNet": 6
      },
      {
        "costOfGoodsSold": 483.3,
        "depreciationAmortization": 114.3,
        "dilutedAverageSharesOutstanding": 123.2,
        "dilutedEPS": 1.64,
        "ebit": 306.6,
        "grossIncome": 729.7,
        "interestExpense": 37.2,
        "interestIncomeExpense": -37.2,
        "minorityInterest": -1.3,
        "netIncome": 201.6,
        "netIncomeAfterTaxes": 202.9,
        "period": "2021-03-31",
        "pretaxIncome": 268.5,
        "provisionforIncomeTaxes": 65.6,
        "revenue": 1213,
        "sgaExpense": 308.8,
        "totalOperatingExpense": 423.1,
        "totalOtherIncomeExpenseNet": -0.9
      },
      {
        "costOfGoodsSold": 480.9,
        "depreciationAmortization": 101.5,
        "dilutedAverageSharesOutstanding": 123.1,
        "dilutedEPS": 0.71,
        "ebit": 201.3,
        "grossIncome": 637.5,
        "interestExpense": 36.9,
        "interestIncomeExpense": -36.9,
        "minorityInterest": -3.2,
        "netIncome": 87.4,
        "netIncomeAfterTaxes": 90.6,
        "nonRecurringItems": -31.9,
        "period": "2020-12-31",
        "pretaxIncome": 111.6,
        "provisionforIncomeTaxes": 21,
        "revenue": 1118.4,
        "sgaExpense": 334.7,
        "totalOperatingExpense": 436.2,
        "totalOtherIncomeExpenseNet": -20.9
      },
      {
        "costOfGoodsSold": 433.2,
        "depreciationAmortization": 100.7,
        "dilutedAverageSharesOutstanding": 123,
        "dilutedEPS": 1.82,
        "ebit": 204.4,
        "grossIncome": 635.1,
        "interestExpense": 37.4,
        "interestIncomeExpense": -37.4,
        "minorityInterest": -0.8,
        "netIncome": 224.2,
        "netIncomeAfterTaxes": 225,
        "period": "2020-09-30",
        "pretaxIncome": 300.4,
        "provisionforIncomeTaxes": 75.4,
        "revenue": 1068.3,
        "sgaExpense": 330,
        "totalOperatingExpense": 430.7,
        "totalOtherIncomeExpenseNet": 133.4
      },
      {
        "costOfGoodsSold": 409.3,
        "depreciationAmortization": 96.8,
        "dilutedAverageSharesOutstanding": 122.7,
        "dilutedEPS": 0.78,
        "ebit": 166.8,
        "grossIncome": 573.5,
        "interestExpense": 36.6,
        "interestIncomeExpense": -36.6,
        "minorityInterest": -0.2,
        "netIncome": 95.9,
        "netIncomeAfterTaxes": 96.1,
        "period": "2020-06-30",
        "pretaxIncome": 122.7,
        "provisionforIncomeTaxes": 26.6,
        "revenue": 982.8,
        "sgaExpense": 309.9,
        "totalOperatingExpense": 406.7,
        "totalOtherIncomeExpenseNet": -7.5
      },
      {
        "costOfGoodsSold": 414.1,
        "depreciationAmortization": 91.9,
        "dilutedAverageSharesOutstanding": 122.6,
        "dilutedEPS": 0.92,
        "ebit": 135.9,
        "grossIncome": 543.8,
        "interestExpense": 30.7,
        "interestIncomeExpense": -30.7,
        "minorityInterest": -1.9,
        "netIncome": 112.6,
        "netIncomeAfterTaxes": 114.5,
        "period": "2020-03-31",
        "pretaxIncome": 150.5,
        "provisionforIncomeTaxes": 36,
        "revenue": 957.9,
        "sgaExpense": 316,
        "totalOperatingExpense": 407.9,
        "totalOtherIncomeExpenseNet": 45.3
      },
      {
        "costOfGoodsSold": 382.8,
        "depreciationAmortization": 86.9,
        "dilutedAverageSharesOutstanding": 121.2,
        "dilutedEPS": 0.08,
        "ebit": 47.1,
        "grossIncome": 523,
        "interestExpense": 29.4,
        "interestIncomeExpense": -29.4,
        "minorityInterest": -1.6,
        "netIncome": 9.2,
        "netIncomeAfterTaxes": 10.8,
        "nonRecurringItems": 0,
        "period": "2019-12-31",
        "pretaxIncome": 23.9,
        "provisionforIncomeTaxes": 13.1,
        "revenue": 905.8,
        "sgaExpense": 389,
        "totalOperatingExpense": 475.9,
        "totalOtherIncomeExpenseNet": 6.2
      },
      {
        "costOfGoodsSold": 374.5,
        "depreciationAmortization": 84.1,
        "dilutedAverageSharesOutstanding": 122.3,
        "dilutedEPS": 0.66,
        "ebit": 121.6,
        "grossIncome": 501.2,
        "interestExpense": 28,
        "interestIncomeExpense": -28,
        "minorityInterest": -1.4,
        "netIncome": 81.1,
        "netIncomeAfterTaxes": 82.5,
        "nonRecurringItems": 0,
        "period": "2019-09-30",
        "pretaxIncome": 96.5,
        "provisionforIncomeTaxes": 14,
        "revenue": 875.7,
        "sgaExpense": 295.5,
        "totalOperatingExpense": 379.6,
        "totalOtherIncomeExpenseNet": 2.9
      },
      {
        "costOfGoodsSold": 376.9,
        "depreciationAmortization": 82.5,
        "dilutedAverageSharesOutstanding": 122,
        "dilutedEPS": 0.55,
        "ebit": 113.8,
        "grossIncome": 503.1,
        "interestExpense": 27.6,
        "interestIncomeExpense": -27.6,
        "minorityInterest": -1.5,
        "netIncome": 66.8,
        "netIncomeAfterTaxes": 68.3,
        "nonRecurringItems": 0,
        "period": "2019-06-30",
        "pretaxIncome": 89,
        "provisionforIncomeTaxes": 20.7,
        "revenue": 880,
        "sgaExpense": 306.8,
        "totalOperatingExpense": 389.3,
        "totalOtherIncomeExpenseNet": 2.8
      },
      {
        "costOfGoodsSold": 387.5,
        "depreciationAmortization": 77.6,
        "dilutedAverageSharesOutstanding": 120.7,
        "dilutedEPS": -4.61,
        "ebit": -606.4,
        "grossIncome": 458.6,
        "interestExpense": 26.7,
        "interestIncomeExpense": -26.7,
        "minorityInterest": -1.5,
        "netIncome": -555.9,
        "netIncomeAfterTaxes": -554.4,
        "nonRecurringItems": -11.5,
        "period": "2019-03-31",
        "pretaxIncome": -642.5,
        "provisionforIncomeTaxes": -88.1,
        "revenue": 846.1,
        "sgaExpense": 987.4,
        "totalOperatingExpense": 1065,
        "totalOtherIncomeExpenseNet": 2.1
      },
      {
        "costOfGoodsSold": 372.2,
        "depreciationAmortization": 79.1,
        "dilutedAverageSharesOutstanding": 121.1,
        "dilutedEPS": 0.21,
        "ebit": 46.1,
        "grossIncome": 463.1,
        "interestExpense": 26.5,
        "interestIncomeExpense": -26.5,
        "minorityInterest": -1.1,
        "netIncome": 25.6,
        "netIncomeAfterTaxes": 26.7,
        "period": "2018-12-31",
        "pretaxIncome": 25,
        "provisionforIncomeTaxes": -1.7,
        "revenue": 835.3,
        "sgaExpense": 337.9,
        "totalOperatingExpense": 417,
        "totalOtherIncomeExpenseNet": 5.4
      },
      {
        "costOfGoodsSold": 376.7,
        "depreciationAmortization": 75.9,
        "dilutedAverageSharesOutstanding": 121.6,
        "dilutedEPS": 0.32,
        "ebit": 64.1,
        "grossIncome": 457.5,
        "interestExpense": 26.7,
        "interestIncomeExpense": -26.7,
        "minorityInterest": -1.2,
        "netIncome": 38.4,
        "netIncomeAfterTaxes": 39.6,
        "period": "2018-09-30",
        "pretaxIncome": 38.7,
        "provisionforIncomeTaxes": -0.9,
        "revenue": 834.2,
        "sgaExpense": 317.5,
        "totalOperatingExpense": 393.4,
        "totalOtherIncomeExpenseNet": 1.3
      },
      {
        "costOfGoodsSold": 348.6,
        "depreciationAmortization": 77.2,
        "dilutedAverageSharesOutstanding": 121.4,
        "dilutedEPS": 1.19,
        "ebit": 193.6,
        "grossIncome": 528.3,
        "interestExpense": 26.4,
        "interestIncomeExpense": -26.4,
        "minorityInterest": -1.3,
        "netIncome": 144.8,
        "netIncomeAfterTaxes": 146.1,
        "period": "2018-06-30",
        "pretaxIncome": 169.4,
        "provisionforIncomeTaxes": 23.3,
        "revenue": 876.9,
        "sgaExpense": 257.5,
        "totalOperatingExpense": 334.7,
        "totalOtherIncomeExpenseNet": 2.2
      },
      {
        "costOfGoodsSold": 342.8,
        "depreciationAmortization": 78.2,
        "dilutedAverageSharesOutstanding": 121.3,
        "dilutedEPS": 0.75,
        "ebit": 144.2,
        "grossIncome": 522.9,
        "interestExpense": 23.9,
        "interestIncomeExpense": -23.9,
        "minorityInterest": -2.9,
        "netIncome": 90.9,
        "netIncomeAfterTaxes": 93.8,
        "period": "2018-03-31",
        "pretaxIncome": 123.2,
        "provisionforIncomeTaxes": 29.4,
        "revenue": 865.7,
        "sgaExpense": 300.5,
        "totalOperatingExpense": 378.7,
        "totalOtherIncomeExpenseNet": 2.9
      },
      {
        "costOfGoodsSold": 318.8,
        "depreciationAmortization": 73.6,
        "dilutedAverageSharesOutstanding": 121.2,
        "dilutedEPS": 1.42,
        "ebit": 190.8,
        "grossIncome": 519.6,
        "interestExpense": 22.7,
        "interestIncomeExpense": -22.7,
        "minorityInterest": -2.2,
        "netIncome": 172.3,
        "netIncomeAfterTaxes": 126.2,
        "period": "2017-12-31",
        "pretaxIncome": 172.3,
        "provisionforIncomeTaxes": 46.1,
        "revenue": 838.4,
        "sgaExpense": 255.2,
        "totalOperatingExpense": 328.8,
        "totalOtherIncomeExpenseNet": 4.2
      },
      {
        "costOfGoodsSold": 297.3,
        "depreciationAmortization": 72.4,
        "dilutedAverageSharesOutstanding": 121.4,
        "dilutedEPS": 0.79,
        "ebit": 152.9,
        "grossIncome": 537.5,
        "interestExpense": 21.4,
        "interestIncomeExpense": -21.4,
        "minorityInterest": -4.2,
        "netIncome": 96.3,
        "netIncomeAfterTaxes": 100.5,
        "period": "2017-09-30",
        "pretaxIncome": 136,
        "provisionforIncomeTaxes": 35.5,
        "revenue": 834.8,
        "sgaExpense": 312.2,
        "totalOperatingExpense": 384.6,
        "totalOtherIncomeExpenseNet": 4.5
      },
      {
        "costOfGoodsSold": 293.7,
        "depreciationAmortization": 70.5,
        "dilutedAverageSharesOutstanding": 121.9,
        "dilutedEPS": 1.36,
        "ebit": 264.1,
        "grossIncome": 563,
        "interestExpense": 24.6,
        "interestIncomeExpense": -24.6,
        "minorityInterest": -2.2,
        "netIncome": 165.4,
        "netIncomeAfterTaxes": 167.6,
        "period": "2017-06-30",
        "pretaxIncome": 242.6,
        "provisionforIncomeTaxes": 75,
        "revenue": 856.7,
        "sgaExpense": 228.4,
        "totalOperatingExpense": 298.9,
        "totalOtherIncomeExpenseNet": 3.1
      },
      {
        "costOfGoodsSold": 300.8,
        "depreciationAmortization": 71.3,
        "dilutedAverageSharesOutstanding": 121.9,
        "dilutedEPS": 1.26,
        "ebit": 216.8,
        "grossIncome": 531.4,
        "interestExpense": 24.2,
        "interestIncomeExpense": -24.2,
        "minorityInterest": -2.1,
        "netIncome": 153.3,
        "netIncomeAfterTaxes": 155.4,
        "period": "2017-03-31",
        "pretaxIncome": 195.7,
        "provisionforIncomeTaxes": 40.3,
        "revenue": 832.2,
        "sgaExpense": 243.3,
        "totalOperatingExpense": 314.6,
        "totalOtherIncomeExpenseNet": 3.1
      },
      {
        "costOfGoodsSold": 286.3,
        "depreciationAmortization": 70.9,
        "dilutedAverageSharesOutstanding": 121.1,
        "dilutedEPS": 1.02,
        "ebit": 209.6,
        "grossIncome": 514.8,
        "interestExpense": 24.1,
        "interestIncomeExpense": -24.1,
        "minorityInterest": -1.8,
        "netIncome": 123,
        "netIncomeAfterTaxes": 124.8,
        "nonRecurringItems": -5.7,
        "period": "2016-12-31",
        "pretaxIncome": 182.6,
        "provisionforIncomeTaxes": 57.8,
        "revenue": 801.1,
        "sgaExpense": 234.3,
        "totalOperatingExpense": 305.2,
        "totalOtherIncomeExpenseNet": 2.8
      },
      {
        "costOfGoodsSold": 288,
        "depreciationAmortization": 70.6,
        "dilutedAverageSharesOutstanding": 121.3,
        "dilutedEPS": 1.09,
        "ebit": 212.1,
        "grossIncome": 516.1,
        "interestExpense": 24.3,
        "interestIncomeExpense": -24.3,
        "minorityInterest": -2.1,
        "netIncome": 132.8,
        "netIncomeAfterTaxes": 134.9,
        "period": "2016-09-30",
        "pretaxIncome": 190.2,
        "provisionforIncomeTaxes": 55.3,
        "revenue": 804.1,
        "sgaExpense": 233.4,
        "totalOperatingExpense": 304,
        "totalOtherIncomeExpenseNet": 2.4
      },
      {
        "costOfGoodsSold": 285.8,
        "depreciationAmortization": 68.2,
        "dilutedAverageSharesOutstanding": 121.1,
        "dilutedEPS": 1.08,
        "ebit": 225.7,
        "grossIncome": 525.5,
        "interestExpense": 23.6,
        "interestIncomeExpense": -23.6,
        "minorityInterest": -2.1,
        "netIncome": 130.9,
        "netIncomeAfterTaxes": 133,
        "period": "2016-06-30",
        "pretaxIncome": 201.3,
        "provisionforIncomeTaxes": 68.3,
        "revenue": 811.3,
        "sgaExpense": 231.6,
        "totalOperatingExpense": 299.8,
        "totalOtherIncomeExpenseNet": -0.8
      },
      {
        "costOfGoodsSold": 253.3,
        "depreciationAmortization": 55.7,
        "dilutedAverageSharesOutstanding": 120.8,
        "dilutedEPS": 0.85,
        "ebit": 176.2,
        "grossIncome": 475,
        "interestExpense": 20.1,
        "interestIncomeExpense": -20.1,
        "minorityInterest": -0.3,
        "netIncome": 102.1,
        "netIncomeAfterTaxes": 102.4,
        "period": "2016-03-31",
        "pretaxIncome": 154,
        "provisionforIncomeTaxes": 51.6,
        "revenue": 728.3,
        "sgaExpense": 243.1,
        "totalOperatingExpense": 298.8,
        "totalOtherIncomeExpenseNet": -2.1
      },
      {
        "costOfGoodsSold": 225,
        "depreciationAmortization": 48.9,
        "dilutedAverageSharesOutstanding": 120.6,
        "dilutedEPS": 0.93,
        "ebit": 176.9,
        "grossIncome": 441.3,
        "interestExpense": 15.7,
        "interestIncomeExpense": -15.7,
        "minorityInterest": -1.1,
        "netIncome": 111.9,
        "netIncomeAfterTaxes": 113,
        "period": "2015-12-31",
        "pretaxIncome": 167.7,
        "provisionforIncomeTaxes": 54.7,
        "revenue": 666.3,
        "sgaExpense": 215.5,
        "totalOperatingExpense": 264.4,
        "totalOtherIncomeExpenseNet": 6.5
      },
      {
        "costOfGoodsSold": 226.5,
        "depreciationAmortization": 49.4,
        "dilutedAverageSharesOutstanding": 120.6,
        "dilutedEPS": 0.98,
        "ebit": 176.2,
        "grossIncome": 440.9,
        "interestExpense": 15.8,
        "interestIncomeExpense": -15.8,
        "minorityInterest": -1.8,
        "netIncome": 117.9,
        "netIncomeAfterTaxes": 119.7,
        "nonRecurringItems": -1.9,
        "period": "2015-09-30",
        "pretaxIncome": 172.9,
        "provisionforIncomeTaxes": 53.2,
        "revenue": 667.4,
        "sgaExpense": 215.3,
        "totalOperatingExpense": 264.7,
        "totalOtherIncomeExpenseNet": 14.4
      }
    ],
    "symbol": "EFX"
  }
}