{
  "symbol": "CME",
  "statement": "ic",
  "frequency": "quarterly",
  "timestamp": "2025-09-19T13:58:07.752970",
  "data": {
    "financials": [
      {
        "depreciationAmortization": 83.4,
        "dilutedAverageSharesOutstanding": 360.355,
        "dilutedEPS": 2.81,
        "ebit": 2647.7,
        "interestExpense": 44,
        "interestIncomeExpense": 55,
        "netIncome": 1012.2,
        "netIncomeAfterTaxes": 1025.1,
        "otherOperatingExpensesTotal": 53.2,
        "period": "2025-06-30",
        "pretaxIncome": 1330.3,
        "provisionforIncomeTaxes": 305.2,
        "revenue": 3210.4,
        "sgaExpense": 426.1,
        "totalOperatingExpense": 562.7,
        "totalOtherIncomeExpenseNet": -1372.4
      },
      {
        "depreciationAmortization": 82.5,
        "dilutedAverageSharesOutstanding": 360.227,
        "dilutedEPS": 2.62,
        "ebit": 2000.7,
        "interestExpense": 41.7,
        "interestIncomeExpense": 46.5,
        "netIncome": 944.2,
        "netIncomeAfterTaxes": 956.2,
        "otherOperatingExpensesTotal": 44.5,
        "period": "2025-03-31",
        "pretaxIncome": 1244.8,
        "provisionforIncomeTaxes": 288.6,
        "revenue": 2535,
        "sgaExpense": 407.3,
        "totalOperatingExpense": 534.3,
        "totalOtherIncomeExpenseNet": -802.4
      },
      {
        "depreciationAmortization": 83.4,
        "dilutedAverageSharesOutstanding": 360.079,
        "dilutedEPS": 2.4,
        "ebit": 1883.6,
        "interestExpense": 40.7,
        "interestIncomeExpense": 50.5,
        "netIncome": 863.7,
        "netIncomeAfterTaxes": 874.6,
        "otherOperatingExpensesTotal": 77.8,
        "period": "2024-12-31",
        "pretaxIncome": 1096.6,
        "provisionforIncomeTaxes": 222,
        "revenue": 2461.8,
        "sgaExpense": 417,
        "totalOperatingExpense": 578.2,
        "totalOtherIncomeExpenseNet": -837.5
      },
      {
        "depreciationAmortization": 83.9,
        "dilutedAverageSharesOutstanding": 359.989,
        "dilutedEPS": 2.5,
        "ebit": 2051,
        "interestExpense": 40.2,
        "interestIncomeExpense": 45.9,
        "netIncome": 901.3,
        "netIncomeAfterTaxes": 912.8,
        "otherOperatingExpensesTotal": 49.5,
        "period": "2024-09-30",
        "pretaxIncome": 1176.9,
        "provisionforIncomeTaxes": 264.1,
        "revenue": 2611.2,
        "sgaExpense": 426.8,
        "totalOperatingExpense": 560.2,
        "totalOtherIncomeExpenseNet": -920
      },
      {
        "depreciationAmortization": 84.2,
        "dilutedAverageSharesOutstanding": 359.869,
        "dilutedEPS": 2.42,
        "ebit": 2045.1,
        "interestExpense": 40.1,
        "interestIncomeExpense": 46.3,
        "netIncome": 872.1,
        "netIncomeAfterTaxes": 883.2,
        "otherOperatingExpensesTotal": 45,
        "period": "2024-06-30",
        "pretaxIncome": 1154.5,
        "provisionforIncomeTaxes": 271.3,
        "revenue": 2577,
        "sgaExpense": 402.7,
        "totalOperatingExpense": 531.9,
        "totalOtherIncomeExpenseNet": -936.9
      },
      {
        "depreciationAmortization": 85.3,
        "dilutedAverageSharesOutstanding": 359.833,
        "dilutedEPS": 2.35,
        "ebit": 2030.9,
        "interestExpense": 39.9,
        "interestIncomeExpense": 47.3,
        "netIncome": 844.4,
        "netIncomeAfterTaxes": 855.2,
        "otherOperatingExpensesTotal": 43.5,
        "period": "2024-03-31",
        "pretaxIncome": 1113.4,
        "provisionforIncomeTaxes": 258.2,
        "revenue": 2559.2,
        "sgaExpense": 399.5,
        "totalOperatingExpense": 528.3,
        "totalOtherIncomeExpenseNet": -964.8
      },
      {
        "depreciationAmortization": 86.3,
        "dilutedAverageSharesOutstanding": 359.656,
        "dilutedEPS": 2.24,
        "ebit": 1940.1,
        "interestExpense": 39.7,
        "interestIncomeExpense": 27.1,
        "minorityInterest": 0,
        "netIncome": 804.3,
        "netIncomeAfterTaxes": 814.6,
        "otherOperatingExpensesTotal": 88.4,
        "period": "2023-12-31",
        "pretaxIncome": 1006,
        "provisionforIncomeTaxes": 191.4,
        "revenue": 2516.2,
        "sgaExpense": 401.4,
        "totalOperatingExpense": 576.1,
        "totalOtherIncomeExpenseNet": -961.2
      },
      {
        "depreciationAmortization": 88.3,
        "dilutedAverageSharesOutstanding": 359.619,
        "dilutedEPS": 2.06,
        "ebit": 2092.7,
        "interestExpense": 39.6,
        "interestIncomeExpense": 37.2,
        "netIncome": 740.8,
        "netIncomeAfterTaxes": 750.2,
        "otherOperatingExpensesTotal": 42.6,
        "period": "2023-09-30",
        "pretaxIncome": 974.3,
        "provisionforIncomeTaxes": 224.1,
        "revenue": 2610.3,
        "sgaExpense": 386.7,
        "totalOperatingExpense": 517.6,
        "totalOtherIncomeExpenseNet": -1155.6
      },
      {
        "depreciationAmortization": 89.3,
        "dilutedAverageSharesOutstanding": 359.429,
        "dilutedEPS": 2.14,
        "ebit": 2406.8,
        "interestExpense": 40.2,
        "interestIncomeExpense": 34.9,
        "netIncome": 767.8,
        "netIncomeAfterTaxes": 777.6,
        "otherOperatingExpensesTotal": 43.3,
        "period": "2023-06-30",
        "pretaxIncome": 1016.4,
        "provisionforIncomeTaxes": 238.8,
        "revenue": 2928.4,
        "sgaExpense": 389,
        "totalOperatingExpense": 521.6,
        "totalOtherIncomeExpenseNet": -1425.3
      },
      {
        "depreciationAmortization": 88.7,
        "dilutedAverageSharesOutstanding": 359.313,
        "dilutedEPS": 2.43,
        "ebit": 2271.4,
        "interestExpense": 39.9,
        "interestIncomeExpense": 38.3,
        "netIncome": 872.7,
        "netIncomeAfterTaxes": 883.8,
        "otherOperatingExpensesTotal": 46.3,
        "period": "2023-03-31",
        "pretaxIncome": 1156.9,
        "provisionforIncomeTaxes": 273.1,
        "revenue": 2799.3,
        "sgaExpense": 392.9,
        "totalOperatingExpense": 527.9,
        "totalOtherIncomeExpenseNet": -1152.8
      },
      {
        "depreciationAmortization": 90.6,
        "dilutedAverageSharesOutstanding": 359.106,
        "dilutedEPS": 1.75,
        "ebit": 1820.5,
        "interestExpense": 39.9,
        "interestIncomeExpense": 24.1,
        "minorityInterest": 0,
        "netIncome": 630,
        "netIncomeAfterTaxes": 637.9,
        "otherOperatingExpensesTotal": 81.1,
        "period": "2022-12-31",
        "pretaxIncome": 827.3,
        "provisionforIncomeTaxes": 189.4,
        "revenue": 2360,
        "sgaExpense": 367.8,
        "totalOperatingExpense": 539.5,
        "totalOtherIncomeExpenseNet": -1017.3
      },
      {
        "depreciationAmortization": 90,
        "dilutedAverageSharesOutstanding": 359.288,
        "dilutedEPS": 1.87,
        "ebit": 1425,
        "interestExpense": 40.4,
        "interestIncomeExpense": 36.1,
        "minorityInterest": 0,
        "netIncome": 671.1,
        "netIncomeAfterTaxes": 679.6,
        "otherOperatingExpensesTotal": 29.6,
        "period": "2022-09-30",
        "pretaxIncome": 880,
        "provisionforIncomeTaxes": 200.4,
        "revenue": 1914,
        "sgaExpense": 369.4,
        "totalOperatingExpense": 489,
        "totalOtherIncomeExpenseNet": -581.1
      },
      {
        "depreciationAmortization": 90.1,
        "dilutedAverageSharesOutstanding": 359.205,
        "dilutedEPS": 1.82,
        "ebit": 1036.6,
        "interestExpense": 39.9,
        "interestIncomeExpense": 47.4,
        "minorityInterest": 0,
        "netIncome": 654.1,
        "netIncomeAfterTaxes": 662.5,
        "otherOperatingExpensesTotal": 36.9,
        "period": "2022-06-30",
        "pretaxIncome": 866.7,
        "provisionforIncomeTaxes": 204.2,
        "revenue": 1524.1,
        "sgaExpense": 360.5,
        "totalOperatingExpense": 487.5,
        "totalOtherIncomeExpenseNet": -217.3
      },
      {
        "depreciationAmortization": 91.9,
        "dilutedAverageSharesOutstanding": 359.18,
        "dilutedEPS": 1.95,
        "ebit": 932.2,
        "interestExpense": 42.5,
        "interestIncomeExpense": 30.8,
        "minorityInterest": 0,
        "netIncome": 702,
        "netIncomeAfterTaxes": 711,
        "otherOperatingExpensesTotal": 37.1,
        "period": "2022-03-31",
        "pretaxIncome": 916.3,
        "provisionforIncomeTaxes": 205.3,
        "revenue": 1419.7,
        "sgaExpense": 358.5,
        "totalOperatingExpense": 487.5,
        "totalOtherIncomeExpenseNet": -46.7
      },
      {
        "depreciationAmortization": 94.5,
        "dilutedAverageSharesOutstanding": 359.034,
        "dilutedEPS": 1.69,
        "ebit": 699.5,
        "gainLossOnDispositionOfAssets": 30.4,
        "interestExpense": 41.9,
        "interestIncomeExpense": 25.6,
        "minorityInterest": 1,
        "netIncome": 605.9,
        "netIncomeAfterTaxes": 625.2,
        "nonRecurringItems": 57.2,
        "otherOperatingExpensesTotal": 65.7,
        "period": "2021-12-31",
        "pretaxIncome": 799.3,
        "provisionforIncomeTaxes": 174.1,
        "revenue": 1215.1,
        "sgaExpense": 355.4,
        "totalOperatingExpense": 515.6,
        "totalOtherIncomeExpenseNet": -13.4
      },
      {
        "depreciationAmortization": 96.2,
        "dilutedAverageSharesOutstanding": 358.988,
        "dilutedEPS": 2.58,
        "ebit": 759.5,
        "interestExpense": 41.8,
        "interestIncomeExpense": 24.6,
        "minorityInterest": 0.2,
        "netIncome": 926.5,
        "netIncomeAfterTaxes": 926.3,
        "nonRecurringItems": 343.5,
        "otherOperatingExpensesTotal": 33.7,
        "period": "2021-09-30",
        "pretaxIncome": 1095.9,
        "provisionforIncomeTaxes": 169.6,
        "revenue": 1255.7,
        "sgaExpense": 366.3,
        "totalOperatingExpense": 496.2,
        "totalOtherIncomeExpenseNet": -31.7
      },
      {
        "depreciationAmortization": 96.5,
        "dilutedAverageSharesOutstanding": 358.888,
        "dilutedEPS": 1.42,
        "ebit": 737.1,
        "interestExpense": 41.7,
        "interestIncomeExpense": 14,
        "minorityInterest": -0.3,
        "netIncome": 510.3,
        "netIncomeAfterTaxes": 510.6,
        "otherOperatingExpensesTotal": 39.5,
        "period": "2021-06-30",
        "pretaxIncome": 726.1,
        "provisionforIncomeTaxes": 215.5,
        "revenue": 1241.6,
        "sgaExpense": 368.5,
        "totalOperatingExpense": 504.5,
        "totalOtherIncomeExpenseNet": -25
      },
      {
        "depreciationAmortization": 98.2,
        "dilutedAverageSharesOutstanding": 358.817,
        "dilutedEPS": 1.6,
        "ebit": 756,
        "interestExpense": 41.5,
        "interestIncomeExpense": 14.7,
        "minorityInterest": -0.4,
        "netIncome": 574.4,
        "netIncomeAfterTaxes": 574.8,
        "otherOperatingExpensesTotal": 37.9,
        "period": "2021-03-31",
        "pretaxIncome": 752.3,
        "provisionforIncomeTaxes": 177.5,
        "revenue": 1284.2,
        "sgaExpense": 392.1,
        "totalOperatingExpense": 528.2,
        "totalOtherIncomeExpenseNet": -18.4
      },
      {
        "depreciationAmortization": 120.5,
        "dilutedAverageSharesOutstanding": 358.62,
        "dilutedEPS": 1.18,
        "ebit": 546.1,
        "interestExpense": 41.7,
        "interestIncomeExpense": 4.9,
        "minorityInterest": -0.8,
        "netIncome": 424,
        "netIncomeAfterTaxes": 424.8,
        "otherOperatingExpensesTotal": 69,
        "period": "2020-12-31",
        "pretaxIncome": 535,
        "provisionforIncomeTaxes": 110.2,
        "revenue": 1129.6,
        "sgaExpense": 394,
        "totalOperatingExpense": 583.5,
        "totalOtherIncomeExpenseNet": -16
      },
      {
        "depreciationAmortization": 118,
        "dilutedAverageSharesOutstanding": 358.59,
        "dilutedEPS": 1.15,
        "ebit": 548.6,
        "interestExpense": 41.7,
        "interestIncomeExpense": 2.3,
        "minorityInterest": 0.2,
        "netIncome": 411.7,
        "netIncomeAfterTaxes": 411.5,
        "otherOperatingExpensesTotal": 49.2,
        "period": "2020-09-30",
        "pretaxIncome": 536.5,
        "provisionforIncomeTaxes": 125,
        "revenue": 1104.3,
        "sgaExpense": 388.5,
        "totalOperatingExpense": 555.7,
        "totalOtherIncomeExpenseNet": -14.4
      },
      {
        "depreciationAmortization": 113.3,
        "dilutedAverageSharesOutstanding": 358.457,
        "dilutedEPS": 1.4,
        "ebit": 669.6,
        "interestExpense": 41.9,
        "interestIncomeExpense": 6.9,
        "minorityInterest": 0,
        "netIncome": 503.3,
        "netIncomeAfterTaxes": 503.3,
        "otherOperatingExpensesTotal": 41.9,
        "period": "2020-06-30",
        "pretaxIncome": 661.3,
        "provisionforIncomeTaxes": 158,
        "revenue": 1214.4,
        "sgaExpense": 389.6,
        "totalOperatingExpense": 544.8,
        "totalOtherIncomeExpenseNet": -15.2
      },
      {
        "depreciationAmortization": 112.6,
        "dilutedAverageSharesOutstanding": 358.455,
        "dilutedEPS": 2.14,
        "ebit": 1055.8,
        "interestExpense": 40.9,
        "interestIncomeExpense": 10.3,
        "minorityInterest": -0.6,
        "netIncome": 766.2,
        "netIncomeAfterTaxes": 766.8,
        "otherOperatingExpensesTotal": 63.7,
        "period": "2020-03-31",
        "pretaxIncome": 989.3,
        "provisionforIncomeTaxes": 222.5,
        "revenue": 1618,
        "sgaExpense": 385.9,
        "totalOperatingExpense": 562.2,
        "totalOtherIncomeExpenseNet": -76.8
      },
      {
        "depreciationAmortization": 116.1,
        "dilutedAverageSharesOutstanding": 358.353,
        "dilutedEPS": 1.31,
        "ebit": 720.6,
        "interestExpense": 42,
        "interestIncomeExpense": 2.5,
        "minorityInterest": 0.5,
        "netIncome": 469.5,
        "netIncomeAfterTaxes": 469,
        "otherOperatingExpensesTotal": 68.1,
        "period": "2019-12-31",
        "pretaxIncome": 624.1,
        "provisionforIncomeTaxes": 155.1,
        "revenue": 1286,
        "sgaExpense": 381.2,
        "totalOperatingExpense": 565.4,
        "totalOtherIncomeExpenseNet": -99
      },
      {
        "depreciationAmortization": 121.2,
        "dilutedAverageSharesOutstanding": 358.369,
        "dilutedEPS": 1.78,
        "ebit": 685.2,
        "interestExpense": 42.8,
        "interestIncomeExpense": 177.5,
        "minorityInterest": 0,
        "netIncome": 636.3,
        "netIncomeAfterTaxes": 636.3,
        "otherOperatingExpensesTotal": 89,
        "period": "2019-09-30",
        "pretaxIncome": 723.2,
        "provisionforIncomeTaxes": 86.9,
        "revenue": 1277.3,
        "sgaExpense": 381.9,
        "totalOperatingExpense": 592.1,
        "totalOtherIncomeExpenseNet": -139.5
      },
      {
        "depreciationAmortization": 122.4,
        "dilutedAverageSharesOutstanding": 358.155,
        "dilutedEPS": 1.43,
        "ebit": 698.6,
        "interestExpense": 45.1,
        "interestIncomeExpense": 138,
        "minorityInterest": -0.8,
        "netIncome": 513.8,
        "netIncomeAfterTaxes": 514.6,
        "otherOperatingExpensesTotal": 68.9,
        "period": "2019-06-30",
        "pretaxIncome": 702.1,
        "provisionforIncomeTaxes": 187.5,
        "revenue": 1272.7,
        "sgaExpense": 382.8,
        "totalOperatingExpense": 574.1,
        "totalOtherIncomeExpenseNet": -134.5
      },
      {
        "depreciationAmortization": 113.6,
        "dilutedAverageSharesOutstanding": 358.047,
        "dilutedEPS": 1.39,
        "ebit": 631,
        "interestExpense": 48.1,
        "interestIncomeExpense": 171.1,
        "minorityInterest": 1,
        "netIncome": 496.9,
        "netIncomeAfterTaxes": 495.9,
        "otherOperatingExpensesTotal": 55.9,
        "period": "2019-03-31",
        "pretaxIncome": 640.2,
        "provisionforIncomeTaxes": 144.3,
        "revenue": 1179.6,
        "sgaExpense": 379.1,
        "totalOperatingExpense": 548.6,
        "totalOtherIncomeExpenseNet": -161.9
      },
      {
        "depreciationAmortization": 91.9,
        "dilutedAverageSharesOutstanding": 352.227,
        "dilutedEPS": 1.09,
        "ebit": 649.9,
        "interestExpense": 49.5,
        "interestIncomeExpense": 175,
        "minorityInterest": -1.5,
        "netIncome": 385.5,
        "netIncomeAfterTaxes": 386.8,
        "otherOperatingExpensesTotal": 102.8,
        "period": "2018-12-31",
        "pretaxIncome": 670.5,
        "provisionforIncomeTaxes": 283.7,
        "revenue": 1236.6,
        "sgaExpense": 392,
        "totalOperatingExpense": 586.7,
        "totalOtherIncomeExpenseNet": -154.4
      },
      {
        "depreciationAmortization": 53.9,
        "dilutedAverageSharesOutstanding": 341.035,
        "dilutedEPS": 1.21,
        "ebit": 549.9,
        "interestExpense": 45,
        "interestIncomeExpense": 153.6,
        "netIncome": 411.8,
        "netIncomeAfterTaxes": 411.8,
        "otherOperatingExpensesTotal": 45.1,
        "period": "2018-09-30",
        "pretaxIncome": 561.8,
        "provisionforIncomeTaxes": 150,
        "revenue": 904.2,
        "sgaExpense": 255.3,
        "totalOperatingExpense": 354.3,
        "totalOtherIncomeExpenseNet": -141.7
      },
      {
        "depreciationAmortization": 51.1,
        "dilutedAverageSharesOutstanding": 340.872,
        "dilutedEPS": 1.66,
        "ebit": 666.9,
        "interestExpense": 33.1,
        "interestIncomeExpense": 245.2,
        "netIncome": 566.1,
        "netIncomeAfterTaxes": 566.1,
        "otherOperatingExpensesTotal": 73.6,
        "period": "2018-06-30",
        "pretaxIncome": 756.8,
        "provisionforIncomeTaxes": 190.7,
        "revenue": 1059.6,
        "sgaExpense": 268,
        "totalOperatingExpense": 392.7,
        "totalOtherIncomeExpenseNet": -155.3
      },
      {
        "depreciationAmortization": 51.8,
        "dilutedAverageSharesOutstanding": 340.747,
        "dilutedEPS": 1.76,
        "ebit": 740.9,
        "interestExpense": 30.1,
        "interestIncomeExpense": 166.4,
        "netIncome": 598.8,
        "netIncomeAfterTaxes": 598.8,
        "otherOperatingExpensesTotal": 26,
        "period": "2018-03-31",
        "pretaxIncome": 788.7,
        "provisionforIncomeTaxes": 189.9,
        "revenue": 1109,
        "sgaExpense": 290.3,
        "totalOperatingExpense": 368.1,
        "totalOtherIncomeExpenseNet": -118.6
      },
      {
        "depreciationAmortization": 51.6,
        "dilutedAverageSharesOutstanding": 340.562,
        "dilutedEPS": 8.63,
        "ebit": 535.9,
        "interestExpense": 29.1,
        "interestIncomeExpense": 144.1,
        "minorityInterest": 0,
        "netIncome": 2939.2,
        "netIncomeAfterTaxes": 2837.6,
        "otherOperatingExpensesTotal": 53.5,
        "period": "2017-12-31",
        "pretaxIncome": 574.7,
        "provisionforIncomeTaxes": -2262.9,
        "revenue": 900,
        "sgaExpense": 259,
        "totalOperatingExpense": 364.1,
        "totalOtherIncomeExpenseNet": -105.3
      },
      {
        "depreciationAmortization": 50.7,
        "dilutedAverageSharesOutstanding": 340.329,
        "dilutedEPS": 0.91,
        "ebit": 567.9,
        "interestExpense": 29.1,
        "interestIncomeExpense": 144.7,
        "netIncome": 308.6,
        "netIncomeAfterTaxes": 308.6,
        "otherOperatingExpensesTotal": 18.3,
        "period": "2017-09-30",
        "pretaxIncome": 607.3,
        "provisionforIncomeTaxes": 298.7,
        "revenue": 890.8,
        "sgaExpense": 253.9,
        "totalOperatingExpense": 322.9,
        "totalOtherIncomeExpenseNet": -105.3
      },
      {
        "depreciationAmortization": 52.8,
        "dilutedAverageSharesOutstanding": 340.02,
        "dilutedEPS": 1.22,
        "ebit": 605.6,
        "interestExpense": 29,
        "interestIncomeExpense": 115.2,
        "netIncome": 415.8,
        "netIncomeAfterTaxes": 415.8,
        "otherOperatingExpensesTotal": 22,
        "period": "2017-06-30",
        "pretaxIncome": 637.3,
        "provisionforIncomeTaxes": 221.5,
        "revenue": 924.6,
        "sgaExpense": 244.2,
        "totalOperatingExpense": 319,
        "totalOtherIncomeExpenseNet": -83.5
      },
      {
        "depreciationAmortization": 53.4,
        "dilutedAverageSharesOutstanding": 339.946,
        "dilutedEPS": 1.18,
        "ebit": 601.2,
        "interestExpense": 29.8,
        "interestIncomeExpense": 139.9,
        "netIncome": 399.8,
        "netIncomeAfterTaxes": 399.8,
        "otherOperatingExpensesTotal": 24.9,
        "period": "2017-03-31",
        "pretaxIncome": 707,
        "provisionforIncomeTaxes": 307.2,
        "revenue": 929.3,
        "sgaExpense": 249.8,
        "totalOperatingExpense": 328.1,
        "totalOtherIncomeExpenseNet": -34.1
      },
      {
        "depreciationAmortization": 57.8,
        "dilutedAverageSharesOutstanding": 339.362,
        "dilutedEPS": 1.1,
        "ebit": 540.2,
        "interestExpense": 31.6,
        "interestIncomeExpense": 66.7,
        "minorityInterest": 0,
        "netIncome": 373.4,
        "netIncomeAfterTaxes": 373.4,
        "otherOperatingExpensesTotal": 48.7,
        "period": "2016-12-31",
        "pretaxIncome": 594.2,
        "provisionforIncomeTaxes": 220.8,
        "revenue": 912.9,
        "sgaExpense": 266.2,
        "totalOperatingExpense": 372.7,
        "totalOtherIncomeExpenseNet": -12.7
      },
      {
        "depreciationAmortization": 55.2,
        "dilutedAverageSharesOutstanding": 339.143,
        "dilutedEPS": 1.39,
        "ebit": 525.3,
        "interestExpense": 31.1,
        "interestIncomeExpense": 34,
        "netIncome": 472.8,
        "netIncomeAfterTaxes": 472.8,
        "otherOperatingExpensesTotal": 21.8,
        "period": "2016-09-30",
        "pretaxIncome": 548.8,
        "provisionforIncomeTaxes": 76,
        "revenue": 841.7,
        "sgaExpense": 239.4,
        "totalOperatingExpense": 316.4,
        "totalOtherIncomeExpenseNet": -10.5
      },
      {
        "depreciationAmortization": 54.4,
        "dilutedAverageSharesOutstanding": 338.706,
        "dilutedEPS": 0.95,
        "ebit": 563.3,
        "interestExpense": 31,
        "interestIncomeExpense": 13.2,
        "netIncome": 320.1,
        "netIncomeAfterTaxes": 320.1,
        "otherOperatingExpensesTotal": 36.8,
        "period": "2016-06-30",
        "pretaxIncome": 566.1,
        "provisionforIncomeTaxes": 246,
        "revenue": 906.4,
        "sgaExpense": 251.9,
        "totalOperatingExpense": 343.1,
        "totalOtherIncomeExpenseNet": -10.4
      },
      {
        "depreciationAmortization": 57.9,
        "dilutedAverageSharesOutstanding": 338.549,
        "dilutedEPS": 1.09,
        "ebit": 573.9,
        "interestExpense": 29.8,
        "interestIncomeExpense": 14.6,
        "netIncome": 367.8,
        "netIncomeAfterTaxes": 367.8,
        "otherOperatingExpensesTotal": 54.4,
        "period": "2016-03-31",
        "pretaxIncome": 578.5,
        "provisionforIncomeTaxes": 210.7,
        "revenue": 934.2,
        "sgaExpense": 248,
        "totalOperatingExpense": 360.3,
        "totalOtherIncomeExpenseNet": -10
      },
      {
        "depreciationAmortization": 56.3,
        "dilutedAverageSharesOutstanding": 338.164,
        "dilutedEPS": 0.86,
        "ebit": 469.9,
        "interestExpense": 28.9,
        "interestIncomeExpense": -0.6,
        "minorityInterest": 0,
        "netIncome": 291.7,
        "netIncomeAfterTaxes": 291.7,
        "otherOperatingExpensesTotal": 42.6,
        "period": "2015-12-31",
        "pretaxIncome": 468.5,
        "provisionforIncomeTaxes": 176.8,
        "revenue": 813.8,
        "sgaExpense": 245,
        "totalOperatingExpense": 343.9,
        "totalOtherIncomeExpenseNet": -0.8
      },
      {
        "depreciationAmortization": 57.3,
        "dilutedAverageSharesOutstanding": 338.139,
        "dilutedEPS": 1.06,
        "ebit": 516.4,
        "interestExpense": 28.3,
        "interestIncomeExpense": 0.8,
        "minorityInterest": 0,
        "netIncome": 359.9,
        "netIncomeAfterTaxes": 359.9,
        "otherOperatingExpensesTotal": 27.7,
        "period": "2015-09-30",
        "pretaxIncome": 516.4,
        "provisionforIncomeTaxes": 156.5,
        "revenue": 850.3,
        "sgaExpense": 248.9,
        "totalOperatingExpense": 333.9,
        "totalOtherIncomeExpenseNet": -0.8
      }
    ],
    "symbol": "CME"
  }
}