{
  "symbol": "CTAS",
  "statement": "ic",
  "frequency": "quarterly",
  "timestamp": "2025-09-19T13:57:58.500172",
  "data": {
    "financials": [
      {
        "costOfGoodsSold": 1341.663,
        "dilutedAverageSharesOutstanding": 409.685,
        "dilutedEPS": 1.09,
        "ebit": 597.452,
        "grossIncome": 1325.989,
        "interestExpense": 24.06,
        "interestIncomeExpense": -22.037,
        "netIncome": 448.256,
        "netIncomeAfterTaxes": 448.256,
        "period": "2025-05-31",
        "pretaxIncome": 575.415,
        "provisionforIncomeTaxes": 127.159,
        "revenue": 2667.652,
        "sgaExpense": 728.537,
        "totalOperatingExpense": 728.537
      },
      {
        "costOfGoodsSold": 1289.818,
        "depreciationAmortization": 43.2,
        "dilutedAverageSharesOutstanding": 410.307,
        "dilutedEPS": 1.13,
        "ebit": 609.853,
        "grossIncome": 1319.341,
        "interestExpense": 24.764,
        "interestIncomeExpense": -23.415,
        "netIncome": 461.868,
        "netIncomeAfterTaxes": 463.497,
        "otherOperatingExpensesTotal": 27.4,
        "period": "2025-02-28",
        "pretaxIncome": 586.438,
        "provisionforIncomeTaxes": 122.941,
        "revenue": 2609.159,
        "sgaExpense": 638.888,
        "totalOperatingExpense": 709.488
      },
      {
        "costOfGoodsSold": 1285.08,
        "depreciationAmortization": 41.8,
        "dilutedAverageSharesOutstanding": 410.667,
        "dilutedEPS": 1.09,
        "ebit": 591.39,
        "grossIncome": 1276.703,
        "interestExpense": 26.665,
        "interestIncomeExpense": -25.703,
        "netIncome": 446.91,
        "netIncomeAfterTaxes": 448.495,
        "otherOperatingExpensesTotal": 26.7,
        "period": "2024-11-30",
        "pretaxIncome": 565.687,
        "provisionforIncomeTaxes": 117.192,
        "revenue": 2561.783,
        "sgaExpense": 616.813,
        "totalOperatingExpense": 685.313
      },
      {
        "costOfGoodsSold": 1249.456,
        "depreciationAmortization": 40.7,
        "dilutedAverageSharesOutstanding": 410.64,
        "dilutedEPS": 1.1,
        "ebit": 561.031,
        "grossIncome": 1252.131,
        "interestExpense": 25.619,
        "interestIncomeExpense": -24.369,
        "netIncome": 450.436,
        "netIncomeAfterTaxes": 452.033,
        "otherOperatingExpensesTotal": 25.9,
        "period": "2024-08-31",
        "pretaxIncome": 536.662,
        "provisionforIncomeTaxes": 84.629,
        "revenue": 2501.587,
        "sgaExpense": 624.5,
        "totalOperatingExpense": 691.1
      },
      {
        "costOfGoodsSold": 1255.486,
        "dilutedAverageSharesOutstanding": 413.708,
        "dilutedEPS": 1,
        "ebit": 547.594,
        "grossIncome": 1215.449,
        "interestExpense": 24.076,
        "interestIncomeExpense": -20.455,
        "netIncome": 412.873,
        "netIncomeAfterTaxes": 414.315,
        "otherOperatingExpensesTotal": 26.1,
        "period": "2024-05-31",
        "pretaxIncome": 527.139,
        "provisionforIncomeTaxes": 112.824,
        "revenue": 2470.935,
        "sgaExpense": 641.755,
        "totalOperatingExpense": 667.855
      },
      {
        "costOfGoodsSold": 1218.325,
        "depreciationAmortization": 40,
        "dilutedAverageSharesOutstanding": 412.748,
        "dilutedEPS": 0.96,
        "ebit": 520.8,
        "grossIncome": 1187.848,
        "interestExpense": 25.53,
        "interestIncomeExpense": -24.6,
        "netIncome": 396.036,
        "netIncomeAfterTaxes": 397.579,
        "otherOperatingExpensesTotal": 25.6,
        "period": "2024-02-29",
        "pretaxIncome": 496.2,
        "provisionforIncomeTaxes": 98.621,
        "revenue": 2406.173,
        "sgaExpense": 601.448,
        "totalOperatingExpense": 667.048
      },
      {
        "costOfGoodsSold": 1235.629,
        "depreciationAmortization": 39.4,
        "dilutedAverageSharesOutstanding": 417.307,
        "dilutedEPS": 0.9,
        "ebit": 499.683,
        "grossIncome": 1141.548,
        "interestExpense": 26.59,
        "interestIncomeExpense": -25.821,
        "netIncome": 373.167,
        "netIncomeAfterTaxes": 374.613,
        "otherOperatingExpensesTotal": 25.3,
        "period": "2023-11-30",
        "pretaxIncome": 473.862,
        "provisionforIncomeTaxes": 99.249,
        "revenue": 2377.177,
        "sgaExpense": 577.165,
        "totalOperatingExpense": 641.865
      },
      {
        "costOfGoodsSold": 1200.759,
        "depreciationAmortization": 38.5,
        "dilutedAverageSharesOutstanding": 413.368,
        "dilutedEPS": 0.93,
        "ebit": 500.556,
        "grossIncome": 1141.571,
        "interestExpense": 24.544,
        "interestIncomeExpense": -24.122,
        "netIncome": 383.588,
        "netIncomeAfterTaxes": 385.085,
        "otherOperatingExpensesTotal": 24.4,
        "period": "2023-08-31",
        "pretaxIncome": 476.434,
        "provisionforIncomeTaxes": 91.349,
        "revenue": 2342.33,
        "sgaExpense": 578.115,
        "totalOperatingExpense": 641.015
      },
      {
        "costOfGoodsSold": 1195.693,
        "dilutedAverageSharesOutstanding": 413.676,
        "dilutedEPS": 0.83,
        "ebit": 470.798,
        "grossIncome": 1088.778,
        "interestExpense": 25.773,
        "interestIncomeExpense": -24.929,
        "netIncome": 344.893,
        "netIncomeAfterTaxes": 346.201,
        "otherOperatingExpensesTotal": 25,
        "period": "2023-05-31",
        "pretaxIncome": 445.869,
        "provisionforIncomeTaxes": 99.668,
        "revenue": 2284.471,
        "sgaExpense": 592.98,
        "totalOperatingExpense": 617.98
      },
      {
        "costOfGoodsSold": 1155.955,
        "depreciationAmortization": 37.8,
        "dilutedAverageSharesOutstanding": 413.672,
        "dilutedEPS": 0.78,
        "ebit": 446.812,
        "grossIncome": 1034.031,
        "interestExpense": 28.819,
        "interestIncomeExpense": -28.446,
        "netIncome": 324.476,
        "netIncomeAfterTaxes": 325.827,
        "otherOperatingExpensesTotal": 24,
        "period": "2023-02-28",
        "pretaxIncome": 418.366,
        "provisionforIncomeTaxes": 92.539,
        "revenue": 2189.986,
        "sgaExpense": 525.419,
        "totalOperatingExpense": 587.219
      },
      {
        "costOfGoodsSold": 1152.411,
        "depreciationAmortization": 37.3,
        "dilutedAverageSharesOutstanding": 418.271,
        "dilutedEPS": 0.78,
        "ebit": 444.934,
        "grossIncome": 1022.447,
        "interestExpense": 28.92,
        "interestIncomeExpense": -28.576,
        "netIncome": 322.976,
        "netIncomeAfterTaxes": 324.293,
        "otherOperatingExpensesTotal": 23.4,
        "period": "2022-11-30",
        "pretaxIncome": 416.358,
        "provisionforIncomeTaxes": 92.065,
        "revenue": 2174.858,
        "sgaExpense": 516.813,
        "totalOperatingExpense": 577.513
      },
      {
        "costOfGoodsSold": 1138.342,
        "depreciationAmortization": 36.4,
        "dilutedAverageSharesOutstanding": 413.398,
        "dilutedEPS": 0.85,
        "ebit": 440.12,
        "grossIncome": 1028.112,
        "interestExpense": 27.72,
        "interestIncomeExpense": -27.565,
        "netIncome": 350.202,
        "netIncomeAfterTaxes": 351.689,
        "otherOperatingExpensesTotal": 22.4,
        "period": "2022-08-31",
        "pretaxIncome": 412.555,
        "provisionforIncomeTaxes": 60.866,
        "revenue": 2166.454,
        "sgaExpense": 529.192,
        "totalOperatingExpense": 587.992
      },
      {
        "costOfGoodsSold": 1128.491,
        "dilutedAverageSharesOutstanding": 417.616,
        "dilutedEPS": 0.7,
        "ebit": 404.436,
        "grossIncome": 946.195,
        "interestExpense": 23.058,
        "interestIncomeExpense": -22.984,
        "netIncome": 293.035,
        "netIncomeAfterTaxes": 294.461,
        "otherOperatingExpensesTotal": 22.3,
        "period": "2022-05-31",
        "pretaxIncome": 381.452,
        "provisionforIncomeTaxes": 86.991,
        "revenue": 2074.686,
        "sgaExpense": 519.459,
        "totalOperatingExpense": 541.759
      },
      {
        "costOfGoodsSold": 1062.388,
        "dilutedAverageSharesOutstanding": 422.564,
        "dilutedEPS": 0.74,
        "ebit": 407.605,
        "grossIncome": 898.154,
        "interestExpense": 22.03,
        "interestIncomeExpense": -21.974,
        "netIncome": 313.867,
        "netIncomeAfterTaxes": 315.448,
        "otherOperatingExpensesTotal": 22,
        "period": "2022-02-28",
        "pretaxIncome": 385.631,
        "provisionforIncomeTaxes": 70.183,
        "revenue": 1960.542,
        "sgaExpense": 468.549,
        "totalOperatingExpense": 490.549
      },
      {
        "costOfGoodsSold": 1037.14,
        "dilutedAverageSharesOutstanding": 426.501,
        "dilutedEPS": 0.7,
        "ebit": 381.228,
        "grossIncome": 885.141,
        "interestExpense": 21.902,
        "interestIncomeExpense": -21.846,
        "netIncome": 293.228,
        "netIncomeAfterTaxes": 294.669,
        "otherOperatingExpensesTotal": 21.7,
        "period": "2021-11-30",
        "pretaxIncome": 359.382,
        "provisionforIncomeTaxes": 64.713,
        "revenue": 1922.281,
        "sgaExpense": 482.213,
        "totalOperatingExpense": 503.913
      },
      {
        "costOfGoodsSold": 994.194,
        "dilutedAverageSharesOutstanding": 424.296,
        "dilutedEPS": 0.78,
        "ebit": 394.101,
        "grossIncome": 902.756,
        "interestExpense": 21.854,
        "interestIncomeExpense": -21.798,
        "netIncome": 329.495,
        "netIncomeAfterTaxes": 331.179,
        "otherOperatingExpensesTotal": 21.4,
        "period": "2021-08-31",
        "pretaxIncome": 372.303,
        "provisionforIncomeTaxes": 41.124,
        "revenue": 1896.95,
        "sgaExpense": 487.255,
        "totalOperatingExpense": 508.655
      },
      {
        "costOfGoodsSold": 976.612,
        "dilutedAverageSharesOutstanding": 430.96,
        "dilutedEPS": 0.62,
        "ebit": 361.546,
        "grossIncome": 859.05,
        "interestExpense": 24.551,
        "interestIncomeExpense": -24.453,
        "netIncome": 266.007,
        "netIncomeAfterTaxes": 267.722,
        "nonRecurringItems": -5.1,
        "otherOperatingExpensesTotal": 21.1,
        "period": "2021-05-31",
        "pretaxIncome": 331.993,
        "provisionforIncomeTaxes": 64.271,
        "revenue": 1835.662,
        "sgaExpense": 476.404,
        "totalOperatingExpense": 497.504
      },
      {
        "costOfGoodsSold": 967.54,
        "dilutedAverageSharesOutstanding": 431.984,
        "dilutedEPS": 0.59,
        "ebit": 326.468,
        "grossIncome": 809.516,
        "interestExpense": 24.552,
        "interestIncomeExpense": -24.465,
        "netIncome": 256.49,
        "netIncomeAfterTaxes": 258.384,
        "otherOperatingExpensesTotal": 20.9,
        "period": "2021-02-28",
        "pretaxIncome": 302.003,
        "provisionforIncomeTaxes": 43.619,
        "revenue": 1777.056,
        "sgaExpense": 462.148,
        "totalOperatingExpense": 483.048
      },
      {
        "costOfGoodsSold": 937.164,
        "dilutedAverageSharesOutstanding": 436.434,
        "dilutedEPS": 0.66,
        "ebit": 352.872,
        "grossIncome": 819.884,
        "interestExpense": 24.557,
        "interestIncomeExpense": -24.339,
        "netIncome": 282.981,
        "netIncomeAfterTaxes": 284.857,
        "otherOperatingExpensesTotal": 20.7,
        "period": "2020-11-30",
        "pretaxIncome": 328.533,
        "provisionforIncomeTaxes": 43.676,
        "revenue": 1757.048,
        "sgaExpense": 446.312,
        "totalOperatingExpense": 467.012
      },
      {
        "costOfGoodsSold": 920.373,
        "dilutedAverageSharesOutstanding": 431.074,
        "dilutedEPS": 0.69,
        "ebit": 349.706,
        "grossIncome": 826.201,
        "interestExpense": 24.55,
        "interestIncomeExpense": -24.486,
        "netIncome": 297.867,
        "netIncomeAfterTaxes": 300.005,
        "otherOperatingExpensesTotal": 20.4,
        "period": "2020-08-31",
        "pretaxIncome": 325.22,
        "provisionforIncomeTaxes": 25.215,
        "revenue": 1746.574,
        "sgaExpense": 456.095,
        "totalOperatingExpense": 476.495
      },
      {
        "costOfGoodsSold": 911.764,
        "dilutedAverageSharesOutstanding": 424.832,
        "dilutedEPS": 0.34,
        "ebit": 241.134,
        "grossIncome": 707.82,
        "interestExpense": 25.952,
        "interestIncomeExpense": -25.756,
        "netIncome": 143.291,
        "netIncomeAfterTaxes": 144.585,
        "nonRecurringItems": -33.7,
        "otherOperatingExpensesTotal": 20.1,
        "period": "2020-05-31",
        "pretaxIncome": 181.678,
        "provisionforIncomeTaxes": 37.093,
        "revenue": 1619.584,
        "sgaExpense": 446.586,
        "totalOperatingExpense": 466.686
      },
      {
        "costOfGoodsSold": 986.253,
        "dilutedAverageSharesOutstanding": 430.352,
        "dilutedEPS": 0.54,
        "ebit": 314.652,
        "grossIncome": 824.395,
        "interestExpense": 25.943,
        "interestIncomeExpense": -25.596,
        "netIncome": 232.327,
        "netIncomeAfterTaxes": 234.52,
        "nonRecurringItems": 0,
        "otherOperatingExpensesTotal": 19.7,
        "period": "2020-02-29",
        "pretaxIncome": 289.056,
        "provisionforIncomeTaxes": 54.536,
        "revenue": 1810.648,
        "sgaExpense": 490.043,
        "totalOperatingExpense": 509.743
      },
      {
        "costOfGoodsSold": 991.358,
        "dilutedAverageSharesOutstanding": 435.296,
        "dilutedEPS": 0.57,
        "ebit": 334.464,
        "grossIncome": 852.391,
        "interestExpense": 26.177,
        "interestIncomeExpense": -25.894,
        "netIncome": 243.928,
        "netIncomeAfterTaxes": 246.443,
        "nonRecurringItems": 0,
        "otherOperatingExpensesTotal": 19.2,
        "period": "2019-11-30",
        "pretaxIncome": 308.57,
        "provisionforIncomeTaxes": 62.127,
        "revenue": 1843.749,
        "sgaExpense": 498.727,
        "totalOperatingExpense": 517.927
      },
      {
        "costOfGoodsSold": 961.997,
        "dilutedAverageSharesOutstanding": 428.898,
        "dilutedEPS": 0.58,
        "ebit": 306.146,
        "grossIncome": 849.142,
        "interestExpense": 27.321,
        "interestIncomeExpense": -27.159,
        "netIncome": 248.333,
        "netIncomeAfterTaxes": 250.812,
        "nonRecurringItems": 0,
        "otherOperatingExpensesTotal": 18.8,
        "period": "2019-08-31",
        "pretaxIncome": 278.987,
        "provisionforIncomeTaxes": 28.175,
        "revenue": 1811.139,
        "sgaExpense": 524.196,
        "totalOperatingExpense": 542.996
      },
      {
        "costOfGoodsSold": 970.165,
        "dilutedAverageSharesOutstanding": 436.924,
        "dilutedEPS": 0.52,
        "ebit": 315.325,
        "grossIncome": 823.565,
        "interestExpense": 25.782,
        "interestIncomeExpense": -25.511,
        "netIncome": 225.528,
        "netIncomeAfterTaxes": 227.437,
        "nonRecurringItems": -0.914,
        "period": "2019-05-31",
        "pretaxIncome": 288.9,
        "provisionforIncomeTaxes": 61.463,
        "revenue": 1793.73,
        "sgaExpense": 508.24,
        "totalOperatingExpense": 508.24
      },
      {
        "costOfGoodsSold": 927.177,
        "dilutedAverageSharesOutstanding": 432.648,
        "dilutedEPS": 0.46,
        "ebit": 279.054,
        "grossIncome": 755.153,
        "interestExpense": 26.77,
        "interestIncomeExpense": -26.7,
        "netIncome": 200.551,
        "netIncomeAfterTaxes": 200.923,
        "nonRecurringItems": -0.799,
        "period": "2019-02-28",
        "pretaxIncome": 251.555,
        "provisionforIncomeTaxes": 50.632,
        "revenue": 1682.33,
        "sgaExpense": 476.099,
        "totalOperatingExpense": 476.099
      },
      {
        "costOfGoodsSold": 943.11,
        "dilutedAverageSharesOutstanding": 435.504,
        "dilutedEPS": 0.55,
        "ebit": 283.487,
        "grossIncome": 775.158,
        "interestExpense": 24.88,
        "interestIncomeExpense": 44.884,
        "netIncome": 239.751,
        "netIncomeAfterTaxes": 239.697,
        "nonRecurringItems": -7.847,
        "period": "2018-11-30",
        "pretaxIncome": 320.524,
        "provisionforIncomeTaxes": 80.827,
        "revenue": 1718.268,
        "sgaExpense": 491.671,
        "totalOperatingExpense": 491.671
      },
      {
        "costOfGoodsSold": 923.263,
        "dilutedAverageSharesOutstanding": 440.262,
        "dilutedEPS": 0.48,
        "ebit": 270.078,
        "grossIncome": 774.712,
        "interestExpense": 24.304,
        "interestIncomeExpense": -23.808,
        "netIncome": 209.583,
        "netIncomeAfterTaxes": 215.847,
        "nonRecurringItems": -4.85,
        "period": "2018-08-31",
        "pretaxIncome": 241.42,
        "provisionforIncomeTaxes": 25.573,
        "revenue": 1697.975,
        "sgaExpense": 504.634,
        "totalOperatingExpense": 504.634
      },
      {
        "costOfGoodsSold": 917.212,
        "dilutedAverageSharesOutstanding": 445.912,
        "dilutedEPS": 0.4,
        "ebit": 280.531,
        "grossIncome": 752.338,
        "interestExpense": 24.828,
        "interestIncomeExpense": -24.458,
        "netIncome": 184.923,
        "netIncomeAfterTaxes": 178.35,
        "nonRecurringItems": -15.031,
        "period": "2018-05-31",
        "pretaxIncome": 241.042,
        "provisionforIncomeTaxes": 62.692,
        "revenue": 1669.55,
        "sgaExpense": 471.807,
        "totalOperatingExpense": 471.807
      },
      {
        "costOfGoodsSold": 888.675,
        "dilutedAverageSharesOutstanding": 440.7,
        "dilutedEPS": 0.67,
        "ebit": 209.845,
        "grossIncome": 700.463,
        "interestExpense": 25.901,
        "interestIncomeExpense": -25.517,
        "netIncome": 296.847,
        "netIncomeAfterTaxes": 145.289,
        "nonRecurringItems": -9.821,
        "period": "2018-02-28",
        "pretaxIncome": 174.507,
        "provisionforIncomeTaxes": 29.218,
        "revenue": 1589.138,
        "sgaExpense": 490.618,
        "totalOperatingExpense": 490.618
      },
      {
        "costOfGoodsSold": 890.072,
        "dilutedAverageSharesOutstanding": 439.272,
        "dilutedEPS": 0.31,
        "ebit": 248.285,
        "grossIncome": 716.369,
        "interestExpense": 29.129,
        "interestIncomeExpense": -28.838,
        "netIncome": 134.998,
        "netIncomeAfterTaxes": 137.737,
        "nonRecurringItems": -13.074,
        "period": "2017-11-30",
        "pretaxIncome": 206.373,
        "provisionforIncomeTaxes": 68.636,
        "revenue": 1606.441,
        "sgaExpense": 468.084,
        "totalOperatingExpense": 468.084
      },
      {
        "costOfGoodsSold": 872.15,
        "dilutedAverageSharesOutstanding": 434.148,
        "dilutedEPS": 0.49,
        "ebit": 253.07,
        "grossIncome": 739.353,
        "interestExpense": 30.317,
        "interestIncomeExpense": -30.02,
        "netIncome": 214.024,
        "netIncomeAfterTaxes": 161.108,
        "nonRecurringItems": -3.971,
        "period": "2017-08-31",
        "pretaxIncome": 219.079,
        "provisionforIncomeTaxes": 57.971,
        "revenue": 1611.503,
        "sgaExpense": 486.283,
        "totalOperatingExpense": 486.283
      },
      {
        "costOfGoodsSold": 851.561,
        "dilutedAverageSharesOutstanding": 434.432,
        "dilutedEPS": 0.19,
        "ebit": 241.053,
        "grossIncome": 678.726,
        "interestExpense": 45.389,
        "interestIncomeExpense": -45.259,
        "netIncome": 83.415,
        "netIncomeAfterTaxes": 82.174,
        "nonRecurringItems": -63.746,
        "period": "2017-05-31",
        "pretaxIncome": 132.048,
        "provisionforIncomeTaxes": 49.874,
        "revenue": 1530.287,
        "sgaExpense": 437.673,
        "totalOperatingExpense": 437.673
      },
      {
        "costOfGoodsSold": 695.443,
        "dilutedAverageSharesOutstanding": 431.568,
        "dilutedEPS": 0.27,
        "ebit": 201.335,
        "grossIncome": 559.924,
        "interestExpense": 13.696,
        "interestIncomeExpense": -13.685,
        "netIncome": 115.432,
        "netIncomeAfterTaxes": 116.954,
        "nonRecurringItems": -9.344,
        "period": "2017-02-28",
        "pretaxIncome": 178.306,
        "provisionforIncomeTaxes": 61.352,
        "revenue": 1255.367,
        "sgaExpense": 358.589,
        "totalOperatingExpense": 358.589
      },
      {
        "costOfGoodsSold": 705.859,
        "dilutedAverageSharesOutstanding": 430.588,
        "dilutedEPS": 0.32,
        "ebit": 203.803,
        "grossIncome": 565.218,
        "interestExpense": 13.267,
        "interestIncomeExpense": -13.236,
        "netIncome": 138.454,
        "netIncomeAfterTaxes": 121.95,
        "nonRecurringItems": -3.347,
        "period": "2016-11-30",
        "pretaxIncome": 187.22,
        "provisionforIncomeTaxes": 65.27,
        "revenue": 1271.077,
        "sgaExpense": 361.415,
        "totalOperatingExpense": 361.415
      },
      {
        "costOfGoodsSold": 690.223,
        "dilutedAverageSharesOutstanding": 428.456,
        "dilutedEPS": 0.31,
        "ebit": 206.724,
        "grossIncome": 576.427,
        "interestExpense": 14.172,
        "interestIncomeExpense": -14.107,
        "netIncome": 135.239,
        "netIncomeAfterTaxes": 136.208,
        "nonRecurringItems": -2.787,
        "period": "2016-08-31",
        "pretaxIncome": 189.83,
        "provisionforIncomeTaxes": 53.622,
        "revenue": 1266.65,
        "sgaExpense": 369.703,
        "totalOperatingExpense": 369.703
      },
      {
        "costOfGoodsSold": 636.531,
        "dilutedAverageSharesOutstanding": 431.952,
        "dilutedEPS": 0.29,
        "ebit": 190.133,
        "grossIncome": 525.188,
        "interestExpense": 15.776,
        "interestIncomeExpense": -15.445,
        "netIncome": 129.267,
        "netIncomeAfterTaxes": 109.675,
        "period": "2016-05-31",
        "pretaxIncome": 174.688,
        "provisionforIncomeTaxes": 65.013,
        "revenue": 1161.719,
        "sgaExpense": 335.055,
        "totalOperatingExpense": 335.055
      },
      {
        "costOfGoodsSold": 691.475,
        "dilutedAverageSharesOutstanding": 437.852,
        "dilutedEPS": 0.26,
        "ebit": 192.952,
        "grossIncome": 524.608,
        "interestExpense": 16.163,
        "interestIncomeExpense": -15.828,
        "netIncome": 115.47,
        "netIncomeAfterTaxes": 117.279,
        "period": "2016-02-29",
        "pretaxIncome": 177.124,
        "provisionforIncomeTaxes": 59.845,
        "revenue": 1216.083,
        "sgaExpense": 331.656,
        "totalOperatingExpense": 331.656
      },
      {
        "costOfGoodsSold": 691.68,
        "dilutedAverageSharesOutstanding": 440.452,
        "dilutedEPS": 0.77,
        "ebit": 200.349,
        "grossIncome": 527.4,
        "interestExpense": 16.171,
        "interestIncomeExpense": -16.06,
        "netIncome": 343.213,
        "netIncomeAfterTaxes": 115.453,
        "period": "2015-11-30",
        "pretaxIncome": 184.289,
        "provisionforIncomeTaxes": 68.836,
        "revenue": 1219.08,
        "sgaExpense": 327.051,
        "totalOperatingExpense": 327.051
      },
      {
        "costOfGoodsSold": 674.746,
        "dilutedAverageSharesOutstanding": 448.916,
        "dilutedEPS": 0.23,
        "ebit": 185.507,
        "grossIncome": 524.144,
        "interestExpense": 16.412,
        "interestIncomeExpense": -16.293,
        "netIncome": 98.439,
        "netIncomeAfterTaxes": 106.198,
        "period": "2015-08-31",
        "pretaxIncome": 169.214,
        "provisionforIncomeTaxes": 63.016,
        "revenue": 1198.89,
        "sgaExpense": 338.637,
        "totalOperatingExpense": 338.637
      }
    ],
    "symbol": "CTAS"
  }
}