{
  "symbol": "MO",
  "statement": "ic",
  "frequency": "quarterly",
  "timestamp": "2025-09-19T13:55:41.072196",
  "data": {
    "financials": [
      {
        "costOfGoodsSold": 2252,
        "depreciationAmortization": 37,
        "dilutedAverageSharesOutstanding": 1684,
        "dilutedEPS": 1.41,
        "ebit": 3251,
        "gainLossOnDispositionOfAssets": 0,
        "grossIncome": 3850,
        "interestIncomeExpense": -127,
        "netIncome": 2371,
        "netIncomeAfterTaxes": 2378,
        "nonRecurringItems": -21,
        "period": "2025-06-30",
        "pretaxIncome": 3118,
        "provisionforIncomeTaxes": 740,
        "revenue": 6102,
        "sgaExpense": 562,
        "totalOperatingExpense": 599,
        "totalOtherIncomeExpenseNet": 15
      },
      {
        "costOfGoodsSold": 2010,
        "depreciationAmortization": 37,
        "dilutedAverageSharesOutstanding": 1690,
        "dilutedEPS": 0.63,
        "ebit": 2716,
        "grossIncome": 3249,
        "interestIncomeExpense": -119,
        "netIncome": 1072,
        "netIncomeAfterTaxes": 1077,
        "nonRecurringItems": -928,
        "period": "2025-03-31",
        "pretaxIncome": 1683,
        "provisionforIncomeTaxes": 606,
        "revenue": 5259,
        "sgaExpense": 496,
        "totalOperatingExpense": 533,
        "totalOtherIncomeExpenseNet": 14
      },
      {
        "costOfGoodsSold": 2370,
        "dilutedAverageSharesOutstanding": 1694,
        "dilutedEPS": 1.79,
        "ebit": 2961,
        "gainLossOnDispositionOfAssets": 0,
        "grossIncome": 3604,
        "interestIncomeExpense": -133,
        "netIncome": 3031,
        "netIncomeAfterTaxes": 3039,
        "nonRecurringItems": -79,
        "period": "2024-12-31",
        "pretaxIncome": 2777,
        "provisionforIncomeTaxes": -262,
        "revenue": 5974,
        "sgaExpense": 643,
        "totalOperatingExpense": 643,
        "totalOtherIncomeExpenseNet": 28
      },
      {
        "costOfGoodsSold": 2472,
        "dilutedAverageSharesOutstanding": 1703,
        "dilutedEPS": 1.34,
        "ebit": 3153,
        "gainLossOnDispositionOfAssets": 0,
        "grossIncome": 3787,
        "interestIncomeExpense": -151,
        "netIncome": 2287,
        "netIncomeAfterTaxes": 2293,
        "nonRecurringItems": -1,
        "period": "2024-09-30",
        "pretaxIncome": 3026,
        "provisionforIncomeTaxes": 733,
        "revenue": 6259,
        "sgaExpense": 634,
        "totalOperatingExpense": 634,
        "totalOtherIncomeExpenseNet": 25
      },
      {
        "costOfGoodsSold": 2534,
        "dilutedAverageSharesOutstanding": 1718,
        "dilutedEPS": 2.21,
        "ebit": 2931,
        "gainLossOnDispositionOfAssets": 2700,
        "grossIncome": 3675,
        "interestIncomeExpense": -142,
        "netIncome": 3794,
        "netIncomeAfterTaxes": 3803,
        "nonRecurringItems": -398,
        "period": "2024-06-30",
        "pretaxIncome": 5116,
        "provisionforIncomeTaxes": 1313,
        "revenue": 6209,
        "sgaExpense": 744,
        "totalOperatingExpense": 744,
        "totalOtherIncomeExpenseNet": 25
      },
      {
        "costOfGoodsSold": 2302,
        "dilutedAverageSharesOutstanding": 1758,
        "dilutedEPS": 1.21,
        "ebit": 2692,
        "grossIncome": 3274,
        "interestIncomeExpense": 41,
        "netIncome": 2124,
        "netIncomeAfterTaxes": 2129,
        "nonRecurringItems": -18,
        "period": "2024-03-31",
        "pretaxIncome": 2739,
        "provisionforIncomeTaxes": 610,
        "revenue": 5576,
        "sgaExpense": 582,
        "totalOperatingExpense": 582,
        "totalOtherIncomeExpenseNet": 24
      },
      {
        "costOfGoodsSold": 2511,
        "dilutedAverageSharesOutstanding": 1768,
        "dilutedEPS": 1.16,
        "ebit": 2791,
        "grossIncome": 3464,
        "interestIncomeExpense": -93,
        "netIncome": 2055,
        "netIncomeAfterTaxes": 2060,
        "nonRecurringItems": 5,
        "period": "2023-12-31",
        "pretaxIncome": 2735,
        "provisionforIncomeTaxes": 675,
        "revenue": 5975,
        "sgaExpense": 673,
        "totalOperatingExpense": 673,
        "totalOtherIncomeExpenseNet": 32
      },
      {
        "costOfGoodsSold": 2597,
        "dilutedAverageSharesOutstanding": 1773,
        "dilutedEPS": 1.22,
        "ebit": 3110,
        "grossIncome": 3684,
        "interestIncomeExpense": -214,
        "netIncome": 2161,
        "netIncomeAfterTaxes": 2166,
        "nonRecurringItems": -21,
        "period": "2023-09-30",
        "pretaxIncome": 2908,
        "provisionforIncomeTaxes": 742,
        "revenue": 6281,
        "sgaExpense": 574,
        "totalOperatingExpense": 574,
        "totalOtherIncomeExpenseNet": 33
      },
      {
        "costOfGoodsSold": 2751,
        "dilutedAverageSharesOutstanding": 1782,
        "dilutedEPS": 1.19,
        "ebit": 3195,
        "grossIncome": 3757,
        "interestIncomeExpense": -130,
        "netIncome": 2113,
        "netIncomeAfterTaxes": 2117,
        "nonRecurringItems": -290,
        "period": "2023-06-30",
        "pretaxIncome": 2806,
        "provisionforIncomeTaxes": 689,
        "revenue": 6508,
        "sgaExpense": 562,
        "totalOperatingExpense": 562,
        "totalOtherIncomeExpenseNet": 31
      },
      {
        "costOfGoodsSold": 2390,
        "dilutedAverageSharesOutstanding": 1786,
        "dilutedEPS": 1,
        "ebit": 2868,
        "grossIncome": 3329,
        "interestIncomeExpense": -309,
        "minorityInterest": 0,
        "netIncome": 1784,
        "netIncomeAfterTaxes": 1787,
        "nonRecurringItems": -111,
        "period": "2023-03-31",
        "pretaxIncome": 2479,
        "provisionforIncomeTaxes": 692,
        "revenue": 5719,
        "sgaExpense": 461,
        "totalOperatingExpense": 461,
        "totalOtherIncomeExpenseNet": 31
      },
      {
        "costOfGoodsSold": 2604,
        "dilutedAverageSharesOutstanding": 1792,
        "dilutedEPS": 1.5,
        "ebit": 2846,
        "grossIncome": 3507,
        "interestIncomeExpense": -166,
        "minorityInterest": 0,
        "netIncome": 2686,
        "netIncomeAfterTaxes": 2690,
        "nonRecurringItems": -23,
        "period": "2022-12-31",
        "pretaxIncome": 2704,
        "provisionforIncomeTaxes": 14,
        "revenue": 6111,
        "sgaExpense": 661,
        "totalOperatingExpense": 661,
        "totalOtherIncomeExpenseNet": 47
      },
      {
        "costOfGoodsSold": 2853,
        "dilutedAverageSharesOutstanding": 1799,
        "dilutedEPS": 0.12,
        "ebit": 3154,
        "grossIncome": 3697,
        "interestIncomeExpense": -2747,
        "minorityInterest": 0,
        "netIncome": 221,
        "netIncomeAfterTaxes": 224,
        "nonRecurringItems": -44,
        "period": "2022-09-30",
        "pretaxIncome": 407,
        "provisionforIncomeTaxes": 183,
        "revenue": 6550,
        "sgaExpense": 543,
        "totalOperatingExpense": 543,
        "totalOtherIncomeExpenseNet": 44
      },
      {
        "costOfGoodsSold": 2877,
        "dilutedAverageSharesOutstanding": 1809,
        "dilutedEPS": 0.49,
        "ebit": 3152,
        "grossIncome": 3666,
        "interestIncomeExpense": -1546,
        "minorityInterest": 0,
        "netIncome": 889,
        "netIncomeAfterTaxes": 891,
        "nonRecurringItems": -48,
        "period": "2022-06-30",
        "pretaxIncome": 1605,
        "provisionforIncomeTaxes": 714,
        "revenue": 6543,
        "sgaExpense": 514,
        "totalOperatingExpense": 514,
        "totalOtherIncomeExpenseNet": 47
      },
      {
        "costOfGoodsSold": 2579,
        "dilutedAverageSharesOutstanding": 1818,
        "dilutedEPS": 1.08,
        "ebit": 2843,
        "grossIncome": 3313,
        "interestIncomeExpense": -257,
        "minorityInterest": 0,
        "netIncome": 1955,
        "netIncomeAfterTaxes": 1959,
        "nonRecurringItems": 41,
        "period": "2022-03-31",
        "pretaxIncome": 2673,
        "provisionforIncomeTaxes": 714,
        "revenue": 5892,
        "sgaExpense": 470,
        "totalOperatingExpense": 470,
        "totalOtherIncomeExpenseNet": 46
      },
      {
        "costOfGoodsSold": 2940,
        "dilutedAverageSharesOutstanding": 1833,
        "dilutedEPS": 0.88,
        "ebit": 2767,
        "grossIncome": 3315,
        "interestIncomeExpense": -500,
        "minorityInterest": 0,
        "netIncome": 1621,
        "netIncomeAfterTaxes": 1624,
        "nonRecurringItems": -37,
        "period": "2021-12-31",
        "pretaxIncome": 2280,
        "provisionforIncomeTaxes": 656,
        "revenue": 6255,
        "sgaExpense": 548,
        "totalOperatingExpense": 548,
        "totalOtherIncomeExpenseNet": 50
      },
      {
        "costOfGoodsSold": 3134,
        "dilutedAverageSharesOutstanding": 1842,
        "dilutedEPS": -1.48,
        "ebit": 3090,
        "grossIncome": 3652,
        "interestIncomeExpense": -6333,
        "minorityInterest": -2,
        "netIncome": -2724,
        "netIncomeAfterTaxes": -2720,
        "nonRecurringItems": -122,
        "period": "2021-09-30",
        "pretaxIncome": -3302,
        "provisionforIncomeTaxes": -582,
        "revenue": 6786,
        "sgaExpense": 562,
        "totalOperatingExpense": 562,
        "totalOtherIncomeExpenseNet": 63
      },
      {
        "costOfGoodsSold": 3204,
        "dilutedAverageSharesOutstanding": 1849,
        "dilutedEPS": 1.16,
        "ebit": 3202,
        "grossIncome": 3732,
        "interestIncomeExpense": -323,
        "minorityInterest": -1,
        "netIncome": 2146,
        "netIncomeAfterTaxes": 2150,
        "nonRecurringItems": -16,
        "period": "2021-06-30",
        "pretaxIncome": 2909,
        "provisionforIncomeTaxes": 759,
        "revenue": 6936,
        "sgaExpense": 530,
        "totalOperatingExpense": 530,
        "totalOtherIncomeExpenseNet": 46
      },
      {
        "costOfGoodsSold": 2795,
        "dilutedAverageSharesOutstanding": 1857,
        "dilutedEPS": 0.77,
        "ebit": 2741,
        "grossIncome": 3241,
        "interestIncomeExpense": -147,
        "minorityInterest": 3,
        "netIncome": 1421,
        "netIncomeAfterTaxes": 1421,
        "nonRecurringItems": -700,
        "period": "2021-03-31",
        "pretaxIncome": 1937,
        "provisionforIncomeTaxes": 516,
        "revenue": 6036,
        "sgaExpense": 500,
        "totalOperatingExpense": 500,
        "totalOtherIncomeExpenseNet": 43
      },
      {
        "costOfGoodsSold": 3142,
        "dilutedAverageSharesOutstanding": 1859,
        "dilutedEPS": 1.05,
        "ebit": 2945,
        "grossIncome": 3162,
        "interestIncomeExpense": -58,
        "minorityInterest": 2,
        "netIncome": 1922,
        "netIncomeAfterTaxes": 1945,
        "nonRecurringItems": -365,
        "period": "2020-12-31",
        "pretaxIncome": 2541,
        "provisionforIncomeTaxes": 596,
        "revenue": 6304,
        "sgaExpense": 217,
        "totalOperatingExpense": 217,
        "totalOtherIncomeExpenseNet": 19
      },
      {
        "costOfGoodsSold": 3405,
        "dilutedAverageSharesOutstanding": 1858,
        "dilutedEPS": -0.51,
        "ebit": 3196,
        "grossIncome": 3718,
        "interestIncomeExpense": -887,
        "minorityInterest": 4,
        "netIncome": -953,
        "netIncomeAfterTaxes": -956,
        "nonRecurringItems": -2636,
        "period": "2020-09-30",
        "pretaxIncome": -324,
        "provisionforIncomeTaxes": 632,
        "revenue": 7123,
        "sgaExpense": 522,
        "totalOperatingExpense": 522,
        "totalOtherIncomeExpenseNet": 3
      },
      {
        "costOfGoodsSold": 3028,
        "dilutedAverageSharesOutstanding": 1859,
        "dilutedEPS": 1.04,
        "ebit": 2898,
        "grossIncome": 3339,
        "interestIncomeExpense": -258,
        "minorityInterest": 5,
        "netIncome": 1940,
        "netIncomeAfterTaxes": 1938,
        "nonRecurringItems": -103,
        "period": "2020-06-30",
        "pretaxIncome": 2565,
        "provisionforIncomeTaxes": 627,
        "revenue": 6367,
        "sgaExpense": 441,
        "totalOperatingExpense": 441,
        "totalOtherIncomeExpenseNet": 28
      },
      {
        "costOfGoodsSold": 3094,
        "dilutedAverageSharesOutstanding": 1858,
        "dilutedEPS": 0.83,
        "ebit": 2802,
        "grossIncome": 3265,
        "interestIncomeExpense": -250,
        "minorityInterest": 2,
        "netIncome": 1550,
        "netIncomeAfterTaxes": 1550,
        "nonRecurringItems": -471,
        "period": "2020-03-31",
        "pretaxIncome": 2108,
        "provisionforIncomeTaxes": 558,
        "revenue": 6359,
        "sgaExpense": 463,
        "totalOperatingExpense": 463,
        "totalOtherIncomeExpenseNet": 27
      },
      {
        "costOfGoodsSold": 2920,
        "dilutedAverageSharesOutstanding": 1863,
        "dilutedEPS": -0.97,
        "ebit": 2544,
        "grossIncome": 3087,
        "interestIncomeExpense": 444,
        "minorityInterest": 5,
        "netIncome": -1811,
        "netIncomeAfterTaxes": -1674,
        "nonRecurringItems": -4225,
        "period": "2019-12-31",
        "pretaxIncome": -1223,
        "provisionforIncomeTaxes": 451,
        "revenue": 6007,
        "sgaExpense": 543,
        "totalOperatingExpense": 543,
        "totalOtherIncomeExpenseNet": 14
      },
      {
        "costOfGoodsSold": 3358,
        "dilutedAverageSharesOutstanding": 1868,
        "dilutedEPS": -1.39,
        "ebit": 2952,
        "grossIncome": 3498,
        "interestIncomeExpense": 46,
        "minorityInterest": 2,
        "netIncome": -2601,
        "netIncomeAfterTaxes": -2699,
        "nonRecurringItems": -5150,
        "period": "2019-09-30",
        "pretaxIncome": -2128,
        "provisionforIncomeTaxes": 571,
        "revenue": 6856,
        "sgaExpense": 546,
        "totalOperatingExpense": 546,
        "totalOtherIncomeExpenseNet": 24
      },
      {
        "costOfGoodsSold": 3302,
        "dilutedAverageSharesOutstanding": 1870,
        "dilutedEPS": 1.08,
        "ebit": 2787,
        "grossIncome": 3317,
        "interestIncomeExpense": 138,
        "minorityInterest": -1,
        "netIncome": 1994,
        "netIncomeAfterTaxes": 2019,
        "nonRecurringItems": -339,
        "period": "2019-06-30",
        "pretaxIncome": 2601,
        "provisionforIncomeTaxes": 582,
        "revenue": 6619,
        "sgaExpense": 530,
        "totalOperatingExpense": 530,
        "totalOtherIncomeExpenseNet": 15
      },
      {
        "costOfGoodsSold": 2817,
        "dilutedAverageSharesOutstanding": 1874,
        "dilutedEPS": 0.61,
        "ebit": 2302,
        "grossIncome": 2811,
        "interestIncomeExpense": -198,
        "minorityInterest": -1,
        "netIncome": 1118,
        "netIncomeAfterTaxes": 1142,
        "nonRecurringItems": -601,
        "period": "2019-03-31",
        "pretaxIncome": 1516,
        "provisionforIncomeTaxes": 374,
        "revenue": 5628,
        "sgaExpense": 509,
        "totalOperatingExpense": 509,
        "totalOtherIncomeExpenseNet": 13
      },
      {
        "costOfGoodsSold": 3129,
        "dilutedAverageSharesOutstanding": 1879,
        "dilutedEPS": 0.68,
        "ebit": 2197,
        "grossIncome": 2985,
        "interestIncomeExpense": -31,
        "minorityInterest": -1,
        "netIncome": 1249,
        "netIncomeAfterTaxes": 1287,
        "nonRecurringItems": -453,
        "period": "2018-12-31",
        "pretaxIncome": 1710,
        "provisionforIncomeTaxes": 423,
        "revenue": 6114,
        "sgaExpense": 788,
        "totalOperatingExpense": 788,
        "totalOtherIncomeExpenseNet": -3
      },
      {
        "costOfGoodsSold": 3583,
        "dilutedAverageSharesOutstanding": 1883,
        "dilutedEPS": 1.03,
        "ebit": 2574,
        "grossIncome": 3254,
        "interestIncomeExpense": 30,
        "minorityInterest": -1,
        "netIncome": 1941,
        "netIncomeAfterTaxes": 2001,
        "nonRecurringItems": -17,
        "period": "2018-09-30",
        "pretaxIncome": 2608,
        "provisionforIncomeTaxes": 607,
        "revenue": 6837,
        "sgaExpense": 680,
        "totalOperatingExpense": 680,
        "totalOtherIncomeExpenseNet": 21
      },
      {
        "costOfGoodsSold": 3083,
        "dilutedAverageSharesOutstanding": 1891,
        "dilutedEPS": 0.99,
        "ebit": 2641,
        "grossIncome": 3222,
        "interestIncomeExpense": 50,
        "minorityInterest": -1,
        "netIncome": 1873,
        "netIncomeAfterTaxes": 1971,
        "nonRecurringItems": -143,
        "period": "2018-06-30",
        "pretaxIncome": 2557,
        "provisionforIncomeTaxes": 586,
        "revenue": 6305,
        "sgaExpense": 581,
        "totalOperatingExpense": 581,
        "totalOtherIncomeExpenseNet": 9
      },
      {
        "costOfGoodsSold": 3103,
        "dilutedAverageSharesOutstanding": 1899,
        "dilutedEPS": 1,
        "ebit": 2411,
        "grossIncome": 3005,
        "interestIncomeExpense": 176,
        "minorityInterest": -1,
        "netIncome": 1892,
        "netIncomeAfterTaxes": 1896,
        "nonRecurringItems": -128,
        "period": "2018-03-31",
        "pretaxIncome": 2466,
        "provisionforIncomeTaxes": 570,
        "revenue": 6108,
        "sgaExpense": 594,
        "totalOperatingExpense": 594,
        "totalOtherIncomeExpenseNet": 7
      },
      {
        "costOfGoodsSold": 3201,
        "dilutedAverageSharesOutstanding": 1903,
        "dilutedEPS": 2.6,
        "ebit": 2299,
        "grossIncome": 2900,
        "interestIncomeExpense": 20,
        "minorityInterest": -2,
        "netIncome": 4959,
        "netIncomeAfterTaxes": 1601,
        "nonRecurringItems": -62,
        "period": "2017-12-31",
        "pretaxIncome": 2183,
        "provisionforIncomeTaxes": 582,
        "revenue": 6101,
        "sgaExpense": 601,
        "totalOperatingExpense": 601,
        "totalOtherIncomeExpenseNet": -74
      },
      {
        "costOfGoodsSold": 3554,
        "dilutedAverageSharesOutstanding": 1915,
        "dilutedEPS": 0.97,
        "ebit": 2601,
        "grossIncome": 3175,
        "interestIncomeExpense": 2,
        "minorityInterest": -1,
        "netIncome": 1864,
        "netIncomeAfterTaxes": 1867,
        "nonRecurringItems": 23,
        "period": "2017-09-30",
        "pretaxIncome": 2644,
        "provisionforIncomeTaxes": 777,
        "revenue": 6729,
        "sgaExpense": 574,
        "totalOperatingExpense": 574,
        "totalOtherIncomeExpenseNet": 18
      },
      {
        "costOfGoodsSold": 3549,
        "dilutedAverageSharesOutstanding": 1928,
        "dilutedEPS": 1.03,
        "ebit": 2555,
        "grossIncome": 3114,
        "interestIncomeExpense": -37,
        "minorityInterest": -1,
        "netIncome": 1986,
        "netIncomeAfterTaxes": 1990,
        "nonRecurringItems": 381,
        "period": "2017-06-30",
        "pretaxIncome": 2910,
        "provisionforIncomeTaxes": 920,
        "revenue": 6663,
        "sgaExpense": 559,
        "totalOperatingExpense": 559,
        "totalOtherIncomeExpenseNet": 11
      },
      {
        "costOfGoodsSold": 3299,
        "dilutedAverageSharesOutstanding": 1939,
        "dilutedEPS": 0.72,
        "ebit": 2252,
        "grossIncome": 2784,
        "interestIncomeExpense": -149,
        "minorityInterest": -1,
        "netIncome": 1399,
        "netIncomeAfterTaxes": 1402,
        "nonRecurringItems": -20,
        "period": "2017-03-31",
        "pretaxIncome": 2091,
        "provisionforIncomeTaxes": 689,
        "revenue": 6083,
        "sgaExpense": 532,
        "totalOperatingExpense": 532,
        "totalOtherIncomeExpenseNet": 8
      },
      {
        "costOfGoodsSold": 3424,
        "dilutedAverageSharesOutstanding": 1946,
        "dilutedEPS": 5.27,
        "ebit": 2049,
        "grossIncome": 2828,
        "interestIncomeExpense": -150,
        "minorityInterest": -2,
        "netIncome": 10258,
        "netIncomeAfterTaxes": 10278,
        "nonRecurringItems": 13809,
        "period": "2016-12-31",
        "pretaxIncome": 15708,
        "provisionforIncomeTaxes": 5430,
        "revenue": 6252,
        "sgaExpense": 779,
        "totalOperatingExpense": 779
      },
      {
        "costOfGoodsSold": 3755,
        "dilutedAverageSharesOutstanding": 1952,
        "dilutedEPS": 0.56,
        "ebit": 2384,
        "grossIncome": 3150,
        "interestIncomeExpense": 168,
        "minorityInterest": -1,
        "netIncome": 1092,
        "netIncomeAfterTaxes": 1094,
        "nonRecurringItems": -825,
        "period": "2016-09-30",
        "pretaxIncome": 1727,
        "provisionforIncomeTaxes": 633,
        "revenue": 6905,
        "sgaExpense": 766,
        "totalOperatingExpense": 766
      },
      {
        "costOfGoodsSold": 3564,
        "dilutedAverageSharesOutstanding": 1954,
        "dilutedEPS": 0.84,
        "ebit": 2411,
        "grossIncome": 2957,
        "interestIncomeExpense": 124,
        "minorityInterest": -1,
        "netIncome": 1650,
        "netIncomeAfterTaxes": 1654,
        "nonRecurringItems": -1,
        "period": "2016-06-30",
        "pretaxIncome": 2534,
        "provisionforIncomeTaxes": 880,
        "revenue": 6521,
        "sgaExpense": 546,
        "totalOperatingExpense": 546
      },
      {
        "costOfGoodsSold": 3410,
        "dilutedAverageSharesOutstanding": 1956,
        "dilutedEPS": 0.62,
        "ebit": 2097,
        "grossIncome": 2656,
        "interestIncomeExpense": -94,
        "minorityInterest": -1,
        "netIncome": 1215,
        "netIncomeAfterTaxes": 1218,
        "nonRecurringItems": -120,
        "period": "2016-03-31",
        "pretaxIncome": 1883,
        "provisionforIncomeTaxes": 665,
        "revenue": 6066,
        "sgaExpense": 559,
        "totalOperatingExpense": 559
      },
      {
        "costOfGoodsSold": 3596,
        "dilutedAverageSharesOutstanding": 1958,
        "dilutedEPS": 0.64,
        "ebit": 1965,
        "grossIncome": 2722,
        "interestIncomeExpense": 3,
        "minorityInterest": -1,
        "netIncome": 1245,
        "netIncomeAfterTaxes": 1248,
        "nonRecurringItems": 5,
        "period": "2015-12-31",
        "pretaxIncome": 1973,
        "provisionforIncomeTaxes": 725,
        "revenue": 6318,
        "sgaExpense": 757,
        "totalOperatingExpense": 757
      },
      {
        "costOfGoodsSold": 3653,
        "dilutedAverageSharesOutstanding": 1958,
        "dilutedEPS": 0.78,
        "ebit": 2348,
        "grossIncome": 3046,
        "interestIncomeExpense": -18,
        "minorityInterest": 0,
        "netIncome": 1525,
        "netIncomeAfterTaxes": 1528,
        "nonRecurringItems": -41,
        "period": "2015-09-30",
        "pretaxIncome": 2289,
        "provisionforIncomeTaxes": 761,
        "revenue": 6699,
        "sgaExpense": 698,
        "totalOperatingExpense": 698
      }
    ],
    "symbol": "MO"
  }
}