{
  "symbol": "HPE",
  "statement": "ic",
  "frequency": "annual",
  "timestamp": "2025-09-19T14:01:29.031398",
  "data": {
    "financials": [
      {
        "costOfGoodsSold": 20249,
        "depreciationAmortization": 267,
        "dilutedAverageSharesOutstanding": 1337,
        "dilutedEPS": 1.93,
        "ebit": 2494,
        "grossIncome": 9878,
        "interestExpense": 282,
        "interestIncomeExpense": 30,
        "netIncome": 2554,
        "netIncomeAfterTaxes": 2579,
        "nonRecurringItems": 429,
        "period": "2024-10-31",
        "pretaxIncome": 2953,
        "provisionforIncomeTaxes": 374,
        "researchDevelopment": 2246,
        "revenue": 30127,
        "sgaExpense": 4871,
        "totalOperatingExpense": 7384,
        "year": 2024
      },
      {
        "costOfGoodsSold": 18896,
        "depreciationAmortization": 288,
        "dilutedAverageSharesOutstanding": 1316,
        "dilutedEPS": 1.54,
        "ebit": 2442,
        "grossIncome": 10239,
        "interestExpense": 326,
        "interestIncomeExpense": 89,
        "netIncome": 2025,
        "netIncomeAfterTaxes": 2025,
        "nonRecurringItems": -297,
        "period": "2023-10-31",
        "pretaxIncome": 2230,
        "provisionforIncomeTaxes": 205,
        "researchDevelopment": 2349,
        "revenue": 29135,
        "sgaExpense": 5160,
        "totalOperatingExpense": 7797,
        "totalOtherIncomeExpenseNet": -4,
        "year": 2023
      },
      {
        "costOfGoodsSold": 18990,
        "depreciationAmortization": 293,
        "dilutedAverageSharesOutstanding": 1322,
        "dilutedEPS": 0.66,
        "ebit": 2227,
        "grossIncome": 9506,
        "interestExpense": 260,
        "interestIncomeExpense": 27,
        "netIncome": 868,
        "netIncomeAfterTaxes": 868,
        "nonRecurringItems": -1511,
        "period": "2022-10-31",
        "pretaxIncome": 876,
        "provisionforIncomeTaxes": 8,
        "researchDevelopment": 2045,
        "revenue": 28496,
        "sgaExpense": 4941,
        "totalOperatingExpense": 7279,
        "totalOtherIncomeExpenseNet": 133,
        "year": 2022
      },
      {
        "costOfGoodsSold": 18408,
        "depreciationAmortization": 354,
        "dilutedAverageSharesOutstanding": 1330,
        "dilutedEPS": 2.58,
        "ebit": 2114,
        "grossIncome": 9376,
        "interestExpense": 289,
        "interestIncomeExpense": -31,
        "netIncome": 3427,
        "netIncomeAfterTaxes": 3427,
        "nonRecurringItems": 1439,
        "period": "2021-10-31",
        "pretaxIncome": 3587,
        "provisionforIncomeTaxes": 160,
        "researchDevelopment": 1979,
        "revenue": 27784,
        "sgaExpense": 4929,
        "totalOperatingExpense": 7262,
        "totalOtherIncomeExpenseNet": 65,
        "year": 2021
      },
      {
        "costOfGoodsSold": 18513,
        "depreciationAmortization": 379,
        "dilutedAverageSharesOutstanding": 1294,
        "dilutedEPS": -0.25,
        "ebit": 1588,
        "grossIncome": 8469,
        "interestExpense": 332,
        "interestIncomeExpense": -148,
        "netIncome": -322,
        "netIncomeAfterTaxes": -322,
        "nonRecurringItems": -2018,
        "period": "2020-10-31",
        "pretaxIncome": -442,
        "provisionforIncomeTaxes": -120,
        "researchDevelopment": 1874,
        "revenue": 26982,
        "sgaExpense": 4628,
        "totalOperatingExpense": 6881,
        "totalOtherIncomeExpenseNet": 136,
        "year": 2020
      },
      {
        "costOfGoodsSold": 19642,
        "depreciationAmortization": 267,
        "dilutedAverageSharesOutstanding": 1366,
        "dilutedEPS": 0.76,
        "ebit": 2477,
        "grossIncome": 9493,
        "interestIncomeExpense": -157,
        "netIncome": 1049,
        "netIncomeAfterTaxes": 1537,
        "nonRecurringItems": -1194,
        "period": "2019-10-31",
        "pretaxIncome": 1553,
        "provisionforIncomeTaxes": 16,
        "researchDevelopment": 1842,
        "revenue": 29135,
        "sgaExpense": 4907,
        "totalOperatingExpense": 7016,
        "totalOtherIncomeExpenseNet": 427,
        "year": 2019
      },
      {
        "costOfGoodsSold": 21621,
        "depreciationAmortization": 294,
        "dilutedAverageSharesOutstanding": 1553,
        "dilutedEPS": 1.22,
        "ebit": 2349,
        "grossIncome": 9231,
        "interestIncomeExpense": -236,
        "netIncome": 1908,
        "netIncomeAfterTaxes": 2767,
        "nonRecurringItems": -1966,
        "period": "2018-10-31",
        "pretaxIncome": 268,
        "provisionforIncomeTaxes": -2499,
        "researchDevelopment": 1667,
        "revenue": 30852,
        "sgaExpense": 4921,
        "totalOperatingExpense": 6882,
        "totalOtherIncomeExpenseNet": 121,
        "year": 2018
      },
      {
        "costOfGoodsSold": 20202,
        "depreciationAmortization": 321,
        "dilutedAverageSharesOutstanding": 1674,
        "dilutedEPS": 0.2,
        "ebit": 1846,
        "grossIncome": 8669,
        "interestIncomeExpense": -350,
        "netIncome": 344,
        "netIncomeAfterTaxes": 436,
        "nonRecurringItems": -1285,
        "period": "2017-10-31",
        "pretaxIncome": 272,
        "provisionforIncomeTaxes": -164,
        "researchDevelopment": 1490,
        "revenue": 28871,
        "sgaExpense": 5012,
        "totalOperatingExpense": 6823,
        "totalOtherIncomeExpenseNet": 61,
        "year": 2017
      },
      {
        "costOfGoodsSold": 20507,
        "depreciationAmortization": 272,
        "dilutedAverageSharesOutstanding": 1739,
        "dilutedEPS": 1.81,
        "ebit": 2407,
        "grossIncome": 9773,
        "interestIncomeExpense": -360,
        "netIncome": 3161,
        "netIncomeAfterTaxes": 3237,
        "nonRecurringItems": 1813,
        "period": "2016-10-31",
        "pretaxIncome": 3860,
        "provisionforIncomeTaxes": 623,
        "researchDevelopment": 1714,
        "revenue": 30280,
        "sgaExpense": 5380,
        "totalOperatingExpense": 7366,
        "year": 2016
      },
      {
        "costOfGoodsSold": 21013,
        "depreciationAmortization": 229,
        "dilutedAverageSharesOutstanding": 1834,
        "dilutedEPS": 1.34,
        "ebit": 3017,
        "grossIncome": 10064,
        "interestIncomeExpense": -11,
        "netIncome": 2461,
        "netIncomeAfterTaxes": 2640,
        "nonRecurringItems": -1071,
        "period": "2015-10-31",
        "pretaxIncome": 1935,
        "provisionforIncomeTaxes": -705,
        "researchDevelopment": 1676,
        "revenue": 31077,
        "sgaExpense": 5142,
        "totalOperatingExpense": 7047,
        "year": 2015
      }
    ],
    "symbol": "HPE"
  }
}