{
  "symbol": "AVB",
  "statement": "ic",
  "frequency": "quarterly",
  "timestamp": "2025-09-19T13:56:31.383089",
  "data": {
    "financials": [
      {
        "costOfGoodsSold": 276.971,
        "depreciationAmortization": 231.73,
        "dilutedAverageSharesOutstanding": 143.2923,
        "dilutedEPS": 1.8749,
        "ebit": 228.497,
        "gainLossOnDispositionOfAssets": 103.094,
        "grossIncome": 483.224,
        "interestExpense": 64.801,
        "interestIncomeExpense": -58.916,
        "minorityInterest": -1.19,
        "netIncome": 268.168,
        "netIncomeAfterTaxes": 269.855,
        "nonRecurringItems": -3.351,
        "period": "2025-06-30",
        "pretaxIncome": 269.324,
        "provisionforIncomeTaxes": -0.531,
        "revenue": 760.195,
        "sgaExpense": 22.997,
        "totalOperatingExpense": 254.727
      },
      {
        "costOfGoodsSold": 268.861,
        "depreciationAmortization": 217.888,
        "dilutedAverageSharesOutstanding": 142.4866,
        "dilutedEPS": 1.6605,
        "ebit": 239.351,
        "gainLossOnDispositionOfAssets": 56.624,
        "grossIncome": 477.019,
        "interestExpense": 59.864,
        "interestIncomeExpense": -54.75,
        "minorityInterest": 0,
        "netIncome": 236.152,
        "netIncomeAfterTaxes": 236.597,
        "nonRecurringItems": -4.744,
        "period": "2025-03-31",
        "pretaxIncome": 236.481,
        "provisionforIncomeTaxes": -0.116,
        "revenue": 745.88,
        "sgaExpense": 19.78,
        "totalOperatingExpense": 237.668
      },
      {
        "costOfGoodsSold": 281.649,
        "depreciationAmortization": 215.539,
        "dilutedAverageSharesOutstanding": 142.7051,
        "dilutedEPS": 1.9768,
        "ebit": 225.67,
        "gainLossOnDispositionOfAssets": 121.958,
        "grossIncome": 458.9,
        "interestExpense": 58.976,
        "interestIncomeExpense": -54.683,
        "minorityInterest": 0,
        "netIncome": 281.56,
        "netIncomeAfterTaxes": 282.092,
        "nonRecurringItems": -11.106,
        "period": "2024-12-31",
        "pretaxIncome": 281.839,
        "provisionforIncomeTaxes": -0.253,
        "revenue": 740.549,
        "sgaExpense": 17.691,
        "totalOperatingExpense": 233.23
      },
      {
        "costOfGoodsSold": 275.46,
        "depreciationAmortization": 212.122,
        "dilutedAverageSharesOutstanding": 142.5167,
        "dilutedEPS": 2.6139,
        "ebit": 226.636,
        "gainLossOnDispositionOfAssets": 173.287,
        "grossIncome": 458.847,
        "interestExpense": 55.769,
        "interestIncomeExpense": -25.049,
        "minorityInterest": 0,
        "netIncome": 371.813,
        "netIncomeAfterTaxes": 372.519,
        "nonRecurringItems": -1.573,
        "period": "2024-09-30",
        "pretaxIncome": 373.301,
        "provisionforIncomeTaxes": 0.782,
        "revenue": 734.307,
        "sgaExpense": 20.089,
        "totalOperatingExpense": 232.211
      },
      {
        "costOfGoodsSold": 260.651,
        "depreciationAmortization": 206.923,
        "dilutedAverageSharesOutstanding": 142.3899,
        "dilutedEPS": 1.7834,
        "ebit": 238.881,
        "gainLossOnDispositionOfAssets": 68.737,
        "grossIncome": 465.39,
        "interestExpense": 57.078,
        "interestIncomeExpense": -52.256,
        "minorityInterest": -0.073,
        "netIncome": 253.446,
        "netIncomeAfterTaxes": 254.007,
        "nonRecurringItems": -1.417,
        "period": "2024-06-30",
        "pretaxIncome": 253.945,
        "provisionforIncomeTaxes": -0.062,
        "revenue": 726.041,
        "sgaExpense": 19.586,
        "totalOperatingExpense": 226.509
      },
      {
        "costOfGoodsSold": 255.696,
        "depreciationAmortization": 212.269,
        "dilutedAverageSharesOutstanding": 142.2228,
        "dilutedEPS": 1.2196,
        "ebit": 224.563,
        "gainLossOnDispositionOfAssets": 0.071,
        "grossIncome": 457.163,
        "interestExpense": 54.766,
        "interestIncomeExpense": -43.919,
        "minorityInterest": -0.108,
        "netIncome": 173.111,
        "netIncomeAfterTaxes": 173.557,
        "nonRecurringItems": -7.18,
        "period": "2024-03-31",
        "pretaxIncome": 173.535,
        "provisionforIncomeTaxes": -0.022,
        "revenue": 712.859,
        "sgaExpense": 20.331,
        "totalOperatingExpense": 232.6
      },
      {
        "costOfGoodsSold": 250.379,
        "depreciationAmortization": 210.694,
        "dilutedAverageSharesOutstanding": 142.2291,
        "dilutedEPS": 1.7013,
        "ebit": 225.64,
        "gainLossOnDispositionOfAssets": 77.461,
        "grossIncome": 454.326,
        "interestExpense": 49.471,
        "interestIncomeExpense": -47.762,
        "minorityInterest": -0.097,
        "netIncome": 241.535,
        "netIncomeAfterTaxes": 242.066,
        "nonRecurringItems": -10.835,
        "period": "2023-12-31",
        "pretaxIncome": 244.504,
        "provisionforIncomeTaxes": 2.438,
        "revenue": 704.705,
        "sgaExpense": 17.992,
        "totalOperatingExpense": 228.686
      },
      {
        "costOfGoodsSold": 253.6,
        "depreciationAmortization": 201,
        "dilutedAverageSharesOutstanding": 142.2,
        "dilutedEPS": 1.21,
        "ebit": 222.6,
        "gainLossOnDispositionOfAssets": 22.4,
        "grossIncome": 444,
        "interestExpense": 48.115,
        "interestIncomeExpense": -46.2,
        "minorityInterest": 0.2,
        "netIncome": 171.7,
        "netIncomeAfterTaxes": 171.8,
        "nonRecurringItems": -22.6,
        "period": "2023-09-30",
        "pretaxIncome": 176.2,
        "provisionforIncomeTaxes": 4.4,
        "revenue": 697.6,
        "sgaExpense": 20.5,
        "totalOperatingExpense": 221.5
      },
      {
        "costOfGoodsSold": 244.8,
        "depreciationAmortization": 200.5,
        "dilutedAverageSharesOutstanding": 142.1,
        "dilutedEPS": 2.58,
        "ebit": 227.9,
        "gainLossOnDispositionOfAssets": 187.7,
        "grossIncome": 446,
        "interestExpense": 51.585,
        "interestIncomeExpense": -46.6,
        "minorityInterest": 0.1,
        "netIncome": 367.3,
        "netIncomeAfterTaxes": 367.8,
        "nonRecurringItems": -1.3,
        "period": "2023-06-30",
        "pretaxIncome": 367.6,
        "provisionforIncomeTaxes": -0.2,
        "revenue": 690.9,
        "sgaExpense": 17.7,
        "totalOperatingExpense": 218.2
      },
      {
        "costOfGoodsSold": 239.3,
        "depreciationAmortization": 204.7,
        "dilutedAverageSharesOutstanding": 141.6,
        "dilutedEPS": 1.04,
        "ebit": 210.2,
        "gainLossOnDispositionOfAssets": 0.1,
        "grossIncome": 435.4,
        "interestExpense": 56.821,
        "interestIncomeExpense": -52,
        "minorityInterest": 0.1,
        "netIncome": 146.6,
        "netIncomeAfterTaxes": 146.8,
        "nonRecurringItems": -8,
        "period": "2023-03-31",
        "pretaxIncome": 150.3,
        "provisionforIncomeTaxes": 3.6,
        "revenue": 674.7,
        "sgaExpense": 20.4,
        "totalOperatingExpense": 225.2
      },
      {
        "costOfGoodsSold": 229.1,
        "depreciationAmortization": 207.2,
        "dilutedAverageSharesOutstanding": 140,
        "dilutedEPS": 1.72,
        "ebit": 212.6,
        "gainLossOnDispositionOfAssets": 92.6,
        "grossIncome": 440.5,
        "interestExpense": 57.461,
        "interestIncomeExpense": -50.7,
        "minorityInterest": 0.1,
        "netIncome": 240.9,
        "netIncomeAfterTaxes": 241.2,
        "nonRecurringItems": -6.7,
        "period": "2022-12-31",
        "pretaxIncome": 247.8,
        "provisionforIncomeTaxes": 6.7,
        "revenue": 669.7,
        "sgaExpense": 20.7,
        "totalOperatingExpense": 228
      },
      {
        "costOfGoodsSold": 240.7,
        "depreciationAmortization": 206.7,
        "dilutedAverageSharesOutstanding": 140,
        "dilutedEPS": 3.53,
        "ebit": 203.4,
        "gainLossOnDispositionOfAssets": 318.6,
        "grossIncome": 424.6,
        "interestExpense": 57.29,
        "interestIncomeExpense": -13.5,
        "minorityInterest": 0.1,
        "netIncome": 493.9,
        "netIncomeAfterTaxes": 494.6,
        "nonRecurringItems": -8.2,
        "period": "2022-09-30",
        "pretaxIncome": 500.3,
        "provisionforIncomeTaxes": 5.7,
        "revenue": 665.3,
        "sgaExpense": 14.6,
        "totalOperatingExpense": 221.2
      },
      {
        "costOfGoodsSold": 227.3,
        "depreciationAmortization": 199.3,
        "dilutedAverageSharesOutstanding": 141.5,
        "dilutedEPS": 0.99,
        "ebit": 196.8,
        "gainLossOnDispositionOfAssets": 0.4,
        "grossIncome": 417.3,
        "interestExpense": 58.797,
        "interestIncomeExpense": -56.3,
        "minorityInterest": 0.1,
        "netIncome": 138.4,
        "netIncomeAfterTaxes": 138.6,
        "nonRecurringItems": -2.4,
        "period": "2022-06-30",
        "pretaxIncome": 138.4,
        "provisionforIncomeTaxes": -0.2,
        "revenue": 644.6,
        "sgaExpense": 21.3,
        "totalOperatingExpense": 220.5
      },
      {
        "costOfGoodsSold": 222.1,
        "depreciationAmortization": 201.8,
        "dilutedAverageSharesOutstanding": 139.9,
        "dilutedEPS": 1.87,
        "ebit": 172.7,
        "gainLossOnDispositionOfAssets": 149.1,
        "grossIncome": 391.9,
        "interestExpense": 56.526,
        "interestIncomeExpense": -56.2,
        "minorityInterest": 0,
        "netIncome": 261.5,
        "netIncomeAfterTaxes": 262.1,
        "nonRecurringItems": -1,
        "period": "2022-03-31",
        "pretaxIncome": 264.5,
        "provisionforIncomeTaxes": 2.5,
        "revenue": 613.9,
        "sgaExpense": 17.4,
        "totalOperatingExpense": 219.2
      },
      {
        "costOfGoodsSold": 211,
        "depreciationAmortization": 197,
        "dilutedAverageSharesOutstanding": 139.9,
        "dilutedEPS": 2.39,
        "ebit": 176.7,
        "gainLossOnDispositionOfAssets": 214.4,
        "grossIncome": 390.2,
        "interestExpense": 55.711,
        "interestIncomeExpense": -50.1,
        "minorityInterest": -0.1,
        "netIncome": 334.6,
        "netIncomeAfterTaxes": 335.3,
        "nonRecurringItems": -1.4,
        "period": "2021-12-31",
        "pretaxIncome": 339.6,
        "provisionforIncomeTaxes": 4.3,
        "revenue": 601.2,
        "sgaExpense": 16.5,
        "totalOperatingExpense": 213.5
      },
      {
        "costOfGoodsSold": 221,
        "depreciationAmortization": 193.8,
        "dilutedAverageSharesOutstanding": 139.7,
        "dilutedEPS": 0.56,
        "ebit": 148.6,
        "gainLossOnDispositionOfAssets": 1.8,
        "grossIncome": 359.7,
        "interestExpense": 55.987,
        "interestIncomeExpense": -49.1,
        "minorityInterest": 0.1,
        "netIncome": 78.8,
        "netIncomeAfterTaxes": 78.8,
        "nonRecurringItems": -20.2,
        "period": "2021-09-30",
        "pretaxIncome": 81,
        "provisionforIncomeTaxes": 2.2,
        "revenue": 580.8,
        "sgaExpense": 17.3,
        "totalOperatingExpense": 211.2
      },
      {
        "costOfGoodsSold": 212.4,
        "depreciationAmortization": 184.5,
        "dilutedAverageSharesOutstanding": 141.3,
        "dilutedEPS": 3.16,
        "ebit": 146.4,
        "gainLossOnDispositionOfAssets": 334,
        "grossIncome": 349.3,
        "interestExpense": 56.104,
        "interestIncomeExpense": -29.5,
        "minorityInterest": 0,
        "netIncome": 447,
        "netIncomeAfterTaxes": 448,
        "nonRecurringItems": -2.8,
        "period": "2021-06-30",
        "pretaxIncome": 448,
        "provisionforIncomeTaxes": 0,
        "revenue": 561.7,
        "sgaExpense": 18.5,
        "totalOperatingExpense": 203
      },
      {
        "costOfGoodsSold": 209.5,
        "depreciationAmortization": 183.3,
        "dilutedAverageSharesOutstanding": 139.6,
        "dilutedEPS": 1.02,
        "ebit": 141,
        "gainLossOnDispositionOfAssets": 53.2,
        "grossIncome": 341.7,
        "interestExpense": 52.613,
        "interestIncomeExpense": -53.1,
        "minorityInterest": 0,
        "netIncome": 141.9,
        "netIncomeAfterTaxes": 142.2,
        "nonRecurringItems": 0.3,
        "period": "2021-03-31",
        "pretaxIncome": 141.5,
        "provisionforIncomeTaxes": -0.8,
        "revenue": 551.1,
        "sgaExpense": 17.4,
        "totalOperatingExpense": 200.6
      },
      {
        "costOfGoodsSold": 213.1,
        "depreciationAmortization": 177.8,
        "dilutedAverageSharesOutstanding": 139.6,
        "dilutedEPS": 2.44,
        "ebit": 151.4,
        "gainLossOnDispositionOfAssets": 247.6,
        "grossIncome": 342.7,
        "interestExpense": 51.589,
        "interestIncomeExpense": -51.9,
        "minorityInterest": 0,
        "netIncome": 340.3,
        "netIncomeAfterTaxes": 341.1,
        "nonRecurringItems": -8.1,
        "period": "2020-12-31",
        "pretaxIncome": 338.9,
        "provisionforIncomeTaxes": -2.2,
        "revenue": 555.8,
        "sgaExpense": 13.5,
        "totalOperatingExpense": 191.3
      },
      {
        "costOfGoodsSold": 212.8,
        "depreciationAmortization": 175.3,
        "dilutedAverageSharesOutstanding": 140.6,
        "dilutedEPS": 1.05,
        "ebit": 165.2,
        "gainLossOnDispositionOfAssets": 31.1,
        "grossIncome": 354.6,
        "interestExpense": 53.249,
        "interestIncomeExpense": -48.1,
        "minorityInterest": 0,
        "netIncome": 147.4,
        "netIncomeAfterTaxes": 147.7,
        "nonRecurringItems": -0.5,
        "period": "2020-09-30",
        "pretaxIncome": 147.7,
        "provisionforIncomeTaxes": 0,
        "revenue": 567.4,
        "sgaExpense": 14,
        "totalOperatingExpense": 189.4
      },
      {
        "costOfGoodsSold": 198.1,
        "depreciationAmortization": 176.2,
        "dilutedAverageSharesOutstanding": 140.7,
        "dilutedEPS": 1.21,
        "ebit": 186.5,
        "gainLossOnDispositionOfAssets": 36.8,
        "grossIncome": 378.3,
        "interestExpense": 53.399,
        "interestIncomeExpense": -52.9,
        "minorityInterest": 0,
        "netIncome": 170.4,
        "netIncomeAfterTaxes": 170.9,
        "nonRecurringItems": -0.7,
        "period": "2020-06-30",
        "pretaxIncome": 169.7,
        "provisionforIncomeTaxes": -1.1,
        "revenue": 576.4,
        "sgaExpense": 15.6,
        "totalOperatingExpense": 191.8
      },
      {
        "costOfGoodsSold": 199,
        "depreciationAmortization": 177.9,
        "dilutedAverageSharesOutstanding": 140.8,
        "dilutedEPS": 1.19,
        "ebit": 207.4,
        "gainLossOnDispositionOfAssets": 27.9,
        "grossIncome": 402.6,
        "interestExpense": 55.914,
        "interestIncomeExpense": -54.7,
        "minorityInterest": 0,
        "netIncome": 167.5,
        "netIncomeAfterTaxes": 168,
        "nonRecurringItems": -12.5,
        "period": "2020-03-31",
        "pretaxIncome": 168.1,
        "provisionforIncomeTaxes": 0.1,
        "revenue": 601.7,
        "sgaExpense": 17.3,
        "totalOperatingExpense": 195.3
      },
      {
        "costOfGoodsSold": 190.4,
        "depreciationAmortization": 171.4,
        "dilutedAverageSharesOutstanding": 140,
        "dilutedEPS": 1.19,
        "ebit": 219.2,
        "gainLossOnDispositionOfAssets": -1,
        "grossIncome": 403.2,
        "interestExpense": 54.19,
        "interestIncomeExpense": -46.3,
        "minorityInterest": 0,
        "netIncome": 167.2,
        "netIncomeAfterTaxes": 167.7,
        "nonRecurringItems": -2.4,
        "period": "2019-12-31",
        "pretaxIncome": 169.5,
        "provisionforIncomeTaxes": 1.8,
        "revenue": 593.6,
        "sgaExpense": 12.6,
        "totalOperatingExpense": 184
      },
      {
        "costOfGoodsSold": 197.8,
        "depreciationAmortization": 165.5,
        "dilutedAverageSharesOutstanding": 139.9,
        "dilutedEPS": 1.99,
        "ebit": 211.6,
        "gainLossOnDispositionOfAssets": 129.4,
        "grossIncome": 389.8,
        "interestExpense": 51.493,
        "interestIncomeExpense": -49.9,
        "minorityInterest": 0,
        "netIncome": 279,
        "netIncomeAfterTaxes": 279.7,
        "nonRecurringItems": -0.3,
        "period": "2019-09-30",
        "pretaxIncome": 290.9,
        "provisionforIncomeTaxes": 11.2,
        "revenue": 587.6,
        "sgaExpense": 12.8,
        "totalOperatingExpense": 178.2
      },
      {
        "costOfGoodsSold": 195.1,
        "depreciationAmortization": 162.7,
        "dilutedAverageSharesOutstanding": 139.6,
        "dilutedEPS": 1.2,
        "ebit": 200.5,
        "gainLossOnDispositionOfAssets": 19.6,
        "grossIncome": 382.2,
        "interestExpense": 50.01,
        "interestIncomeExpense": -49.8,
        "minorityInterest": 0,
        "netIncome": 167.8,
        "netIncomeAfterTaxes": 168.3,
        "nonRecurringItems": -2,
        "period": "2019-06-30",
        "pretaxIncome": 168.3,
        "provisionforIncomeTaxes": 0,
        "revenue": 577.3,
        "sgaExpense": 19,
        "totalOperatingExpense": 181.7
      },
      {
        "costOfGoodsSold": 184.8,
        "depreciationAmortization": 162.1,
        "dilutedAverageSharesOutstanding": 138.8,
        "dilutedEPS": 1.22,
        "ebit": 205.6,
        "gainLossOnDispositionOfAssets": 14.6,
        "grossIncome": 381.4,
        "interestExpense": 47.892,
        "interestIncomeExpense": -49,
        "minorityInterest": -0.1,
        "netIncome": 169.9,
        "netIncomeAfterTaxes": 170.4,
        "nonRecurringItems": -0.9,
        "period": "2019-03-31",
        "pretaxIncome": 170.4,
        "provisionforIncomeTaxes": 0,
        "revenue": 566.2,
        "sgaExpense": 13.7,
        "totalOperatingExpense": 175.7
      },
      {
        "costOfGoodsSold": 192.7,
        "depreciationAmortization": 158.9,
        "dilutedAverageSharesOutstanding": 138.5,
        "dilutedEPS": 2.78,
        "ebit": 212.5,
        "gainLossOnDispositionOfAssets": 242.5,
        "grossIncome": 385.8,
        "interestExpense": 55.179,
        "interestIncomeExpense": -52.5,
        "minorityInterest": 0.1,
        "netIncome": 384.6,
        "netIncomeAfterTaxes": 385.6,
        "nonRecurringItems": -17.2,
        "period": "2018-12-31",
        "pretaxIncome": 385.4,
        "provisionforIncomeTaxes": -0.2,
        "revenue": 578.5,
        "sgaExpense": 14.4,
        "totalOperatingExpense": 173.3
      },
      {
        "costOfGoodsSold": 193.5,
        "depreciationAmortization": 156.5,
        "dilutedAverageSharesOutstanding": 138.3,
        "dilutedEPS": 1.39,
        "ebit": 211.2,
        "gainLossOnDispositionOfAssets": 26.9,
        "grossIncome": 382.5,
        "interestExpense": 54.097,
        "interestIncomeExpense": -44.1,
        "minorityInterest": 0.1,
        "netIncome": 191.9,
        "netIncomeAfterTaxes": 192.4,
        "nonRecurringItems": -1.6,
        "period": "2018-09-30",
        "pretaxIncome": 192.4,
        "provisionforIncomeTaxes": 0,
        "revenue": 576,
        "sgaExpense": 14.7,
        "totalOperatingExpense": 171.3
      },
      {
        "costOfGoodsSold": 190.1,
        "depreciationAmortization": 156.7,
        "dilutedAverageSharesOutstanding": 139.9,
        "dilutedEPS": 1.81,
        "ebit": 206.5,
        "gainLossOnDispositionOfAssets": 105.4,
        "grossIncome": 379.2,
        "interestExpense": 56.585,
        "interestIncomeExpense": -55.8,
        "minorityInterest": 0.1,
        "netIncome": 253.9,
        "netIncomeAfterTaxes": 254.5,
        "nonRecurringItems": -1.5,
        "period": "2018-06-30",
        "pretaxIncome": 254.6,
        "provisionforIncomeTaxes": 0.1,
        "revenue": 569.2,
        "sgaExpense": 16,
        "totalOperatingExpense": 172.6
      },
      {
        "costOfGoodsSold": 191.9,
        "depreciationAmortization": 159.1,
        "dilutedAverageSharesOutstanding": 138.2,
        "dilutedEPS": 1.02,
        "ebit": 196.1,
        "gainLossOnDispositionOfAssets": 0,
        "grossIncome": 368.9,
        "interestExpense": 55.113,
        "interestIncomeExpense": -53.4,
        "minorityInterest": 0.1,
        "netIncome": 141.2,
        "netIncomeAfterTaxes": 141.6,
        "nonRecurringItems": -1.1,
        "period": "2018-03-31",
        "pretaxIncome": 141.6,
        "provisionforIncomeTaxes": 0,
        "revenue": 560.8,
        "sgaExpense": 13.7,
        "totalOperatingExpense": 172.8
      },
      {
        "costOfGoodsSold": 181.8,
        "depreciationAmortization": 157.1,
        "dilutedAverageSharesOutstanding": 138.2,
        "dilutedEPS": 1.71,
        "ebit": 204.5,
        "gainLossOnDispositionOfAssets": 81.7,
        "grossIncome": 373.5,
        "interestExpense": 52.523,
        "interestIncomeExpense": -52.1,
        "minorityInterest": 0.1,
        "netIncome": 236.9,
        "netIncomeAfterTaxes": 237.5,
        "nonRecurringItems": 3.5,
        "period": "2017-12-31",
        "pretaxIncome": 237.5,
        "provisionforIncomeTaxes": 0,
        "revenue": 555.3,
        "sgaExpense": 11.9,
        "totalOperatingExpense": 169
      },
      {
        "costOfGoodsSold": 187.3,
        "depreciationAmortization": 145,
        "dilutedAverageSharesOutstanding": 138.3,
        "dilutedEPS": 1.72,
        "ebit": 206.5,
        "gainLossOnDispositionOfAssets": 27.6,
        "grossIncome": 363.2,
        "interestExpense": 47.741,
        "interestIncomeExpense": 4.9,
        "minorityInterest": 0,
        "netIncome": 237.6,
        "netIncomeAfterTaxes": 238.2,
        "nonRecurringItems": -0.8,
        "period": "2017-09-30",
        "pretaxIncome": 238.2,
        "provisionforIncomeTaxes": 0,
        "revenue": 550.5,
        "sgaExpense": 11.7,
        "totalOperatingExpense": 156.7
      },
      {
        "costOfGoodsSold": 180.3,
        "depreciationAmortization": 141.4,
        "dilutedAverageSharesOutstanding": 138.2,
        "dilutedEPS": 1.19,
        "ebit": 194.8,
        "gainLossOnDispositionOfAssets": 44.1,
        "grossIncome": 350.3,
        "interestExpense": 50.102,
        "interestIncomeExpense": -49,
        "minorityInterest": 0,
        "netIncome": 164.8,
        "netIncomeAfterTaxes": 165.2,
        "nonRecurringItems": -24.7,
        "period": "2017-06-30",
        "pretaxIncome": 165.3,
        "provisionforIncomeTaxes": 0.1,
        "revenue": 530.5,
        "sgaExpense": 13.9,
        "totalOperatingExpense": 155.4
      },
      {
        "costOfGoodsSold": 176,
        "depreciationAmortization": 140.6,
        "dilutedAverageSharesOutstanding": 137.5,
        "dilutedEPS": 1.71,
        "ebit": 192.5,
        "gainLossOnDispositionOfAssets": 88.3,
        "grossIncome": 346.4,
        "interestExpense": 49.295,
        "interestIncomeExpense": -32.6,
        "minorityInterest": 0.1,
        "netIncome": 235.2,
        "netIncomeAfterTaxes": 235.8,
        "nonRecurringItems": -12.4,
        "period": "2017-03-31",
        "pretaxIncome": 235.8,
        "provisionforIncomeTaxes": 0,
        "revenue": 522.3,
        "sgaExpense": 13.2,
        "totalOperatingExpense": 153.8
      },
      {
        "costOfGoodsSold": 169.4,
        "depreciationAmortization": 140,
        "dilutedAverageSharesOutstanding": 137.5,
        "dilutedEPS": 1.76,
        "ebit": 198.3,
        "gainLossOnDispositionOfAssets": 89.3,
        "grossIncome": 348.8,
        "interestExpense": 49.648,
        "interestIncomeExpense": -39.4,
        "minorityInterest": 0.1,
        "netIncome": 241.7,
        "netIncomeAfterTaxes": 242.2,
        "nonRecurringItems": -5.8,
        "period": "2016-12-31",
        "pretaxIncome": 242.4,
        "provisionforIncomeTaxes": 0.2,
        "revenue": 518.2,
        "sgaExpense": 10.4,
        "totalOperatingExpense": 150.6
      },
      {
        "costOfGoodsSold": 177.1,
        "depreciationAmortization": 131.7,
        "dilutedAverageSharesOutstanding": 137.5,
        "dilutedEPS": 2.59,
        "ebit": 195.5,
        "gainLossOnDispositionOfAssets": 212.9,
        "grossIncome": 339.1,
        "interestExpense": 47.871,
        "interestIncomeExpense": -48.2,
        "minorityInterest": 0.1,
        "netIncome": 355.5,
        "netIncomeAfterTaxes": 356.3,
        "nonRecurringItems": -3.8,
        "period": "2016-09-30",
        "pretaxIncome": 356.4,
        "provisionforIncomeTaxes": 0,
        "revenue": 516.2,
        "sgaExpense": 11.9,
        "totalOperatingExpense": 143.7
      },
      {
        "costOfGoodsSold": 170,
        "depreciationAmortization": 132.5,
        "dilutedAverageSharesOutstanding": 139.1,
        "dilutedEPS": 1.43,
        "ebit": 187.9,
        "gainLossOnDispositionOfAssets": 31.1,
        "grossIncome": 332.3,
        "interestExpense": 46.581,
        "interestIncomeExpense": -19.4,
        "minorityInterest": 0.1,
        "netIncome": 196.9,
        "netIncomeAfterTaxes": 197.3,
        "nonRecurringItems": -2.2,
        "period": "2016-06-30",
        "pretaxIncome": 197.4,
        "provisionforIncomeTaxes": 0,
        "revenue": 502.3,
        "sgaExpense": 12,
        "totalOperatingExpense": 144.4
      },
      {
        "costOfGoodsSold": 166.7,
        "depreciationAmortization": 127.2,
        "dilutedAverageSharesOutstanding": 137.4,
        "dilutedEPS": 1.73,
        "ebit": 203.2,
        "gainLossOnDispositionOfAssets": 51.4,
        "grossIncome": 341.8,
        "interestExpense": 43.41,
        "interestIncomeExpense": -15.4,
        "minorityInterest": 0.1,
        "netIncome": 237.3,
        "netIncomeAfterTaxes": 237.9,
        "nonRecurringItems": -1.3,
        "period": "2016-03-31",
        "pretaxIncome": 237.9,
        "provisionforIncomeTaxes": 0,
        "revenue": 508.5,
        "sgaExpense": 11.4,
        "totalOperatingExpense": 138.6
      },
      {
        "costOfGoodsSold": 158.2,
        "depreciationAmortization": 122.3,
        "dilutedAverageSharesOutstanding": 137.4,
        "dilutedEPS": 1.13,
        "ebit": 190.5,
        "gainLossOnDispositionOfAssets": 9.5,
        "grossIncome": 322.6,
        "interestExpense": 42.217,
        "interestIncomeExpense": -41.1,
        "minorityInterest": 0.1,
        "netIncome": 155.1,
        "netIncomeAfterTaxes": 155.4,
        "nonRecurringItems": -1.7,
        "period": "2015-12-31",
        "pretaxIncome": 157.2,
        "provisionforIncomeTaxes": 1.9,
        "revenue": 480.8,
        "sgaExpense": 9.8,
        "totalOperatingExpense": 132.1
      },
      {
        "costOfGoodsSold": 166.1,
        "depreciationAmortization": 120.2,
        "dilutedAverageSharesOutstanding": 134.7,
        "dilutedEPS": 1.53,
        "ebit": 178.6,
        "gainLossOnDispositionOfAssets": 35.2,
        "grossIncome": 309.3,
        "interestExpense": 43.234,
        "interestIncomeExpense": -22.6,
        "minorityInterest": 0.1,
        "netIncome": 205.7,
        "netIncomeAfterTaxes": 206.1,
        "nonRecurringItems": 14.9,
        "period": "2015-09-30",
        "pretaxIncome": 206.1,
        "provisionforIncomeTaxes": 0,
        "revenue": 475.4,
        "sgaExpense": 10.5,
        "totalOperatingExpense": 130.6
      }
    ],
    "symbol": "AVB"
  }
}