{
  "symbol": "AMT",
  "statement": "ic",
  "frequency": "annual",
  "timestamp": "2025-09-19T13:55:52.114996",
  "data": {
    "financials": [
      {
        "costOfGoodsSold": 2574.4,
        "depreciationAmortization": 2028.8,
        "dilutedAverageSharesOutstanding": 468.12,
        "dilutedEPS": 4.81,
        "ebit": 4591.8,
        "grossIncome": 7552.8,
        "interestExpense": 1404.5,
        "interestIncomeExpense": -890.6,
        "minorityInterest": -25.2,
        "netIncome": 2255,
        "netIncomeAfterTaxes": 3258.5,
        "nonRecurringItems": -75.3,
        "otherOperatingExpensesTotal": -1.2,
        "period": "2024-12-31",
        "pretaxIncome": 3624.8,
        "provisionforIncomeTaxes": 366.3,
        "revenue": 10127.2,
        "sgaExpense": 933.4,
        "totalOperatingExpense": 2961,
        "totalOtherIncomeExpenseNet": -1.1,
        "year": 2024
      },
      {
        "costOfGoodsSold": 2561.5,
        "depreciationAmortization": 2928.5,
        "dilutedAverageSharesOutstanding": 467.162,
        "dilutedEPS": 3.17,
        "ebit": 3559.7,
        "grossIncome": 7450.7,
        "interestExpense": 1388.2,
        "interestIncomeExpense": -1595.9,
        "minorityInterest": 116.2,
        "netIncome": 1483.3,
        "netIncomeAfterTaxes": 1438.5,
        "nonRecurringItems": -434.5,
        "otherOperatingExpensesTotal": 16.5,
        "period": "2023-12-31",
        "pretaxIncome": 1529.3,
        "provisionforIncomeTaxes": 90.8,
        "revenue": 10012.2,
        "sgaExpense": 946,
        "totalOperatingExpense": 3891,
        "year": 2023
      },
      {
        "costOfGoodsSold": 2569.2,
        "depreciationAmortization": 3164.9,
        "dilutedAverageSharesOutstanding": 462.75,
        "dilutedEPS": 3.81,
        "ebit": 3012.8,
        "grossIncome": 7076.2,
        "interestExpense": 1136,
        "interestIncomeExpense": -635.5,
        "minorityInterest": 69.1,
        "netIncome": 1765.8,
        "netIncomeAfterTaxes": 1973.2,
        "nonRecurringItems": -274.6,
        "otherOperatingExpensesTotal": -3.6,
        "period": "2022-12-31",
        "pretaxIncome": 2086,
        "provisionforIncomeTaxes": 112.8,
        "revenue": 9645.4,
        "sgaExpense": 902.1,
        "totalOperatingExpense": 4063.4,
        "totalOtherIncomeExpenseNet": -16.7,
        "year": 2022
      },
      {
        "costOfGoodsSold": 2682,
        "depreciationAmortization": 2332.6,
        "dilutedAverageSharesOutstanding": 453.294,
        "dilutedEPS": 5.66,
        "ebit": 3538.2,
        "grossIncome": 6674.9,
        "interestExpense": 870.9,
        "interestIncomeExpense": -266.5,
        "minorityInterest": 0.1,
        "netIncome": 2567.7,
        "netIncomeAfterTaxes": 2567.6,
        "nonRecurringItems": -444.4,
        "otherOperatingExpensesTotal": -7.5,
        "period": "2021-12-31",
        "pretaxIncome": 2829.4,
        "provisionforIncomeTaxes": 261.8,
        "revenue": 9356.9,
        "sgaExpense": 811.6,
        "totalOperatingExpense": 3136.7,
        "totalOtherIncomeExpenseNet": 2.1,
        "year": 2021
      },
      {
        "costOfGoodsSold": 2227.2,
        "depreciationAmortization": 1882.3,
        "dilutedAverageSharesOutstanding": 446.104,
        "dilutedEPS": 3.79,
        "ebit": 3161.8,
        "grossIncome": 5814.3,
        "interestExpense": 793.5,
        "interestIncomeExpense": -970.2,
        "minorityInterest": -0.9,
        "netIncome": 1690.6,
        "netIncomeAfterTaxes": 1691.5,
        "nonRecurringItems": -346.1,
        "otherOperatingExpensesTotal": -8.5,
        "period": "2020-12-31",
        "pretaxIncome": 1821.1,
        "provisionforIncomeTaxes": 129.6,
        "revenue": 8041.5,
        "sgaExpense": 778.7,
        "totalOperatingExpense": 2652.5,
        "totalOtherIncomeExpenseNet": -24.4,
        "year": 2020
      },
      {
        "costOfGoodsSold": 2216.8,
        "depreciationAmortization": 1778.4,
        "dilutedAverageSharesOutstanding": 445.52,
        "dilutedEPS": 4.24,
        "ebit": 2851.3,
        "grossIncome": 5363.5,
        "interestExpense": 814.2,
        "interestIncomeExpense": -761.3,
        "minorityInterest": -28.8,
        "netIncome": 1887.8,
        "netIncomeAfterTaxes": 1916.6,
        "nonRecurringItems": -185.1,
        "otherOperatingExpensesTotal": 3.4,
        "period": "2019-12-31",
        "pretaxIncome": 1916.4,
        "provisionforIncomeTaxes": -0.2,
        "revenue": 7580.3,
        "sgaExpense": 730.4,
        "totalOperatingExpense": 2512.2,
        "totalOtherIncomeExpenseNet": 11.5,
        "year": 2019
      },
      {
        "costOfGoodsSold": 2177.8,
        "depreciationAmortization": 2110.8,
        "dilutedAverageSharesOutstanding": 442.96,
        "dilutedEPS": 2.77,
        "ebit": 2087.6,
        "grossIncome": 5262.3,
        "interestExpense": 826.7,
        "interestIncomeExpense": -775.4,
        "minorityInterest": -28.3,
        "netIncome": 1227,
        "netIncomeAfterTaxes": 1264.7,
        "nonRecurringItems": -185.9,
        "otherOperatingExpensesTotal": 330.7,
        "period": "2018-12-31",
        "pretaxIncome": 1154.6,
        "provisionforIncomeTaxes": -110.1,
        "revenue": 7440.1,
        "sgaExpense": 733.2,
        "totalOperatingExpense": 3174.7,
        "totalOtherIncomeExpenseNet": 28.3,
        "year": 2018
      },
      {
        "costOfGoodsSold": 2056.6,
        "depreciationAmortization": 1715.9,
        "dilutedAverageSharesOutstanding": 431.688,
        "dilutedEPS": 2.67,
        "ebit": 2181.3,
        "grossIncome": 4607.3,
        "interestExpense": 750.8,
        "interestIncomeExpense": -676.9,
        "minorityInterest": 13.5,
        "netIncome": 1151.5,
        "netIncomeAfterTaxes": 1225.4,
        "nonRecurringItems": -253.1,
        "otherOperatingExpensesTotal": 73.1,
        "period": "2017-12-31",
        "pretaxIncome": 1256.1,
        "provisionforIncomeTaxes": 30.7,
        "revenue": 6663.9,
        "sgaExpense": 637,
        "totalOperatingExpense": 2426,
        "totalOtherIncomeExpenseNet": 4.8,
        "year": 2017
      },
      {
        "costOfGoodsSold": 1790.389,
        "depreciationAmortization": 1525.635,
        "dilutedAverageSharesOutstanding": 429.283,
        "dilutedEPS": 1.98,
        "ebit": 1853.029,
        "grossIncome": 3995.279,
        "interestExpense": 718.288,
        "interestIncomeExpense": -703.986,
        "minorityInterest": -13.934,
        "netIncome": 849.3,
        "netIncomeAfterTaxes": 970.359,
        "nonRecurringItems": 1.168,
        "otherOperatingExpensesTotal": 73.22,
        "period": "2016-12-31",
        "pretaxIncome": 1125.86,
        "provisionforIncomeTaxes": 155.501,
        "revenue": 5785.668,
        "sgaExpense": 543.395,
        "totalOperatingExpense": 2142.25,
        "totalOtherIncomeExpenseNet": -24.351,
        "year": 2016
      },
      {
        "costOfGoodsSold": 1308.868,
        "depreciationAmortization": 1285.328,
        "dilutedAverageSharesOutstanding": 423.015,
        "dilutedEPS": 1.41,
        "ebit": 1612.789,
        "grossIncome": 3462.648,
        "interestExpense": 596.769,
        "interestIncomeExpense": -639.734,
        "minorityInterest": 13.067,
        "netIncome": 594.911,
        "netIncomeAfterTaxes": 672.007,
        "nonRecurringItems": -79.606,
        "otherOperatingExpensesTotal": 66.696,
        "period": "2015-12-31",
        "pretaxIncome": 829.962,
        "provisionforIncomeTaxes": 157.955,
        "revenue": 4771.516,
        "sgaExpense": 497.835,
        "totalOperatingExpense": 1849.859,
        "totalOtherIncomeExpenseNet": -63.487,
        "year": 2015
      }
    ],
    "symbol": "AMT"
  }
}