{
  "symbol": "ALGN",
  "statement": "ic",
  "frequency": "annual",
  "timestamp": "2025-09-19T13:55:30.725268",
  "data": {
    "financials": [
      {
        "costOfGoodsSold": 1199.853,
        "dilutedAverageSharesOutstanding": 74.993,
        "dilutedEPS": 5.6187,
        "ebit": 671.764,
        "grossIncome": 2799.159,
        "interestIncomeExpense": 20.218,
        "netIncome": 421.362,
        "netIncomeAfterTaxes": 421.362,
        "nonRecurringItems": -64.136,
        "period": "2024-12-31",
        "pretaxIncome": 608.959,
        "provisionforIncomeTaxes": 187.597,
        "researchDevelopment": 364.202,
        "revenue": 3999.012,
        "sgaExpense": 1763.193,
        "totalOperatingExpense": 2127.395,
        "totalOtherIncomeExpenseNet": -18.887,
        "year": 2024
      },
      {
        "costOfGoodsSold": 1155.397,
        "dilutedAverageSharesOutstanding": 76.568,
        "dilutedEPS": 5.8125,
        "ebit": 656.654,
        "grossIncome": 2706.863,
        "interestIncomeExpense": 17.258,
        "netIncome": 445.053,
        "netIncomeAfterTaxes": 445.053,
        "nonRecurringItems": -13.316,
        "period": "2023-12-31",
        "pretaxIncome": 641.204,
        "provisionforIncomeTaxes": 196.151,
        "researchDevelopment": 346.83,
        "revenue": 3862.26,
        "sgaExpense": 1703.379,
        "totalOperatingExpense": 2050.209,
        "totalOtherIncomeExpenseNet": -19.392,
        "year": 2023
      },
      {
        "costOfGoodsSold": 1100.9,
        "dilutedAverageSharesOutstanding": 78.4,
        "dilutedEPS": 4.61,
        "ebit": 654.1,
        "grossIncome": 2633.8,
        "interestIncomeExpense": 5.4,
        "netIncome": 361.6,
        "netIncomeAfterTaxes": 361.6,
        "nonRecurringItems": -11.5,
        "period": "2022-12-31",
        "pretaxIncome": 599.1,
        "provisionforIncomeTaxes": 237.5,
        "researchDevelopment": 305.3,
        "revenue": 3734.6,
        "sgaExpense": 1674.5,
        "totalOperatingExpense": 1979.6,
        "totalOtherIncomeExpenseNet": -48.9,
        "year": 2022
      },
      {
        "costOfGoodsSold": 1017.2,
        "dilutedAverageSharesOutstanding": 79.7,
        "dilutedEPS": 9.69,
        "ebit": 976.4,
        "equityEarningsAffiliates": 0,
        "grossIncome": 2935.4,
        "interestIncomeExpense": 3.1,
        "netIncome": 772,
        "netIncomeAfterTaxes": 772,
        "nonRecurringItems": 43.4,
        "period": "2021-12-31",
        "pretaxIncome": 1012.4,
        "provisionforIncomeTaxes": 240.4,
        "researchDevelopment": 250.3,
        "revenue": 3952.6,
        "sgaExpense": 1708.6,
        "totalOperatingExpense": 1959,
        "totalOtherIncomeExpenseNet": -10.5,
        "year": 2021
      },
      {
        "costOfGoodsSold": 708.7,
        "dilutedAverageSharesOutstanding": 79.2,
        "dilutedEPS": 22.41,
        "ebit": 387.2,
        "equityEarningsAffiliates": 0,
        "grossIncome": 1763.2,
        "interestIncomeExpense": 3.1,
        "netIncome": 1775.9,
        "netIncomeAfterTaxes": 1775.9,
        "nonRecurringItems": 0,
        "period": "2020-12-31",
        "pretaxIncome": 378.9,
        "provisionforIncomeTaxes": -1396.9,
        "researchDevelopment": 175.3,
        "revenue": 2471.9,
        "sgaExpense": 1200.8,
        "totalOperatingExpense": 1376.1,
        "totalOtherIncomeExpenseNet": -11.3,
        "year": 2020
      },
      {
        "costOfGoodsSold": 662.9,
        "depreciationAmortization": 12.4,
        "dilutedAverageSharesOutstanding": 80.1,
        "dilutedEPS": 5.53,
        "ebit": 514.5,
        "equityEarningsAffiliates": -7.5,
        "grossIncome": 1743.9,
        "interestIncomeExpense": 12.5,
        "netIncome": 442.8,
        "netIncomeAfterTaxes": 450.3,
        "nonRecurringItems": 28,
        "period": "2019-12-31",
        "pretaxIncome": 562.7,
        "provisionforIncomeTaxes": 112.3,
        "researchDevelopment": 157.4,
        "revenue": 2406.8,
        "sgaExpense": 1059.7,
        "totalOperatingExpense": 1229.4,
        "totalOtherIncomeExpenseNet": 7.7,
        "year": 2019
      },
      {
        "costOfGoodsSold": 518.6,
        "dilutedAverageSharesOutstanding": 81.4,
        "dilutedEPS": 4.92,
        "ebit": 466.6,
        "equityEarningsAffiliates": -8.7,
        "grossIncome": 1447.9,
        "interestIncomeExpense": 8.6,
        "netIncome": 400.2,
        "netIncomeAfterTaxes": 408.9,
        "period": "2018-12-31",
        "pretaxIncome": 466.7,
        "provisionforIncomeTaxes": 57.7,
        "researchDevelopment": 128.9,
        "revenue": 1966.5,
        "sgaExpense": 852.4,
        "totalOperatingExpense": 981.3,
        "totalOtherIncomeExpenseNet": -8.5,
        "year": 2018
      },
      {
        "costOfGoodsSold": 356.5,
        "dilutedAverageSharesOutstanding": 81.8,
        "dilutedEPS": 2.82,
        "ebit": 353.6,
        "equityEarningsAffiliates": -3.2,
        "grossIncome": 1116.9,
        "interestIncomeExpense": 11.2,
        "netIncome": 231.4,
        "netIncomeAfterTaxes": 318.9,
        "period": "2017-12-31",
        "pretaxIncome": 364.8,
        "provisionforIncomeTaxes": 45.9,
        "researchDevelopment": 97.6,
        "revenue": 1473.4,
        "sgaExpense": 665.8,
        "totalOperatingExpense": 763.3,
        "year": 2017
      },
      {
        "costOfGoodsSold": 264.6,
        "dilutedAverageSharesOutstanding": 81.5,
        "dilutedEPS": 2.33,
        "ebit": 248.9,
        "equityEarningsAffiliates": -1.7,
        "grossIncome": 815.3,
        "interestIncomeExpense": -6.4,
        "netIncome": 189.7,
        "netIncomeAfterTaxes": 191.4,
        "period": "2016-12-31",
        "pretaxIncome": 242.6,
        "provisionforIncomeTaxes": 51.2,
        "researchDevelopment": 75.7,
        "revenue": 1079.9,
        "sgaExpense": 490.7,
        "totalOperatingExpense": 566.4,
        "year": 2016
      },
      {
        "costOfGoodsSold": 205.4,
        "dilutedAverageSharesOutstanding": 81.5,
        "dilutedEPS": 1.77,
        "ebit": 188.6,
        "grossIncome": 640.1,
        "interestIncomeExpense": -2.5,
        "netIncome": 144,
        "netIncomeAfterTaxes": 144,
        "nonRecurringItems": 0,
        "period": "2015-12-31",
        "pretaxIncome": 186.1,
        "provisionforIncomeTaxes": 42.1,
        "researchDevelopment": 61.2,
        "revenue": 845.5,
        "sgaExpense": 390.2,
        "totalOperatingExpense": 451.5,
        "year": 2015
      }
    ],
    "symbol": "ALGN"
  }
}