{
  "symbol": "VMC",
  "statement": "ic",
  "frequency": "annual",
  "timestamp": "2025-09-19T14:08:27.011218",
  "data": {
    "financials": [
      {
        "costOfGoodsSold": 5418.1,
        "dilutedAverageSharesOutstanding": 133.1,
        "dilutedEPS": 6.85,
        "ebit": 1398.8,
        "grossIncome": 1999.6,
        "interestExpense": 191.2,
        "interestIncomeExpense": -170.3,
        "minorityInterest": -1.2,
        "netIncome": 911.9,
        "netIncomeAfterTaxes": 920.7,
        "nonRecurringItems": -34.3,
        "otherOperatingExpensesTotal": 69.7,
        "period": "2024-12-31",
        "pretaxIncome": 1172.1,
        "provisionforIncomeTaxes": 251.4,
        "revenue": 7417.7,
        "sgaExpense": 531.1,
        "totalOperatingExpense": 600.8,
        "totalOtherIncomeExpenseNet": -22.1,
        "year": 2024
      },
      {
        "costOfGoodsSold": 5833.4,
        "dilutedAverageSharesOutstanding": 133.7,
        "dilutedEPS": 6.97,
        "ebit": 1379.3,
        "grossIncome": 1948.5,
        "interestExpense": 196.1,
        "interestIncomeExpense": -179.6,
        "minorityInterest": -1.7,
        "netIncome": 933.2,
        "netIncomeAfterTaxes": 945.7,
        "nonRecurringItems": 48.1,
        "otherOperatingExpensesTotal": 26.4,
        "period": "2023-12-31",
        "pretaxIncome": 1245.1,
        "provisionforIncomeTaxes": 299.4,
        "revenue": 7781.9,
        "sgaExpense": 542.8,
        "totalOperatingExpense": 569.2,
        "totalOtherIncomeExpenseNet": -2.7,
        "year": 2023
      },
      {
        "costOfGoodsSold": 5757.5,
        "dilutedAverageSharesOutstanding": 133.6,
        "dilutedEPS": 4.3,
        "ebit": 1008.6,
        "grossIncome": 1557.7,
        "interestExpense": 169.2,
        "interestIncomeExpense": -168.4,
        "minorityInterest": -0.9,
        "netIncome": 575.6,
        "netIncomeAfterTaxes": 595.1,
        "nonRecurringItems": -57.2,
        "otherOperatingExpensesTotal": 34,
        "period": "2022-12-31",
        "pretaxIncome": 788.1,
        "provisionforIncomeTaxes": 193,
        "revenue": 7315.2,
        "sgaExpense": 515.1,
        "totalOperatingExpense": 549.1,
        "totalOtherIncomeExpenseNet": 5.1,
        "year": 2022
      },
      {
        "costOfGoodsSold": 4178.8,
        "dilutedAverageSharesOutstanding": 133.5,
        "dilutedEPS": 5.02,
        "ebit": 890.7,
        "grossIncome": 1373.4,
        "interestExpense": 149.3,
        "interestIncomeExpense": -147.7,
        "minorityInterest": 0.4,
        "netIncome": 670.8,
        "netIncomeAfterTaxes": 673.7,
        "nonRecurringItems": 120.1,
        "otherOperatingExpensesTotal": 65.1,
        "period": "2021-12-31",
        "pretaxIncome": 873.8,
        "provisionforIncomeTaxes": 200.1,
        "revenue": 5552.2,
        "sgaExpense": 417.6,
        "totalOperatingExpense": 482.7,
        "totalOtherIncomeExpenseNet": 10.7,
        "year": 2021
      },
      {
        "costOfGoodsSold": 3575.3,
        "dilutedAverageSharesOutstanding": 133.2,
        "dilutedEPS": 4.38,
        "ebit": 891.7,
        "grossIncome": 1281.5,
        "interestExpense": 135.96,
        "interestIncomeExpense": -134.4,
        "netIncome": 584.5,
        "netIncomeAfterTaxes": 588,
        "nonRecurringItems": 4,
        "otherOperatingExpensesTotal": 30,
        "period": "2020-12-31",
        "pretaxIncome": 743.8,
        "provisionforIncomeTaxes": 155.8,
        "revenue": 4856.8,
        "sgaExpense": 359.8,
        "totalOperatingExpense": 389.8,
        "totalOtherIncomeExpenseNet": -17.5,
        "year": 2020
      },
      {
        "costOfGoodsSold": 3673.2,
        "dilutedAverageSharesOutstanding": 133.4,
        "dilutedEPS": 4.63,
        "ebit": 853.7,
        "grossIncome": 1255.9,
        "interestExpense": 130.155,
        "interestIncomeExpense": -129,
        "netIncome": 617.7,
        "netIncomeAfterTaxes": 622.5,
        "nonRecurringItems": 23.8,
        "otherOperatingExpensesTotal": 31.6,
        "period": "2019-12-31",
        "pretaxIncome": 757.7,
        "provisionforIncomeTaxes": 135.2,
        "revenue": 4929.1,
        "sgaExpense": 370.5,
        "totalOperatingExpense": 402.2,
        "totalOtherIncomeExpenseNet": 9.2,
        "year": 2019
      },
      {
        "costOfGoodsSold": 3281.9,
        "dilutedAverageSharesOutstanding": 133.9,
        "dilutedEPS": 3.87,
        "ebit": 732.8,
        "grossIncome": 1100.9,
        "interestExpense": 137.977,
        "interestIncomeExpense": -137.4,
        "netIncome": 515.8,
        "netIncomeAfterTaxes": 518.4,
        "nonRecurringItems": 14.9,
        "otherOperatingExpensesTotal": 34.8,
        "period": "2018-12-31",
        "pretaxIncome": 623.3,
        "provisionforIncomeTaxes": 104.9,
        "revenue": 4382.9,
        "sgaExpense": 333.4,
        "totalOperatingExpense": 368.2,
        "totalOtherIncomeExpenseNet": 13,
        "year": 2018
      },
      {
        "costOfGoodsSold": 2896.8,
        "dilutedAverageSharesOutstanding": 134.9,
        "dilutedEPS": 4.45,
        "ebit": 621.2,
        "grossIncome": 993.5,
        "interestExpense": 295.522,
        "interestIncomeExpense": -291.1,
        "netIncome": 601.2,
        "netIncomeAfterTaxes": 304.1,
        "nonRecurringItems": 17.8,
        "otherOperatingExpensesTotal": 47.3,
        "period": "2017-12-31",
        "pretaxIncome": 361.3,
        "provisionforIncomeTaxes": 57.2,
        "revenue": 3890.3,
        "sgaExpense": 325,
        "totalOperatingExpense": 372.3,
        "totalOtherIncomeExpenseNet": 13.4,
        "year": 2017
      },
      {
        "costOfGoodsSold": 2603.8,
        "dilutedAverageSharesOutstanding": 135.8,
        "dilutedEPS": 3.08,
        "ebit": 650.5,
        "grossIncome": 988.9,
        "interestExpense": 134.076,
        "interestIncomeExpense": -133.3,
        "netIncome": 419.5,
        "netIncomeAfterTaxes": 422.4,
        "nonRecurringItems": 15.4,
        "otherOperatingExpensesTotal": 21.6,
        "period": "2016-12-31",
        "pretaxIncome": 547.3,
        "provisionforIncomeTaxes": 124.9,
        "revenue": 3592.7,
        "sgaExpense": 316.8,
        "totalOperatingExpense": 338.4,
        "totalOtherIncomeExpenseNet": 14.6,
        "year": 2016
      },
      {
        "costOfGoodsSold": 2564.6,
        "dilutedAverageSharesOutstanding": 135.1,
        "dilutedEPS": 1.63,
        "ebit": 544.9,
        "grossIncome": 857.5,
        "interestExpense": 217.552,
        "interestIncomeExpense": -220.2,
        "netIncome": 221.2,
        "netIncomeAfterTaxes": 232.9,
        "nonRecurringItems": 4.9,
        "otherOperatingExpensesTotal": 25.9,
        "period": "2015-12-31",
        "pretaxIncome": 327.9,
        "provisionforIncomeTaxes": 94.9,
        "revenue": 3422.2,
        "sgaExpense": 286.8,
        "totalOperatingExpense": 312.7,
        "totalOtherIncomeExpenseNet": -1.7,
        "year": 2015
      }
    ],
    "symbol": "VMC"
  }
}