{
  "symbol": "NCLH",
  "statement": "ic",
  "frequency": "annual",
  "timestamp": "2025-09-19T14:04:48.335331",
  "data": {
    "financials": [
      {
        "costOfGoodsSold": 5688.696,
        "depreciationAmortization": 890.242,
        "dilutedAverageSharesOutstanding": 515.0305,
        "dilutedEPS": 1.7674,
        "ebit": 1465.906,
        "grossIncome": 3790.955,
        "interestExpense": 718.048,
        "interestIncomeExpense": -664.748,
        "netIncome": 910.257,
        "netIncomeAfterTaxes": 910.257,
        "nonRecurringItems": -29.175,
        "period": "2024-12-31",
        "pretaxIncome": 772.907,
        "provisionforIncomeTaxes": -137.35,
        "revenue": 9479.651,
        "sgaExpense": 1434.807,
        "totalOperatingExpense": 2325.049,
        "totalOtherIncomeExpenseNet": 0.924,
        "year": 2024
      },
      {
        "costOfGoodsSold": 5468.587,
        "depreciationAmortization": 808.568,
        "dilutedAverageSharesOutstanding": 427.4009,
        "dilutedEPS": 0.3888,
        "ebit": 930.911,
        "grossIncome": 3081.337,
        "interestExpense": 718.709,
        "interestIncomeExpense": -747.409,
        "netIncome": 166.178,
        "netIncomeAfterTaxes": 166.178,
        "nonRecurringItems": -8.822,
        "period": "2023-12-31",
        "pretaxIncome": 163.176,
        "provisionforIncomeTaxes": -3.002,
        "revenue": 8549.924,
        "sgaExpense": 1341.858,
        "totalOperatingExpense": 2150.426,
        "totalOtherIncomeExpenseNet": -11.504,
        "year": 2023
      },
      {
        "costOfGoodsSold": 4267.1,
        "depreciationAmortization": 749.3,
        "dilutedAverageSharesOutstanding": 419.8,
        "dilutedEPS": -5.41,
        "ebit": -1539.6,
        "grossIncome": 576.7,
        "interestExpense": 608.138,
        "interestIncomeExpense": -608.1,
        "netIncome": -2269.9,
        "netIncomeAfterTaxes": -2269.9,
        "nonRecurringItems": -205.5,
        "period": "2022-12-31",
        "pretaxIncome": -2276.7,
        "provisionforIncomeTaxes": -6.8,
        "revenue": 4843.8,
        "sgaExpense": 1367,
        "totalOperatingExpense": 2116.3,
        "totalOtherIncomeExpenseNet": 76.6,
        "year": 2022
      },
      {
        "costOfGoodsSold": 1608,
        "depreciationAmortization": 700.8,
        "dilutedAverageSharesOutstanding": 365.4,
        "dilutedEPS": -12.33,
        "ebit": -2552.4,
        "grossIncome": -960.1,
        "interestExpense": 644.112,
        "interestIncomeExpense": -644.1,
        "netIncome": -4506.6,
        "netIncomeAfterTaxes": -4506.6,
        "nonRecurringItems": -1428.8,
        "period": "2021-12-31",
        "pretaxIncome": -4501.3,
        "provisionforIncomeTaxes": 5.3,
        "revenue": 648,
        "sgaExpense": 891.5,
        "totalOperatingExpense": 1592.3,
        "totalOtherIncomeExpenseNet": 124,
        "year": 2021
      },
      {
        "costOfGoodsSold": 1693.1,
        "depreciationAmortization": 717.8,
        "dilutedAverageSharesOutstanding": 254.7,
        "dilutedEPS": -15.75,
        "ebit": -1876.3,
        "grossIncome": -413.2,
        "interestExpense": 454.518,
        "interestIncomeExpense": -454.5,
        "netIncome": -4012.5,
        "netIncomeAfterTaxes": -4012.5,
        "nonRecurringItems": -1635.6,
        "period": "2020-12-31",
        "pretaxIncome": -4000,
        "provisionforIncomeTaxes": 12.5,
        "revenue": 1279.9,
        "sgaExpense": 745.3,
        "totalOperatingExpense": 1463.1,
        "totalOtherIncomeExpenseNet": -33.6,
        "year": 2020
      },
      {
        "costOfGoodsSold": 3663.3,
        "depreciationAmortization": 646.2,
        "dilutedAverageSharesOutstanding": 216.5,
        "dilutedEPS": 4.3,
        "ebit": 1178.1,
        "grossIncome": 2799.1,
        "interestExpense": 256.191,
        "interestIncomeExpense": -256.2,
        "netIncome": 930.2,
        "netIncomeAfterTaxes": 930.2,
        "nonRecurringItems": -16.7,
        "period": "2019-12-31",
        "pretaxIncome": 911.4,
        "provisionforIncomeTaxes": -18.9,
        "revenue": 6462.4,
        "sgaExpense": 974.9,
        "totalOperatingExpense": 1621,
        "totalOtherIncomeExpenseNet": 6.2,
        "year": 2019
      },
      {
        "costOfGoodsSold": 3377.1,
        "depreciationAmortization": 561.1,
        "dilutedAverageSharesOutstanding": 224.4,
        "dilutedEPS": 4.25,
        "ebit": 1217.7,
        "grossIncome": 2678.1,
        "interestExpense": 270.404,
        "interestIncomeExpense": -270.4,
        "netIncome": 954.8,
        "netIncomeAfterTaxes": 954.8,
        "nonRecurringItems": 1.4,
        "period": "2018-12-31",
        "pretaxIncome": 969.3,
        "provisionforIncomeTaxes": 14.5,
        "revenue": 6055.1,
        "sgaExpense": 899.3,
        "totalOperatingExpense": 1460.4,
        "totalOtherIncomeExpenseNet": 20.7,
        "year": 2018
      },
      {
        "costOfGoodsSold": 3063.6,
        "depreciationAmortization": 510,
        "dilutedAverageSharesOutstanding": 229.4,
        "dilutedEPS": 3.31,
        "ebit": 1056.1,
        "grossIncome": 2332.5,
        "interestExpense": 267.804,
        "interestIncomeExpense": -268.2,
        "netIncome": 759.9,
        "netIncomeAfterTaxes": 752.2,
        "nonRecurringItems": -7.3,
        "period": "2017-12-31",
        "pretaxIncome": 770.6,
        "provisionforIncomeTaxes": 18.4,
        "revenue": 5396.2,
        "sgaExpense": 766.5,
        "totalOperatingExpense": 1276.5,
        "totalOtherIncomeExpenseNet": -10,
        "year": 2017
      },
      {
        "costOfGoodsSold": 2850.2,
        "depreciationAmortization": 432.5,
        "dilutedAverageSharesOutstanding": 227.9,
        "dilutedEPS": 2.78,
        "ebit": 940.3,
        "grossIncome": 2024.1,
        "interestExpense": 276.859,
        "interestIncomeExpense": -296.1,
        "minorityInterest": 0,
        "netIncome": 633.1,
        "netIncomeAfterTaxes": 633.1,
        "nonRecurringItems": -14.8,
        "period": "2016-12-31",
        "pretaxIncome": 640.3,
        "provisionforIncomeTaxes": 7.2,
        "revenue": 4874.3,
        "sgaExpense": 651.3,
        "totalOperatingExpense": 1083.9,
        "totalOtherIncomeExpenseNet": 11,
        "year": 2016
      },
      {
        "costOfGoodsSold": 2655.4,
        "depreciationAmortization": 432.1,
        "dilutedAverageSharesOutstanding": 230,
        "dilutedEPS": 1.86,
        "ebit": 702.5,
        "grossIncome": 1689.6,
        "interestExpense": 221.909,
        "interestIncomeExpense": -237.6,
        "minorityInterest": 0,
        "netIncome": 427.1,
        "netIncomeAfterTaxes": 427.1,
        "period": "2015-12-31",
        "pretaxIncome": 433.9,
        "provisionforIncomeTaxes": 6.8,
        "revenue": 4345,
        "sgaExpense": 555,
        "totalOperatingExpense": 987.2,
        "totalOtherIncomeExpenseNet": -31,
        "year": 2015
      }
    ],
    "symbol": "NCLH"
  }
}