{
  "symbol": "TSLA",
  "statement": "ic",
  "frequency": "annual",
  "timestamp": "2025-09-19T14:07:25.443761",
  "data": {
    "financials": [
      {
        "costOfGoodsSold": 80240,
        "dilutedAverageSharesOutstanding": 3498,
        "dilutedEPS": 2.04,
        "ebit": 7760,
        "grossIncome": 17450,
        "interestExpense": 350,
        "interestIncomeExpense": 1276,
        "minorityInterest": -23,
        "netIncome": 7130,
        "netIncomeAfterTaxes": 7153,
        "nonRecurringItems": -684,
        "period": "2024-12-31",
        "pretaxIncome": 8990,
        "provisionforIncomeTaxes": 1837,
        "researchDevelopment": 4540,
        "revenue": 97690,
        "sgaExpense": 5150,
        "totalOperatingExpense": 9690,
        "totalOtherIncomeExpenseNet": 638,
        "year": 2024
      },
      {
        "costOfGoodsSold": 79113,
        "dilutedAverageSharesOutstanding": 3485,
        "dilutedEPS": 4.3,
        "ebit": 8891,
        "grossIncome": 17660,
        "interestExpense": 156,
        "interestIncomeExpense": 1032,
        "minorityInterest": 25,
        "netIncome": 14999,
        "netIncomeAfterTaxes": 14974,
        "nonRecurringItems": 0,
        "period": "2023-12-31",
        "pretaxIncome": 9973,
        "provisionforIncomeTaxes": -5001,
        "researchDevelopment": 3969,
        "revenue": 96773,
        "sgaExpense": 4800,
        "totalOperatingExpense": 8769,
        "totalOtherIncomeExpenseNet": 50,
        "year": 2023
      },
      {
        "costOfGoodsSold": 60609,
        "dilutedAverageSharesOutstanding": 3475,
        "dilutedEPS": 3.62,
        "ebit": 13832,
        "grossIncome": 20853,
        "interestExpense": 167,
        "interestIncomeExpense": 105,
        "minorityInterest": -4,
        "netIncome": 12583,
        "netIncomeAfterTaxes": 12587,
        "nonRecurringItems": -264,
        "period": "2022-12-31",
        "pretaxIncome": 13719,
        "provisionforIncomeTaxes": 1132,
        "researchDevelopment": 3075,
        "revenue": 81462,
        "sgaExpense": 3946,
        "totalOperatingExpense": 7021,
        "totalOtherIncomeExpenseNet": 46,
        "year": 2022
      },
      {
        "costOfGoodsSold": 40217,
        "dilutedAverageSharesOutstanding": 3387.034,
        "dilutedEPS": 1.63,
        "ebit": 6496,
        "grossIncome": 13606,
        "interestExpense": 371,
        "interestIncomeExpense": -90,
        "minorityInterest": -120,
        "netIncome": 5524,
        "netIncomeAfterTaxes": 5644,
        "nonRecurringItems": -101,
        "period": "2021-12-31",
        "pretaxIncome": 6343,
        "provisionforIncomeTaxes": 699,
        "researchDevelopment": 2593,
        "revenue": 53823,
        "sgaExpense": 4517,
        "totalOperatingExpense": 7110,
        "totalOtherIncomeExpenseNet": 38,
        "year": 2021
      },
      {
        "costOfGoodsSold": 24906,
        "dilutedAverageSharesOutstanding": 3249.032,
        "dilutedEPS": 0.21,
        "ebit": 1994,
        "grossIncome": 6630,
        "interestExpense": 748,
        "interestIncomeExpense": -832,
        "minorityInterest": -172,
        "netIncome": 690,
        "netIncomeAfterTaxes": 862,
        "nonRecurringItems": 0,
        "period": "2020-12-31",
        "pretaxIncome": 1154,
        "provisionforIncomeTaxes": 292,
        "researchDevelopment": 1491,
        "revenue": 31536,
        "sgaExpense": 3145,
        "totalOperatingExpense": 4636,
        "totalOtherIncomeExpenseNet": -8,
        "year": 2020
      },
      {
        "costOfGoodsSold": 20509,
        "dilutedAverageSharesOutstanding": 2661.027,
        "dilutedEPS": -0.33,
        "ebit": 80,
        "grossIncome": 4069,
        "interestExpense": 685,
        "interestIncomeExpense": -593,
        "minorityInterest": -95,
        "netIncome": -870,
        "netIncomeAfterTaxes": -775,
        "nonRecurringItems": -149,
        "period": "2019-12-31",
        "pretaxIncome": -665,
        "provisionforIncomeTaxes": 110,
        "researchDevelopment": 1343,
        "revenue": 24578,
        "sgaExpense": 2646,
        "totalOperatingExpense": 3989,
        "totalOtherIncomeExpenseNet": -3,
        "year": 2019
      },
      {
        "costOfGoodsSold": 17419.247,
        "dilutedAverageSharesOutstanding": 2557.901,
        "dilutedEPS": -0.38,
        "ebit": -252.84,
        "grossIncome": 4042.021,
        "interestExpense": 663.071,
        "interestIncomeExpense": -637.038,
        "minorityInterest": 86.491,
        "netIncome": -976.091,
        "netIncomeAfterTaxes": -1062.582,
        "nonRecurringItems": -135.233,
        "period": "2018-12-31",
        "pretaxIncome": -1004.745,
        "provisionforIncomeTaxes": 57.837,
        "researchDevelopment": 1460.37,
        "revenue": 21461.268,
        "sgaExpense": 2834.491,
        "totalOperatingExpense": 4294.861,
        "totalOtherIncomeExpenseNet": 20.366,
        "year": 2018
      },
      {
        "costOfGoodsSold": 9536.264,
        "dilutedAverageSharesOutstanding": 2486.395,
        "dilutedEPS": -0.78,
        "ebit": -1632.086,
        "grossIncome": 2222.487,
        "interestExpense": 471.259,
        "interestIncomeExpense": -399.273,
        "minorityInterest": 279.178,
        "netIncome": -1961.4,
        "netIncomeAfterTaxes": -2963.224,
        "period": "2017-12-31",
        "pretaxIncome": -2209.032,
        "provisionforIncomeTaxes": 754.192,
        "researchDevelopment": 1378.073,
        "revenue": 11758.751,
        "sgaExpense": 2476.5,
        "totalOperatingExpense": 3854.573,
        "totalOtherIncomeExpenseNet": -177.673,
        "year": 2017
      },
      {
        "costOfGoodsSold": 5400.875,
        "dilutedAverageSharesOutstanding": 2163.202,
        "dilutedEPS": -0.31,
        "ebit": -667.34,
        "grossIncome": 1599.257,
        "interestExpense": 198.81,
        "interestIncomeExpense": -164.18,
        "minorityInterest": 98.132,
        "netIncome": -674.914,
        "netIncomeAfterTaxes": -773.046,
        "period": "2016-12-31",
        "pretaxIncome": -746.348,
        "provisionforIncomeTaxes": 26.698,
        "researchDevelopment": 834.408,
        "revenue": 7000.132,
        "sgaExpense": 1432.189,
        "totalOperatingExpense": 2266.597,
        "totalOtherIncomeExpenseNet": 85.172,
        "year": 2016
      },
      {
        "costOfGoodsSold": 3122.522,
        "dilutedAverageSharesOutstanding": 1923.049,
        "dilutedEPS": -0.46,
        "ebit": -716.629,
        "grossIncome": 923.503,
        "interestExpense": 118.851,
        "interestIncomeExpense": -117.343,
        "netIncome": -888.663,
        "netIncomeAfterTaxes": -888.663,
        "period": "2015-12-31",
        "pretaxIncome": -875.624,
        "provisionforIncomeTaxes": 13.039,
        "researchDevelopment": 717.9,
        "revenue": 4046.025,
        "sgaExpense": 922.232,
        "totalOperatingExpense": 1640.132,
        "totalOtherIncomeExpenseNet": -41.652,
        "year": 2015
      }
    ],
    "symbol": "TSLA"
  }
}