{
  "symbol": "IVZ",
  "statement": "ic",
  "frequency": "quarterly",
  "timestamp": "2025-09-19T14:02:18.148163",
  "data": {
    "financials": [
      {
        "costOfGoodsSold": 500.7,
        "depreciationAmortization": 9.7,
        "dilutedAverageSharesOutstanding": 453.8,
        "dilutedEPS": -0.0276,
        "ebit": 214.2,
        "grossIncome": 1014.8,
        "interestExpense": 20.7,
        "interestIncomeExpense": 14.8,
        "minorityInterest": 6,
        "netIncome": -12.5,
        "netIncomeAfterTaxes": 197.4,
        "period": "2025-06-30",
        "pretaxIncome": 274.4,
        "provisionforIncomeTaxes": 77,
        "revenue": 1515.5,
        "sgaExpense": 790.9,
        "totalOperatingExpense": 800.6,
        "totalOtherIncomeExpenseNet": 45.4
      },
      {
        "costOfGoodsSold": 509,
        "depreciationAmortization": 10.1,
        "dilutedAverageSharesOutstanding": 454,
        "dilutedEPS": 0.3769,
        "ebit": 277.3,
        "grossIncome": 1020.2,
        "interestExpense": 13.1,
        "interestIncomeExpense": 17.8,
        "minorityInterest": -37,
        "netIncome": 171.1,
        "netIncomeAfterTaxes": 267.3,
        "period": "2025-03-31",
        "pretaxIncome": 344.9,
        "provisionforIncomeTaxes": 77.6,
        "revenue": 1529.2,
        "sgaExpense": 732.8,
        "totalOperatingExpense": 742.9,
        "totalOtherIncomeExpenseNet": 49.8
      },
      {
        "costOfGoodsSold": 526.6,
        "depreciationAmortization": 10.9,
        "dilutedAverageSharesOutstanding": 457.1,
        "dilutedEPS": 0.4579,
        "ebit": 311.7,
        "grossIncome": 1066.4,
        "interestExpense": 12.4,
        "interestIncomeExpense": 32.3,
        "minorityInterest": 29.8,
        "netIncome": 209.3,
        "netIncomeAfterTaxes": 238.7,
        "nonRecurringItems": 0,
        "period": "2024-12-31",
        "pretaxIncome": 317.4,
        "provisionforIncomeTaxes": 78.7,
        "revenue": 1593,
        "sgaExpense": 743.8,
        "totalOperatingExpense": 754.7,
        "totalOtherIncomeExpenseNet": -26.6
      },
      {
        "costOfGoodsSold": 499.6,
        "depreciationAmortization": 11.2,
        "dilutedAverageSharesOutstanding": 455.6,
        "dilutedEPS": 0.1207,
        "ebit": 100.5,
        "grossIncome": 1015.8,
        "interestExpense": 13.4,
        "interestIncomeExpense": -0.4,
        "minorityInterest": 10.6,
        "netIncome": 55,
        "netIncomeAfterTaxes": 103.6,
        "nonRecurringItems": 0,
        "period": "2024-09-30",
        "pretaxIncome": 145.1,
        "provisionforIncomeTaxes": 41.5,
        "revenue": 1515.4,
        "sgaExpense": 904.1,
        "totalOperatingExpense": 915.3,
        "totalOtherIncomeExpenseNet": 45
      },
      {
        "costOfGoodsSold": 495.4,
        "depreciationAmortization": 11.4,
        "dilutedAverageSharesOutstanding": 456.1,
        "dilutedEPS": 0.2899,
        "ebit": 206.8,
        "grossIncome": 987.9,
        "interestExpense": 16.3,
        "interestIncomeExpense": 8.6,
        "minorityInterest": -4.5,
        "netIncome": 132.2,
        "netIncomeAfterTaxes": 195.9,
        "nonRecurringItems": 0,
        "period": "2024-06-30",
        "pretaxIncome": 259.9,
        "provisionforIncomeTaxes": 64,
        "revenue": 1483.3,
        "sgaExpense": 769.7,
        "totalOperatingExpense": 781.1,
        "totalOtherIncomeExpenseNet": 44.5
      },
      {
        "costOfGoodsSold": 504,
        "depreciationAmortization": 11.3,
        "dilutedAverageSharesOutstanding": 453.5,
        "dilutedEPS": 0.312,
        "ebit": 213.1,
        "grossIncome": 971.3,
        "interestExpense": 15.9,
        "interestIncomeExpense": 3.4,
        "minorityInterest": -13.5,
        "netIncome": 141.5,
        "netIncomeAfterTaxes": 214.2,
        "nonRecurringItems": 0,
        "period": "2024-03-31",
        "pretaxIncome": 282.9,
        "provisionforIncomeTaxes": 68.7,
        "revenue": 1475.3,
        "sgaExpense": 746.9,
        "totalOperatingExpense": 758.2,
        "totalOtherIncomeExpenseNet": 66.4
      },
      {
        "costOfGoodsSold": 459.4,
        "depreciationAmortization": 11.4,
        "dilutedAverageSharesOutstanding": 451.7,
        "dilutedEPS": -1.6434,
        "ebit": 173.1,
        "grossIncome": 954,
        "interestExpense": 16.8,
        "interestIncomeExpense": 13.6,
        "minorityInterest": -16,
        "netIncome": -742.3,
        "netIncomeAfterTaxes": -667.1,
        "nonRecurringItems": -1248.9,
        "period": "2023-12-31",
        "pretaxIncome": -933.5,
        "provisionforIncomeTaxes": -266.4,
        "revenue": 1413.4,
        "sgaExpense": 769.5,
        "totalOperatingExpense": 780.9,
        "totalOtherIncomeExpenseNet": 128.7
      },
      {
        "costOfGoodsSold": 448.2,
        "depreciationAmortization": 11.3,
        "dilutedAverageSharesOutstanding": 453.1,
        "dilutedEPS": 0.29,
        "ebit": 227.7,
        "grossIncome": 993.8,
        "interestExpense": 17.3,
        "interestIncomeExpense": 10.4,
        "minorityInterest": 21.9,
        "netIncome": 131.4,
        "netIncomeAfterTaxes": 168.7,
        "nonRecurringItems": 0,
        "period": "2023-09-30",
        "pretaxIncome": 230,
        "provisionforIncomeTaxes": 61.3,
        "revenue": 1442,
        "sgaExpense": 754.8,
        "totalOperatingExpense": 766.1,
        "totalOtherIncomeExpenseNet": -8.1
      },
      {
        "costOfGoodsSold": 462.5,
        "depreciationAmortization": 13.1,
        "dilutedAverageSharesOutstanding": 458.8,
        "dilutedEPS": 0.29,
        "ebit": 203.8,
        "grossIncome": 980.3,
        "interestExpense": 18.4,
        "interestIncomeExpense": 7.9,
        "minorityInterest": 27,
        "netIncome": 132.2,
        "netIncomeAfterTaxes": 164.4,
        "nonRecurringItems": 0,
        "period": "2023-06-30",
        "pretaxIncome": 229.9,
        "provisionforIncomeTaxes": 65.5,
        "revenue": 1442.8,
        "sgaExpense": 763.4,
        "totalOperatingExpense": 776.5,
        "totalOtherIncomeExpenseNet": 18.2
      },
      {
        "costOfGoodsSold": 455.1,
        "depreciationAmortization": 14.1,
        "dilutedAverageSharesOutstanding": 458.9,
        "dilutedEPS": 0.32,
        "ebit": 251.1,
        "grossIncome": 963.1,
        "interestExpense": 18,
        "interestIncomeExpense": 16.7,
        "minorityInterest": 38.4,
        "netIncome": 145,
        "netIncomeAfterTaxes": 165.8,
        "nonRecurringItems": -41.6,
        "period": "2023-03-31",
        "pretaxIncome": 235.7,
        "provisionforIncomeTaxes": 69.9,
        "revenue": 1418.2,
        "sgaExpense": 697.9,
        "totalOperatingExpense": 712,
        "totalOtherIncomeExpenseNet": 9.5
      },
      {
        "costOfGoodsSold": 447.3,
        "depreciationAmortization": 19.4,
        "dilutedAverageSharesOutstanding": 458,
        "dilutedEPS": 0.41,
        "ebit": 231.5,
        "grossIncome": 996.1,
        "interestExpense": 17.6,
        "interestIncomeExpense": 28,
        "minorityInterest": -53.8,
        "netIncome": 187.8,
        "netIncomeAfterTaxes": 300.8,
        "nonRecurringItems": 13.6,
        "period": "2022-12-31",
        "pretaxIncome": 390.4,
        "provisionforIncomeTaxes": 89.6,
        "revenue": 1443.4,
        "sgaExpense": 745.2,
        "totalOperatingExpense": 764.6,
        "totalOtherIncomeExpenseNet": 117.3
      },
      {
        "costOfGoodsSold": 451.3,
        "depreciationAmortization": 14.5,
        "dilutedAverageSharesOutstanding": 459.5,
        "dilutedEPS": 0.39,
        "ebit": 349.6,
        "grossIncome": 994.4,
        "interestExpense": 18.6,
        "interestIncomeExpense": 4.9,
        "minorityInterest": 68.3,
        "netIncome": 177.4,
        "netIncomeAfterTaxes": 168.3,
        "nonRecurringItems": 0.6,
        "period": "2022-09-30",
        "pretaxIncome": 255.1,
        "provisionforIncomeTaxes": 86.8,
        "revenue": 1445.7,
        "sgaExpense": 630.3,
        "totalOperatingExpense": 644.8,
        "totalOtherIncomeExpenseNet": -100
      },
      {
        "costOfGoodsSold": 475,
        "depreciationAmortization": 14.8,
        "dilutedAverageSharesOutstanding": 459.5,
        "dilutedEPS": 0.26,
        "ebit": 344.9,
        "grossIncome": 1055.4,
        "interestExpense": 25.8,
        "interestIncomeExpense": 1,
        "minorityInterest": -38.7,
        "netIncome": 121,
        "netIncomeAfterTaxes": 218.9,
        "nonRecurringItems": -0.2,
        "period": "2022-06-30",
        "pretaxIncome": 281.9,
        "provisionforIncomeTaxes": 63,
        "revenue": 1530.4,
        "sgaExpense": 695.7,
        "totalOperatingExpense": 710.5,
        "totalOtherIncomeExpenseNet": -63.8
      },
      {
        "costOfGoodsSold": 512.6,
        "depreciationAmortization": 15.1,
        "dilutedAverageSharesOutstanding": 459.8,
        "dilutedEPS": 0.43,
        "ebit": 412.9,
        "grossIncome": 1116.8,
        "interestExpense": 23.2,
        "interestIncomeExpense": 11.4,
        "minorityInterest": 19.4,
        "netIncome": 197.7,
        "netIncomeAfterTaxes": 237.5,
        "nonRecurringItems": -35.2,
        "period": "2022-03-31",
        "pretaxIncome": 320.3,
        "provisionforIncomeTaxes": 82.8,
        "revenue": 1629.4,
        "sgaExpense": 688.8,
        "totalOperatingExpense": 703.9,
        "totalOtherIncomeExpenseNet": -68.8
      },
      {
        "costOfGoodsSold": 540.5,
        "depreciationAmortization": 15.4,
        "dilutedAverageSharesOutstanding": 464.8,
        "dilutedEPS": 0.92,
        "ebit": 456.6,
        "grossIncome": 1222.9,
        "interestExpense": 23.2,
        "interestIncomeExpense": 31.4,
        "minorityInterest": -71.1,
        "netIncome": 426.8,
        "netIncomeAfterTaxes": 557.1,
        "nonRecurringItems": 52.6,
        "period": "2021-12-31",
        "pretaxIncome": 687.8,
        "provisionforIncomeTaxes": 130.7,
        "revenue": 1763.4,
        "sgaExpense": 750.9,
        "totalOperatingExpense": 766.3,
        "totalOtherIncomeExpenseNet": 147.2
      },
      {
        "costOfGoodsSold": 546.4,
        "depreciationAmortization": 15.6,
        "dilutedAverageSharesOutstanding": 466,
        "dilutedEPS": 0.71,
        "ebit": 451.8,
        "grossIncome": 1203.6,
        "interestExpense": 23.1,
        "interestIncomeExpense": 33.4,
        "minorityInterest": -156.3,
        "netIncome": 330.1,
        "netIncomeAfterTaxes": 545.6,
        "nonRecurringItems": 12,
        "period": "2021-09-30",
        "pretaxIncome": 685.3,
        "provisionforIncomeTaxes": 139.7,
        "revenue": 1750,
        "sgaExpense": 736.2,
        "totalOperatingExpense": 751.8,
        "totalOtherIncomeExpenseNet": 188.1
      },
      {
        "costOfGoodsSold": 539.6,
        "depreciationAmortization": 16,
        "dilutedAverageSharesOutstanding": 466.2,
        "dilutedEPS": 0.79,
        "ebit": 423.8,
        "grossIncome": 1181.8,
        "interestExpense": 24.6,
        "interestIncomeExpense": 13,
        "minorityInterest": -67.6,
        "netIncome": 368.3,
        "netIncomeAfterTaxes": 495.1,
        "nonRecurringItems": 47.1,
        "period": "2021-06-30",
        "pretaxIncome": 649.3,
        "provisionforIncomeTaxes": 154.2,
        "revenue": 1721.4,
        "sgaExpense": 742,
        "totalOperatingExpense": 758,
        "totalOtherIncomeExpenseNet": 165.4
      },
      {
        "costOfGoodsSold": 522.8,
        "depreciationAmortization": 15.9,
        "dilutedAverageSharesOutstanding": 464.7,
        "dilutedEPS": 0.58,
        "ebit": 390.1,
        "grossIncome": 1136.9,
        "interestExpense": 23.8,
        "interestIncomeExpense": 5,
        "minorityInterest": -44.6,
        "netIncome": 267.8,
        "netIncomeAfterTaxes": 371.6,
        "nonRecurringItems": -45.8,
        "period": "2021-03-31",
        "pretaxIncome": 478.1,
        "provisionforIncomeTaxes": 106.5,
        "revenue": 1659.7,
        "sgaExpense": 730.9,
        "totalOperatingExpense": 746.8,
        "totalOtherIncomeExpenseNet": 128.8
      },
      {
        "costOfGoodsSold": 507.7,
        "dilutedAverageSharesOutstanding": 464,
        "dilutedEPS": 0.45,
        "ebit": 392.9,
        "grossIncome": 1122.4,
        "interestExpense": 24.4,
        "interestIncomeExpense": 10.7,
        "minorityInterest": -60.5,
        "netIncome": 211.1,
        "netIncomeAfterTaxes": 330.1,
        "nonRecurringItems": -175.1,
        "period": "2020-12-31",
        "pretaxIncome": 399.7,
        "provisionforIncomeTaxes": 69.6,
        "revenue": 1630.1,
        "sgaExpense": 729.5,
        "totalOperatingExpense": 729.5,
        "totalOtherIncomeExpenseNet": 171.2
      },
      {
        "costOfGoodsSold": 480.8,
        "dilutedAverageSharesOutstanding": 463.5,
        "dilutedEPS": 0.41,
        "ebit": 339.5,
        "grossIncome": 1016.8,
        "interestExpense": 33.8,
        "interestIncomeExpense": -12.6,
        "minorityInterest": -43.8,
        "netIncome": 191.7,
        "netIncomeAfterTaxes": 294.7,
        "nonRecurringItems": -71,
        "period": "2020-09-30",
        "pretaxIncome": 386.6,
        "provisionforIncomeTaxes": 91.9,
        "revenue": 1497.6,
        "sgaExpense": 677.3,
        "totalOperatingExpense": 677.3,
        "totalOtherIncomeExpenseNet": 130.7
      },
      {
        "costOfGoodsSold": 444,
        "dilutedAverageSharesOutstanding": 463.1,
        "dilutedEPS": 0.09,
        "ebit": 188.8,
        "grossIncome": 975,
        "interestExpense": 34.8,
        "interestIncomeExpense": -21.2,
        "minorityInterest": 37.7,
        "netIncome": 40.5,
        "netIncomeAfterTaxes": 62,
        "nonRecurringItems": -71.7,
        "period": "2020-06-30",
        "pretaxIncome": 105.4,
        "provisionforIncomeTaxes": 43.4,
        "revenue": 1419,
        "sgaExpense": 786.2,
        "totalOperatingExpense": 786.2,
        "totalOtherIncomeExpenseNet": 9.5
      },
      {
        "costOfGoodsSold": 515.1,
        "dilutedAverageSharesOutstanding": 458.9,
        "dilutedEPS": 0.18,
        "ebit": 392.5,
        "grossIncome": 1083.8,
        "interestExpense": 36.3,
        "interestIncomeExpense": -14,
        "minorityInterest": 20.7,
        "netIncome": 81.5,
        "netIncomeAfterTaxes": 120,
        "nonRecurringItems": -75.5,
        "period": "2020-03-31",
        "pretaxIncome": 177.4,
        "provisionforIncomeTaxes": 57.4,
        "revenue": 1598.9,
        "sgaExpense": 691.3,
        "totalOperatingExpense": 691.3,
        "totalOtherIncomeExpenseNet": -125.6
      },
      {
        "costOfGoodsSold": 528.1,
        "dilutedAverageSharesOutstanding": 458.2,
        "dilutedEPS": 0.39,
        "ebit": 451.1,
        "grossIncome": 1214.7,
        "interestExpense": 34.6,
        "interestIncomeExpense": -14.6,
        "minorityInterest": -3.6,
        "netIncome": 179.8,
        "netIncomeAfterTaxes": 242.6,
        "nonRecurringItems": -136.5,
        "period": "2019-12-31",
        "pretaxIncome": 323,
        "provisionforIncomeTaxes": 80.4,
        "revenue": 1742.8,
        "sgaExpense": 763.6,
        "totalOperatingExpense": 763.6,
        "totalOtherIncomeExpenseNet": 23
      },
      {
        "costOfGoodsSold": 545.1,
        "dilutedAverageSharesOutstanding": 466.9,
        "dilutedEPS": 0.36,
        "ebit": 460.6,
        "grossIncome": 1175.5,
        "interestExpense": 35,
        "interestIncomeExpense": -12.9,
        "minorityInterest": -11.1,
        "netIncome": 167.1,
        "netIncomeAfterTaxes": 242.6,
        "nonRecurringItems": -185.5,
        "period": "2019-09-30",
        "pretaxIncome": 316.6,
        "provisionforIncomeTaxes": 74,
        "revenue": 1720.6,
        "sgaExpense": 714.9,
        "totalOperatingExpense": 714.9,
        "totalOtherIncomeExpenseNet": 54.4
      },
      {
        "costOfGoodsSold": 451.8,
        "dilutedAverageSharesOutstanding": 433.8,
        "dilutedEPS": 0.09,
        "ebit": 323.2,
        "grossIncome": 987.6,
        "interestExpense": 33,
        "interestIncomeExpense": -16.8,
        "minorityInterest": -21.9,
        "netIncome": 40.1,
        "netIncomeAfterTaxes": 62,
        "nonRecurringItems": -304.9,
        "period": "2019-06-30",
        "pretaxIncome": 76.5,
        "provisionforIncomeTaxes": 14.5,
        "revenue": 1439.4,
        "sgaExpense": 664.4,
        "totalOperatingExpense": 664.4,
        "totalOtherIncomeExpenseNet": 75
      },
      {
        "costOfGoodsSold": 368,
        "dilutedAverageSharesOutstanding": 401.9,
        "dilutedEPS": 0.44,
        "ebit": 246.3,
        "grossIncome": 846.6,
        "interestExpense": 33.1,
        "interestIncomeExpense": -11.3,
        "minorityInterest": -12.9,
        "netIncome": 177.7,
        "netIncomeAfterTaxes": 190.6,
        "nonRecurringItems": -46.1,
        "period": "2019-03-31",
        "pretaxIncome": 256.8,
        "provisionforIncomeTaxes": 66.2,
        "revenue": 1214.6,
        "sgaExpense": 600.3,
        "totalOperatingExpense": 600.3,
        "totalOtherIncomeExpenseNet": 67.9
      },
      {
        "costOfGoodsSold": 372.2,
        "dilutedAverageSharesOutstanding": 410,
        "dilutedEPS": 0.27,
        "ebit": 292.2,
        "grossIncome": 883.7,
        "interestExpense": 29.2,
        "interestIncomeExpense": -7.9,
        "minorityInterest": 19.4,
        "netIncome": 114.2,
        "netIncomeAfterTaxes": 107.9,
        "nonRecurringItems": -61.8,
        "period": "2018-12-31",
        "pretaxIncome": 148,
        "provisionforIncomeTaxes": 40.1,
        "revenue": 1255.9,
        "sgaExpense": 591.5,
        "totalOperatingExpense": 591.5,
        "totalOtherIncomeExpenseNet": -74.5
      },
      {
        "costOfGoodsSold": 408,
        "dilutedAverageSharesOutstanding": 414.4,
        "dilutedEPS": 0.65,
        "ebit": 355.2,
        "grossIncome": 933.8,
        "interestExpense": 29.6,
        "interestIncomeExpense": -16.1,
        "minorityInterest": -11.6,
        "netIncome": 269.6,
        "netIncomeAfterTaxes": 281.2,
        "nonRecurringItems": -33.1,
        "period": "2018-09-30",
        "pretaxIncome": 342.3,
        "provisionforIncomeTaxes": 61.1,
        "revenue": 1341.8,
        "sgaExpense": 578.6,
        "totalOperatingExpense": 578.6,
        "totalOtherIncomeExpenseNet": 36.3
      },
      {
        "costOfGoodsSold": 408.9,
        "dilutedAverageSharesOutstanding": 414.1,
        "dilutedEPS": 0.59,
        "ebit": 354.8,
        "grossIncome": 951.7,
        "interestExpense": 29.5,
        "interestIncomeExpense": -21.6,
        "minorityInterest": 3.2,
        "netIncome": 245.1,
        "netIncomeAfterTaxes": 241.9,
        "nonRecurringItems": -23.5,
        "period": "2018-06-30",
        "pretaxIncome": 314.2,
        "provisionforIncomeTaxes": 72.3,
        "revenue": 1360.6,
        "sgaExpense": 596.9,
        "totalOperatingExpense": 596.9,
        "totalOtherIncomeExpenseNet": 4.5
      },
      {
        "costOfGoodsSold": 419.1,
        "dilutedAverageSharesOutstanding": 413.5,
        "dilutedEPS": 0.61,
        "ebit": 339.6,
        "grossIncome": 936.7,
        "interestExpense": 23.2,
        "interestIncomeExpense": -10.8,
        "minorityInterest": -11.3,
        "netIncome": 253.9,
        "netIncomeAfterTaxes": 265.2,
        "nonRecurringItems": -18.5,
        "period": "2018-03-31",
        "pretaxIncome": 333.6,
        "provisionforIncomeTaxes": 68.4,
        "revenue": 1355.8,
        "sgaExpense": 597.1,
        "totalOperatingExpense": 597.1,
        "totalOtherIncomeExpenseNet": 23.3
      },
      {
        "costOfGoodsSold": 390.9,
        "dilutedAverageSharesOutstanding": 447.7,
        "dilutedEPS": 0.88,
        "ebit": 344.3,
        "grossIncome": 984.7,
        "interestExpense": 23.6,
        "interestIncomeExpense": -13.6,
        "minorityInterest": -14.4,
        "netIncome": 396.1,
        "netIncomeAfterTaxes": 291.9,
        "period": "2017-12-31",
        "pretaxIncome": 399.4,
        "provisionforIncomeTaxes": 107.5,
        "revenue": 1375.6,
        "sgaExpense": 640.4,
        "totalOperatingExpense": 640.4,
        "totalOtherIncomeExpenseNet": 68.7
      },
      {
        "costOfGoodsSold": 380.4,
        "dilutedAverageSharesOutstanding": 398.3,
        "dilutedEPS": 0.65,
        "ebit": 355.3,
        "grossIncome": 957.3,
        "interestExpense": 23.6,
        "interestIncomeExpense": -8.2,
        "minorityInterest": -7.1,
        "netIncome": 259.5,
        "netIncomeAfterTaxes": 274.6,
        "period": "2017-09-30",
        "pretaxIncome": 397.7,
        "provisionforIncomeTaxes": 123.1,
        "revenue": 1337.7,
        "sgaExpense": 602,
        "totalOperatingExpense": 602,
        "totalOtherIncomeExpenseNet": 50.6
      },
      {
        "costOfGoodsSold": 365.9,
        "dilutedAverageSharesOutstanding": 410.3,
        "dilutedEPS": 0.57,
        "ebit": 318.9,
        "grossIncome": 888.5,
        "interestExpense": 23.6,
        "interestIncomeExpense": -11.5,
        "minorityInterest": -10,
        "netIncome": 232.4,
        "netIncomeAfterTaxes": 249.6,
        "period": "2017-06-30",
        "pretaxIncome": 342.2,
        "provisionforIncomeTaxes": 92.6,
        "revenue": 1254.4,
        "sgaExpense": 569.6,
        "totalOperatingExpense": 569.6,
        "totalOtherIncomeExpenseNet": 34.8
      },
      {
        "costOfGoodsSold": 349.3,
        "dilutedAverageSharesOutstanding": 408,
        "dilutedEPS": 0.5,
        "ebit": 258.6,
        "grossIncome": 843.3,
        "interestExpense": 24,
        "interestIncomeExpense": -3.4,
        "minorityInterest": -2.2,
        "netIncome": 205.6,
        "netIncomeAfterTaxes": 214.2,
        "period": "2017-03-31",
        "pretaxIncome": 289.9,
        "provisionforIncomeTaxes": 75.7,
        "revenue": 1192.6,
        "sgaExpense": 584.7,
        "totalOperatingExpense": 584.7,
        "totalOtherIncomeExpenseNet": 34.7
      },
      {
        "costOfGoodsSold": 349.5,
        "dilutedAverageSharesOutstanding": 409,
        "dilutedEPS": 0.55,
        "ebit": 294.2,
        "grossIncome": 845.2,
        "interestExpense": 23.5,
        "interestIncomeExpense": -8.6,
        "minorityInterest": 8.4,
        "netIncome": 226.5,
        "netIncomeAfterTaxes": 218.1,
        "period": "2016-12-31",
        "pretaxIncome": 311,
        "provisionforIncomeTaxes": 92.9,
        "revenue": 1194.7,
        "sgaExpense": 551,
        "totalOperatingExpense": 551,
        "totalOtherIncomeExpenseNet": 25.4
      },
      {
        "costOfGoodsSold": 362.1,
        "dilutedAverageSharesOutstanding": 412.9,
        "dilutedEPS": 0.58,
        "ebit": 306.3,
        "grossIncome": 839.5,
        "interestExpense": 23.9,
        "interestIncomeExpense": -15.8,
        "minorityInterest": -14.7,
        "netIncome": 241.2,
        "netIncomeAfterTaxes": 255.9,
        "period": "2016-09-30",
        "pretaxIncome": 345.7,
        "provisionforIncomeTaxes": 89.8,
        "revenue": 1201.6,
        "sgaExpense": 533.2,
        "totalOperatingExpense": 533.2,
        "totalOtherIncomeExpenseNet": 55.2
      },
      {
        "costOfGoodsSold": 348.4,
        "dilutedAverageSharesOutstanding": 419.1,
        "dilutedEPS": 0.54,
        "ebit": 301.5,
        "grossIncome": 841,
        "interestExpense": 22.1,
        "interestIncomeExpense": -15,
        "minorityInterest": -11,
        "netIncome": 225.5,
        "netIncomeAfterTaxes": 236.5,
        "period": "2016-06-30",
        "pretaxIncome": 320.2,
        "provisionforIncomeTaxes": 83.7,
        "revenue": 1189.4,
        "sgaExpense": 539.5,
        "totalOperatingExpense": 539.5,
        "totalOtherIncomeExpenseNet": 33.7
      },
      {
        "costOfGoodsSold": 347.2,
        "dilutedAverageSharesOutstanding": 407.9,
        "dilutedEPS": 0.39,
        "ebit": 274.4,
        "grossIncome": 801.5,
        "interestExpense": 23.9,
        "interestIncomeExpense": -32.5,
        "minorityInterest": 3.2,
        "netIncome": 161,
        "netIncomeAfterTaxes": 157.8,
        "period": "2016-03-31",
        "pretaxIncome": 229.7,
        "provisionforIncomeTaxes": 71.9,
        "revenue": 1148.7,
        "sgaExpense": 527.1,
        "totalOperatingExpense": 527.1,
        "totalOtherIncomeExpenseNet": -12.2
      },
      {
        "costOfGoodsSold": 375.2,
        "dilutedAverageSharesOutstanding": 423.3,
        "dilutedEPS": 0.48,
        "ebit": 303.6,
        "grossIncome": 864.5,
        "interestExpense": 23,
        "interestIncomeExpense": -14.4,
        "minorityInterest": 7.1,
        "netIncome": 201.9,
        "netIncomeAfterTaxes": 194.8,
        "nonRecurringItems": 0,
        "period": "2015-12-31",
        "pretaxIncome": 281.7,
        "provisionforIncomeTaxes": 86.9,
        "revenue": 1239.7,
        "sgaExpense": 560.9,
        "totalOperatingExpense": 560.9,
        "totalOtherIncomeExpenseNet": -7.5
      },
      {
        "costOfGoodsSold": 392.3,
        "dilutedAverageSharesOutstanding": 429.1,
        "dilutedEPS": 0.58,
        "ebit": 352.7,
        "grossIncome": 881.2,
        "interestExpense": 20.4,
        "interestIncomeExpense": -9.8,
        "minorityInterest": 8,
        "netIncome": 249.3,
        "netIncomeAfterTaxes": 241.3,
        "period": "2015-09-30",
        "pretaxIncome": 341.7,
        "provisionforIncomeTaxes": 100.4,
        "revenue": 1273.5,
        "sgaExpense": 528.5,
        "totalOperatingExpense": 528.5,
        "totalOtherIncomeExpenseNet": -1.2
      }
    ],
    "symbol": "IVZ"
  }
}