{
  "symbol": "BXP",
  "statement": "ic",
  "frequency": "quarterly",
  "timestamp": "2025-09-19T13:57:12.848126",
  "data": {
    "financials": [
      {
        "costOfGoodsSold": 345.531,
        "depreciationAmortization": 223.819,
        "dilutedAverageSharesOutstanding": 158.795,
        "dilutedEPS": 0.5603,
        "ebit": 256.591,
        "gainLossOnDispositionOfAssets": 18.39,
        "grossIncome": 522.926,
        "interestExpense": 162.783,
        "interestIncomeExpense": -155.483,
        "minorityInterest": -30.164,
        "netIncome": 88.977,
        "netIncomeAfterTaxes": 119.141,
        "nonRecurringItems": -0.357,
        "period": "2025-06-30",
        "pretaxIncome": 119.141,
        "revenue": 868.457,
        "sgaExpense": 42.516,
        "totalOperatingExpense": 266.335
      },
      {
        "costOfGoodsSold": 343.642,
        "depreciationAmortization": 220.107,
        "dilutedAverageSharesOutstanding": 158.632,
        "dilutedEPS": 0.3857,
        "ebit": 249.182,
        "gainLossOnDispositionOfAssets": -2.49,
        "grossIncome": 521.573,
        "interestExpense": 163.444,
        "interestIncomeExpense": -158.681,
        "minorityInterest": -25.728,
        "netIncome": 61.177,
        "netIncomeAfterTaxes": 86.905,
        "nonRecurringItems": -1.106,
        "period": "2025-03-31",
        "pretaxIncome": 86.905,
        "revenue": 865.215,
        "sgaExpense": 52.284,
        "totalOperatingExpense": 272.391
      },
      {
        "costOfGoodsSold": 337.357,
        "depreciationAmortization": 226.043,
        "dilutedAverageSharesOutstanding": 158.122,
        "dilutedEPS": -1.4473,
        "ebit": 262.667,
        "gainLossOnDispositionOfAssets": 0.085,
        "grossIncome": 521.214,
        "interestExpense": 170.39,
        "interestIncomeExpense": -499.862,
        "minorityInterest": 8.963,
        "netIncome": -228.854,
        "netIncomeAfterTaxes": -237.817,
        "nonRecurringItems": -0.707,
        "period": "2024-12-31",
        "pretaxIncome": -237.817,
        "revenue": 858.571,
        "sgaExpense": 32.504,
        "totalOperatingExpense": 258.547,
        "totalOtherIncomeExpenseNet": 0
      },
      {
        "costOfGoodsSold": 341.379,
        "depreciationAmortization": 222.89,
        "dilutedAverageSharesOutstanding": 158.213,
        "dilutedEPS": 0.5286,
        "ebit": 261.606,
        "gainLossOnDispositionOfAssets": 0.517,
        "grossIncome": 517.848,
        "interestExpense": 163.194,
        "interestIncomeExpense": -153.483,
        "minorityInterest": -24.824,
        "netIncome": 83.628,
        "netIncomeAfterTaxes": 108.452,
        "nonRecurringItems": -0.188,
        "period": "2024-09-30",
        "pretaxIncome": 108.452,
        "revenue": 859.227,
        "sgaExpense": 33.352,
        "totalOperatingExpense": 256.242
      },
      {
        "costOfGoodsSold": 335.413,
        "depreciationAmortization": 219.542,
        "dilutedAverageSharesOutstanding": 157.291,
        "dilutedEPS": 0.5062,
        "ebit": 251.418,
        "grossIncome": 515.069,
        "interestExpense": 149.642,
        "interestIncomeExpense": -144.28,
        "minorityInterest": -27.334,
        "netIncome": 79.615,
        "netIncomeAfterTaxes": 106.949,
        "nonRecurringItems": -0.189,
        "period": "2024-06-30",
        "pretaxIncome": 106.949,
        "revenue": 850.482,
        "sgaExpense": 44.109,
        "totalOperatingExpense": 263.651
      },
      {
        "costOfGoodsSold": 324.465,
        "depreciationAmortization": 218.716,
        "dilutedAverageSharesOutstanding": 157.132,
        "dilutedEPS": 0.5084,
        "ebit": 246.24,
        "grossIncome": 514.974,
        "interestExpense": 161.891,
        "interestIncomeExpense": -125.508,
        "minorityInterest": -26.721,
        "netIncome": 79.883,
        "netIncomeAfterTaxes": 106.604,
        "nonRecurringItems": -14.128,
        "period": "2024-03-31",
        "pretaxIncome": 106.604,
        "revenue": 839.439,
        "sgaExpense": 50.018,
        "totalOperatingExpense": 268.734
      },
      {
        "costOfGoodsSold": 313.805,
        "depreciationAmortization": 212.067,
        "dilutedAverageSharesOutstanding": 157.273,
        "dilutedEPS": 0.7625,
        "ebit": 264.29,
        "gainLossOnDispositionOfAssets": 0,
        "grossIncome": 515.128,
        "interestExpense": 155.08,
        "interestIncomeExpense": -108.792,
        "minorityInterest": -33.23,
        "netIncome": 119.925,
        "netIncomeAfterTaxes": 153.155,
        "nonRecurringItems": -2.343,
        "period": "2023-12-31",
        "pretaxIncome": 153.155,
        "revenue": 828.933,
        "sgaExpense": 38.771,
        "totalOperatingExpense": 250.838,
        "totalOtherIncomeExpenseNet": 0
      },
      {
        "costOfGoodsSold": 313.1,
        "depreciationAmortization": 207.4,
        "dilutedAverageSharesOutstanding": 156.9,
        "dilutedEPS": -0.71,
        "ebit": 272.4,
        "gainLossOnDispositionOfAssets": 0.5,
        "grossIncome": 511.2,
        "interestExpense": 147.812,
        "interestIncomeExpense": -375.6,
        "minorityInterest": -8.3,
        "netIncome": -111.8,
        "netIncomeAfterTaxes": -103.5,
        "nonRecurringItems": -0.8,
        "period": "2023-09-30",
        "pretaxIncome": -103.5,
        "revenue": 824.3,
        "sgaExpense": 31.4,
        "totalOperatingExpense": 238.8,
        "totalOtherIncomeExpenseNet": 0
      },
      {
        "costOfGoodsSold": 303.8,
        "depreciationAmortization": 202.6,
        "dilutedAverageSharesOutstanding": 158.6,
        "dilutedEPS": 0.66,
        "ebit": 266.6,
        "gainLossOnDispositionOfAssets": 0,
        "grossIncome": 513.3,
        "interestExpense": 142.473,
        "interestIncomeExpense": -130.1,
        "minorityInterest": -32,
        "netIncome": 104.2,
        "netIncomeAfterTaxes": 136.2,
        "nonRecurringItems": -0.3,
        "period": "2023-06-30",
        "pretaxIncome": 136.2,
        "revenue": 817.2,
        "sgaExpense": 44.2,
        "totalOperatingExpense": 246.8,
        "totalOtherIncomeExpenseNet": 0
      },
      {
        "costOfGoodsSold": 303.2,
        "depreciationAmortization": 208.7,
        "dilutedAverageSharesOutstanding": 157.2,
        "dilutedEPS": 0.5,
        "ebit": 235.4,
        "gainLossOnDispositionOfAssets": 0,
        "grossIncome": 500,
        "interestExpense": 134.207,
        "interestIncomeExpense": -128.9,
        "minorityInterest": -27.7,
        "netIncome": 77.9,
        "netIncomeAfterTaxes": 105.6,
        "nonRecurringItems": -0.9,
        "period": "2023-03-31",
        "pretaxIncome": 105.6,
        "revenue": 803.2,
        "sgaExpense": 55.8,
        "totalOperatingExpense": 264.6,
        "totalOtherIncomeExpenseNet": 0
      },
      {
        "costOfGoodsSold": 294.2,
        "depreciationAmortization": 198.3,
        "dilutedAverageSharesOutstanding": 157.1,
        "dilutedEPS": 0.78,
        "ebit": 261.4,
        "gainLossOnDispositionOfAssets": 65.8,
        "grossIncome": 495.7,
        "interestExpense": 119.923,
        "interestIncomeExpense": -170.6,
        "minorityInterest": -33.9,
        "netIncome": 121.9,
        "netIncomeAfterTaxes": 155.7,
        "nonRecurringItems": -0.8,
        "period": "2022-12-31",
        "pretaxIncome": 155.7,
        "revenue": 789.8,
        "sgaExpense": 36,
        "totalOperatingExpense": 234.2,
        "totalOtherIncomeExpenseNet": 0
      },
      {
        "costOfGoodsSold": 294.2,
        "depreciationAmortization": 190.7,
        "dilutedAverageSharesOutstanding": 157.1,
        "dilutedEPS": 2.29,
        "ebit": 273.2,
        "gainLossOnDispositionOfAssets": 262.3,
        "grossIncome": 496.4,
        "interestExpense": 111.846,
        "interestIncomeExpense": -113.2,
        "minorityInterest": -59.7,
        "netIncome": 360.2,
        "netIncomeAfterTaxes": 420.7,
        "nonRecurringItems": -1.7,
        "period": "2022-09-30",
        "pretaxIncome": 420.7,
        "revenue": 790.5,
        "sgaExpense": 32.5,
        "totalOperatingExpense": 223.1,
        "totalOtherIncomeExpenseNet": 0
      },
      {
        "costOfGoodsSold": 283.5,
        "depreciationAmortization": 183.1,
        "dilutedAverageSharesOutstanding": 159,
        "dilutedEPS": 1.42,
        "ebit": 272.6,
        "gainLossOnDispositionOfAssets": 96.2,
        "grossIncome": 490.4,
        "interestExpense": 104.142,
        "interestIncomeExpense": -107.7,
        "minorityInterest": -44.1,
        "netIncome": 222.9,
        "netIncomeAfterTaxes": 267.2,
        "nonRecurringItems": -0.5,
        "period": "2022-06-30",
        "pretaxIncome": 267.2,
        "revenue": 773.9,
        "sgaExpense": 34.7,
        "totalOperatingExpense": 217.8,
        "totalOtherIncomeExpenseNet": 6.6
      },
      {
        "costOfGoodsSold": 279.2,
        "depreciationAmortization": 177.6,
        "dilutedAverageSharesOutstanding": 157,
        "dilutedEPS": 0.91,
        "ebit": 254.3,
        "gainLossOnDispositionOfAssets": 22.7,
        "grossIncome": 475.1,
        "interestExpense": 101.228,
        "interestIncomeExpense": -100.1,
        "minorityInterest": -33.9,
        "netIncome": 143,
        "netIncomeAfterTaxes": 177,
        "nonRecurringItems": 0,
        "period": "2022-03-31",
        "pretaxIncome": 177,
        "revenue": 754.3,
        "sgaExpense": 43.2,
        "totalOperatingExpense": 220.8
      },
      {
        "costOfGoodsSold": 265.1,
        "depreciationAmortization": 177.5,
        "dilutedAverageSharesOutstanding": 156.3,
        "dilutedEPS": 1.18,
        "ebit": 254.8,
        "gainLossOnDispositionOfAssets": 115.6,
        "grossIncome": 466,
        "interestExpense": 103.331,
        "interestIncomeExpense": -100.7,
        "minorityInterest": -38.7,
        "netIncome": 184.5,
        "netIncomeAfterTaxes": 223.3,
        "nonRecurringItems": -46.4,
        "period": "2021-12-31",
        "pretaxIncome": 223.3,
        "revenue": 731.1,
        "sgaExpense": 33.6,
        "totalOperatingExpense": 211.1
      },
      {
        "costOfGoodsSold": 265.2,
        "depreciationAmortization": 179.4,
        "dilutedAverageSharesOutstanding": 156.6,
        "dilutedEPS": 0.69,
        "ebit": 250.9,
        "gainLossOnDispositionOfAssets": 0.3,
        "grossIncome": 464.8,
        "interestExpense": 105.794,
        "interestIncomeExpense": -110.1,
        "minorityInterest": -31,
        "netIncome": 108.3,
        "netIncomeAfterTaxes": 139.3,
        "nonRecurringItems": -1.9,
        "period": "2021-09-30",
        "pretaxIncome": 139.3,
        "revenue": 730.1,
        "sgaExpense": 34.6,
        "totalOperatingExpense": 214
      },
      {
        "costOfGoodsSold": 253.4,
        "depreciationAmortization": 183.8,
        "dilutedAverageSharesOutstanding": 158.3,
        "dilutedEPS": 0.71,
        "ebit": 238.3,
        "gainLossOnDispositionOfAssets": 7.8,
        "grossIncome": 460.5,
        "interestExpense": 106.319,
        "interestIncomeExpense": -104,
        "minorityInterest": -29.5,
        "netIncome": 111.7,
        "netIncomeAfterTaxes": 141.3,
        "nonRecurringItems": -0.8,
        "period": "2021-06-30",
        "pretaxIncome": 141.3,
        "revenue": 713.8,
        "sgaExpense": 38.4,
        "totalOperatingExpense": 222.1
      },
      {
        "costOfGoodsSold": 262.9,
        "depreciationAmortization": 176.6,
        "dilutedAverageSharesOutstanding": 156.4,
        "dilutedEPS": 0.59,
        "ebit": 229.2,
        "gainLossOnDispositionOfAssets": 0,
        "grossIncome": 450.8,
        "interestExpense": 107.902,
        "interestIncomeExpense": -99.9,
        "minorityInterest": -27.5,
        "netIncome": 91.7,
        "netIncomeAfterTaxes": 128.1,
        "nonRecurringItems": -1.2,
        "period": "2021-03-31",
        "pretaxIncome": 128.1,
        "revenue": 713.7,
        "sgaExpense": 45,
        "totalOperatingExpense": 221.6
      },
      {
        "costOfGoodsSold": 260.4,
        "depreciationAmortization": 168,
        "dilutedAverageSharesOutstanding": 155.7,
        "dilutedEPS": 0.05,
        "ebit": 205.7,
        "gainLossOnDispositionOfAssets": 5.3,
        "grossIncome": 404.7,
        "interestExpense": 111.991,
        "interestIncomeExpense": -185.7,
        "minorityInterest": -14.6,
        "netIncome": 7.7,
        "netIncomeAfterTaxes": 24.9,
        "nonRecurringItems": -0.3,
        "period": "2020-12-31",
        "pretaxIncome": 24.9,
        "revenue": 665.1,
        "sgaExpense": 31.1,
        "totalOperatingExpense": 199
      },
      {
        "costOfGoodsSold": 264.3,
        "depreciationAmortization": 166.5,
        "dilutedAverageSharesOutstanding": 155.7,
        "dilutedEPS": 0.58,
        "ebit": 234.6,
        "gainLossOnDispositionOfAssets": -0.2,
        "grossIncome": 428.9,
        "interestExpense": 110.993,
        "interestIncomeExpense": -116.1,
        "minorityInterest": -25.6,
        "netIncome": 89.9,
        "netIncomeAfterTaxes": 118.1,
        "nonRecurringItems": -0.3,
        "period": "2020-09-30",
        "pretaxIncome": 118.1,
        "revenue": 693.3,
        "sgaExpense": 27.9,
        "totalOperatingExpense": 194.3
      },
      {
        "costOfGoodsSold": 244.2,
        "depreciationAmortization": 178.2,
        "dilutedAverageSharesOutstanding": 157.5,
        "dilutedEPS": 1.71,
        "ebit": 194.6,
        "gainLossOnDispositionOfAssets": 203.8,
        "grossIncome": 410.5,
        "interestExpense": 107.142,
        "interestIncomeExpense": -99.5,
        "minorityInterest": -29,
        "netIncome": 267,
        "netIncomeAfterTaxes": 298.6,
        "nonRecurringItems": -0.3,
        "period": "2020-06-30",
        "pretaxIncome": 298.6,
        "revenue": 654.8,
        "sgaExpense": 37.7,
        "totalOperatingExpense": 216
      },
      {
        "costOfGoodsSold": 273,
        "depreciationAmortization": 171.1,
        "dilutedAverageSharesOutstanding": 155.4,
        "dilutedEPS": 3.2,
        "ebit": 272,
        "gainLossOnDispositionOfAssets": 410.2,
        "grossIncome": 479.5,
        "interestExpense": 101.591,
        "interestIncomeExpense": -104.4,
        "minorityInterest": -76.8,
        "netIncome": 497.7,
        "netIncomeAfterTaxes": 577.1,
        "nonRecurringItems": -0.6,
        "period": "2020-03-31",
        "pretaxIncome": 577.1,
        "revenue": 752.6,
        "sgaExpense": 36.5,
        "totalOperatingExpense": 207.6
      },
      {
        "costOfGoodsSold": 279.4,
        "depreciationAmortization": 169.9,
        "dilutedAverageSharesOutstanding": 155,
        "dilutedEPS": 0.91,
        "ebit": 275.4,
        "gainLossOnDispositionOfAssets": -0.1,
        "grossIncome": 478.1,
        "interestExpense": 102.88,
        "interestIncomeExpense": -97.2,
        "minorityInterest": -32.6,
        "netIncome": 140.8,
        "netIncomeAfterTaxes": 176,
        "nonRecurringItems": -2.1,
        "period": "2019-12-31",
        "pretaxIncome": 176,
        "revenue": 757.5,
        "sgaExpense": 32.8,
        "totalOperatingExpense": 202.7
      },
      {
        "costOfGoodsSold": 276.8,
        "depreciationAmortization": 165.9,
        "dilutedAverageSharesOutstanding": 154.8,
        "dilutedEPS": 0.7,
        "ebit": 269.7,
        "gainLossOnDispositionOfAssets": 0,
        "grossIncome": 466.8,
        "interestExpense": 106.471,
        "interestIncomeExpense": -99.8,
        "minorityInterest": -31,
        "netIncome": 107.8,
        "netIncomeAfterTaxes": 141.4,
        "nonRecurringItems": -28.5,
        "period": "2019-09-30",
        "pretaxIncome": 141.4,
        "revenue": 743.6,
        "sgaExpense": 31.1,
        "totalOperatingExpense": 197
      },
      {
        "costOfGoodsSold": 269.5,
        "depreciationAmortization": 177.4,
        "dilutedAverageSharesOutstanding": 154.9,
        "dilutedEPS": 1.06,
        "ebit": 251.8,
        "gainLossOnDispositionOfAssets": 1.7,
        "grossIncome": 464.3,
        "interestExpense": 102.357,
        "interestIncomeExpense": -49.6,
        "minorityInterest": -36.5,
        "netIncome": 164.3,
        "netIncomeAfterTaxes": 203.5,
        "nonRecurringItems": -0.4,
        "period": "2019-06-30",
        "pretaxIncome": 203.5,
        "revenue": 733.7,
        "sgaExpense": 35.1,
        "totalOperatingExpense": 212.5
      },
      {
        "costOfGoodsSold": 268.8,
        "depreciationAmortization": 164.6,
        "dilutedAverageSharesOutstanding": 154.9,
        "dilutedEPS": 0.63,
        "ebit": 250.6,
        "gainLossOnDispositionOfAssets": -0.9,
        "grossIncome": 457,
        "interestExpense": 101.009,
        "interestIncomeExpense": -94.1,
        "minorityInterest": -30.4,
        "netIncome": 98.2,
        "netIncomeAfterTaxes": 131.2,
        "nonRecurringItems": -24.5,
        "period": "2019-03-31",
        "pretaxIncome": 131.2,
        "revenue": 725.8,
        "sgaExpense": 41.8,
        "totalOperatingExpense": 206.3
      },
      {
        "costOfGoodsSold": 263.5,
        "depreciationAmortization": 165.4,
        "dilutedAverageSharesOutstanding": 154.8,
        "dilutedEPS": 0.96,
        "ebit": 248.6,
        "gainLossOnDispositionOfAssets": 59.8,
        "grossIncome": 441.7,
        "interestExpense": 100.378,
        "interestIncomeExpense": -94.6,
        "minorityInterest": -34.1,
        "netIncome": 148.6,
        "netIncomeAfterTaxes": 185.2,
        "nonRecurringItems": -28.5,
        "period": "2018-12-31",
        "pretaxIncome": 185.2,
        "revenue": 705.2,
        "sgaExpense": 27.7,
        "totalOperatingExpense": 193.1
      },
      {
        "costOfGoodsSold": 259.3,
        "depreciationAmortization": 158,
        "dilutedAverageSharesOutstanding": 154.7,
        "dilutedEPS": 0.77,
        "ebit": 239.3,
        "gainLossOnDispositionOfAssets": 7.9,
        "grossIncome": 427,
        "interestExpense": 95.366,
        "interestIncomeExpense": -95.8,
        "minorityInterest": -28.7,
        "netIncome": 119.1,
        "netIncomeAfterTaxes": 150.4,
        "nonRecurringItems": -0.9,
        "period": "2018-09-30",
        "pretaxIncome": 150.4,
        "revenue": 686.3,
        "sgaExpense": 29.7,
        "totalOperatingExpense": 187.7
      },
      {
        "costOfGoodsSold": 248.5,
        "depreciationAmortization": 156.4,
        "dilutedAverageSharesOutstanding": 156.4,
        "dilutedEPS": 0.83,
        "ebit": 231.1,
        "gainLossOnDispositionOfAssets": 18.3,
        "grossIncome": 416,
        "interestExpense": 92.204,
        "interestIncomeExpense": -88.4,
        "minorityInterest": -29.2,
        "netIncome": 128.8,
        "netIncomeAfterTaxes": 160.6,
        "nonRecurringItems": -0.5,
        "period": "2018-06-30",
        "pretaxIncome": 160.6,
        "revenue": 664.5,
        "sgaExpense": 28.5,
        "totalOperatingExpense": 184.9
      },
      {
        "costOfGoodsSold": 251.3,
        "depreciationAmortization": 165.8,
        "dilutedAverageSharesOutstanding": 154.6,
        "dilutedEPS": 1.14,
        "ebit": 208.2,
        "gainLossOnDispositionOfAssets": 96.4,
        "grossIncome": 409.9,
        "interestExpense": 90.22,
        "interestIncomeExpense": -88.2,
        "minorityInterest": -37.7,
        "netIncome": 175.9,
        "netIncomeAfterTaxes": 216.3,
        "nonRecurringItems": 0,
        "period": "2018-03-31",
        "pretaxIncome": 216.3,
        "revenue": 661.2,
        "sgaExpense": 35.9,
        "totalOperatingExpense": 201.7
      },
      {
        "costOfGoodsSold": 242,
        "depreciationAmortization": 154.3,
        "dilutedAverageSharesOutstanding": 154.5,
        "dilutedEPS": 0.67,
        "ebit": 229.6,
        "gainLossOnDispositionOfAssets": 0.9,
        "grossIncome": 413.2,
        "interestExpense": 91.772,
        "interestIncomeExpense": -84.3,
        "minorityInterest": -25.7,
        "netIncome": 103.9,
        "netIncomeAfterTaxes": 132.2,
        "nonRecurringItems": -14,
        "period": "2017-12-31",
        "pretaxIncome": 132.2,
        "revenue": 655.2,
        "sgaExpense": 29.4,
        "totalOperatingExpense": 183.6
      },
      {
        "costOfGoodsSold": 245.8,
        "depreciationAmortization": 152.2,
        "dilutedAverageSharesOutstanding": 154.5,
        "dilutedEPS": 0.76,
        "ebit": 233.9,
        "gainLossOnDispositionOfAssets": 2.9,
        "grossIncome": 411.9,
        "interestExpense": 92.032,
        "interestIncomeExpense": -88.9,
        "minorityInterest": -27.7,
        "netIncome": 117.3,
        "netIncomeAfterTaxes": 147.7,
        "nonRecurringItems": -0.2,
        "period": "2017-09-30",
        "pretaxIncome": 147.7,
        "revenue": 657.7,
        "sgaExpense": 25.8,
        "totalOperatingExpense": 178
      },
      {
        "costOfGoodsSold": 238.9,
        "depreciationAmortization": 151.9,
        "dilutedAverageSharesOutstanding": 156.2,
        "dilutedEPS": 0.87,
        "ebit": 238.9,
        "gainLossOnDispositionOfAssets": 3.8,
        "grossIncome": 418,
        "interestExpense": 95.143,
        "interestIncomeExpense": -89.8,
        "minorityInterest": -30.7,
        "netIncome": 133.7,
        "netIncomeAfterTaxes": 167,
        "nonRecurringItems": 14.1,
        "period": "2017-06-30",
        "pretaxIncome": 167,
        "revenue": 656.9,
        "sgaExpense": 27.1,
        "totalOperatingExpense": 179.1
      },
      {
        "costOfGoodsSold": 235.4,
        "depreciationAmortization": 159.2,
        "dilutedAverageSharesOutstanding": 154.3,
        "dilutedEPS": 0.63,
        "ebit": 206.2,
        "gainLossOnDispositionOfAssets": 0.1,
        "grossIncome": 396.9,
        "interestExpense": 95.534,
        "interestIncomeExpense": -90.8,
        "minorityInterest": -15.9,
        "netIncome": 97.1,
        "netIncomeAfterTaxes": 115.6,
        "nonRecurringItems": 0,
        "period": "2017-03-31",
        "pretaxIncome": 115.6,
        "revenue": 632.2,
        "sgaExpense": 31.4,
        "totalOperatingExpense": 190.6
      },
      {
        "costOfGoodsSold": 231.8,
        "depreciationAmortization": 178,
        "dilutedAverageSharesOutstanding": 154,
        "dilutedEPS": 0.96,
        "ebit": 200.9,
        "gainLossOnDispositionOfAssets": 0,
        "grossIncome": 404.2,
        "interestExpense": 97.896,
        "interestIncomeExpense": -94.2,
        "minorityInterest": -15,
        "netIncome": 147.4,
        "netIncomeAfterTaxes": 164.9,
        "nonRecurringItems": 58.2,
        "period": "2016-12-31",
        "pretaxIncome": 164.9,
        "revenue": 636.1,
        "sgaExpense": 25.3,
        "totalOperatingExpense": 203.4
      },
      {
        "costOfGoodsSold": 236.7,
        "depreciationAmortization": 203.7,
        "dilutedAverageSharesOutstanding": 154.1,
        "dilutedEPS": 0.5,
        "ebit": 159.6,
        "gainLossOnDispositionOfAssets": 13,
        "grossIncome": 388.6,
        "interestExpense": 104.641,
        "interestIncomeExpense": -98.7,
        "minorityInterest": 7.8,
        "netIncome": 76.8,
        "netIncomeAfterTaxes": 71.5,
        "nonRecurringItems": -2.4,
        "period": "2016-09-30",
        "pretaxIncome": 71.5,
        "revenue": 625.2,
        "sgaExpense": 25.2,
        "totalOperatingExpense": 228.9
      },
      {
        "costOfGoodsSold": 225.9,
        "depreciationAmortization": 153.2,
        "dilutedAverageSharesOutstanding": 155.9,
        "dilutedEPS": 0.63,
        "ebit": 219,
        "gainLossOnDispositionOfAssets": 0,
        "grossIncome": 397.6,
        "interestExpense": 105.003,
        "interestIncomeExpense": -100.8,
        "minorityInterest": -18.1,
        "netIncome": 96.7,
        "netIncomeAfterTaxes": 117.4,
        "nonRecurringItems": -0.9,
        "period": "2016-06-30",
        "pretaxIncome": 117.4,
        "revenue": 623.5,
        "sgaExpense": 25.4,
        "totalOperatingExpense": 178.6
      },
      {
        "costOfGoodsSold": 226.8,
        "depreciationAmortization": 159.4,
        "dilutedAverageSharesOutstanding": 153.9,
        "dilutedEPS": 1.18,
        "ebit": 250.4,
        "gainLossOnDispositionOfAssets": 67.6,
        "grossIncome": 439.2,
        "interestExpense": 105.309,
        "interestIncomeExpense": -101.8,
        "minorityInterest": -31.9,
        "netIncome": 181.5,
        "netIncomeAfterTaxes": 216.2,
        "nonRecurringItems": 0,
        "period": "2016-03-31",
        "pretaxIncome": 216.2,
        "revenue": 666,
        "sgaExpense": 29.4,
        "totalOperatingExpense": 188.8
      },
      {
        "costOfGoodsSold": 224.5,
        "depreciationAmortization": 164.5,
        "dilutedAverageSharesOutstanding": 153.9,
        "dilutedEPS": 0.9,
        "ebit": 210.9,
        "gainLossOnDispositionOfAssets": 81.3,
        "grossIncome": 399.7,
        "interestExpense": 106.178,
        "interestIncomeExpense": -103,
        "minorityInterest": -26.2,
        "netIncome": 137.9,
        "netIncomeAfterTaxes": 166.7,
        "nonRecurringItems": -22.5,
        "period": "2015-12-31",
        "pretaxIncome": 166.7,
        "revenue": 624.2,
        "sgaExpense": 24.3,
        "totalOperatingExpense": 188.8
      },
      {
        "costOfGoodsSold": 227.9,
        "depreciationAmortization": 153,
        "dilutedAverageSharesOutstanding": 153.8,
        "dilutedEPS": 1.2,
        "ebit": 228.1,
        "gainLossOnDispositionOfAssets": 199.5,
        "grossIncome": 402,
        "interestExpense": 108.727,
        "interestIncomeExpense": -104,
        "minorityInterest": -136.5,
        "netIncome": 184.1,
        "netIncomeAfterTaxes": 323.3,
        "nonRecurringItems": -0.3,
        "period": "2015-09-30",
        "pretaxIncome": 323.3,
        "revenue": 629.9,
        "sgaExpense": 20.9,
        "totalOperatingExpense": 173.9
      }
    ],
    "symbol": "BXP"
  }
}