{
  "symbol": "PM",
  "statement": "ic",
  "frequency": "annual",
  "timestamp": "2025-09-19T14:05:30.757603",
  "data": {
    "financials": [
      {
        "costOfGoodsSold": 13329,
        "depreciationAmortization": 784,
        "dilutedAverageSharesOutstanding": 1556,
        "dilutedEPS": 4.52,
        "ebit": 13808,
        "equityEarningsAffiliates": 637,
        "grossIncome": 24549,
        "interestExpense": 1763,
        "interestIncomeExpense": -1143,
        "minorityInterest": -446,
        "netIncome": 7034,
        "netIncomeAfterTaxes": 9182,
        "nonRecurringItems": -406,
        "period": "2024-12-31",
        "pretaxIncome": 12199,
        "provisionforIncomeTaxes": 3017,
        "revenue": 37878,
        "sgaExpense": 9957,
        "totalOperatingExpense": 10741,
        "totalOtherIncomeExpenseNet": -60,
        "year": 2024
      },
      {
        "costOfGoodsSold": 12860,
        "dilutedAverageSharesOutstanding": 1553,
        "dilutedEPS": 5.02,
        "ebit": 12840,
        "equityEarningsAffiliates": 157,
        "grossIncome": 22394,
        "interestExpense": 1526,
        "interestIncomeExpense": -1061,
        "minorityInterest": -455,
        "netIncome": 7791,
        "netIncomeAfterTaxes": 8111,
        "nonRecurringItems": -1284,
        "period": "2023-12-31",
        "pretaxIncome": 10450,
        "provisionforIncomeTaxes": 2339,
        "revenue": 35254,
        "sgaExpense": 9554,
        "totalOperatingExpense": 9554,
        "totalOtherIncomeExpenseNet": -45,
        "year": 2023
      },
      {
        "costOfGoodsSold": 11228,
        "dilutedAverageSharesOutstanding": 1552,
        "dilutedEPS": 5.81,
        "ebit": 12624,
        "equityEarningsAffiliates": 137,
        "grossIncome": 20534,
        "interestExpense": 768,
        "interestIncomeExpense": -588,
        "minorityInterest": -479,
        "netIncome": 9024,
        "netIncomeAfterTaxes": 9390,
        "nonRecurringItems": -378,
        "period": "2022-12-31",
        "pretaxIncome": 11634,
        "provisionforIncomeTaxes": 2244,
        "revenue": 31762,
        "sgaExpense": 7910,
        "totalOperatingExpense": 7910,
        "totalOtherIncomeExpenseNet": -24,
        "year": 2022
      },
      {
        "costOfGoodsSold": 10030,
        "depreciationAmortization": 96,
        "dilutedAverageSharesOutstanding": 1559,
        "dilutedEPS": 5.83,
        "ebit": 13191,
        "equityEarningsAffiliates": 149,
        "grossIncome": 21375,
        "interestExpense": 737,
        "interestIncomeExpense": -628,
        "minorityInterest": -601,
        "netIncome": 9083,
        "netIncomeAfterTaxes": 9561,
        "nonRecurringItems": -216,
        "period": "2021-12-31",
        "pretaxIncome": 12232,
        "provisionforIncomeTaxes": 2671,
        "revenue": 31405,
        "sgaExpense": 8088,
        "totalOperatingExpense": 8184,
        "totalOtherIncomeExpenseNet": -115,
        "year": 2021
      },
      {
        "costOfGoodsSold": 9569,
        "depreciationAmortization": 73,
        "dilutedAverageSharesOutstanding": 1558,
        "dilutedEPS": 5.16,
        "ebit": 11817,
        "equityEarningsAffiliates": 16,
        "grossIncome": 19125,
        "interestExpense": 728,
        "interestIncomeExpense": -618,
        "minorityInterest": -536,
        "netIncome": 8036,
        "netIncomeAfterTaxes": 8576,
        "nonRecurringItems": -149,
        "period": "2020-12-31",
        "pretaxIncome": 10953,
        "provisionforIncomeTaxes": 2377,
        "revenue": 28694,
        "sgaExpense": 7235,
        "totalOperatingExpense": 7308,
        "totalOtherIncomeExpenseNet": -97,
        "year": 2020
      },
      {
        "costOfGoodsSold": 10513,
        "depreciationAmortization": 66,
        "dilutedAverageSharesOutstanding": 1556,
        "dilutedEPS": 4.61,
        "ebit": 11386,
        "equityEarningsAffiliates": 149,
        "grossIncome": 19292,
        "interestExpense": 796,
        "interestIncomeExpense": -570,
        "minorityInterest": -543,
        "netIncome": 7168,
        "netIncomeAfterTaxes": 7579,
        "nonRecurringItems": -855,
        "period": "2019-12-31",
        "pretaxIncome": 9872,
        "provisionforIncomeTaxes": 2293,
        "revenue": 29805,
        "sgaExpense": 7840,
        "totalOperatingExpense": 7906,
        "totalOtherIncomeExpenseNet": -89,
        "year": 2019
      },
      {
        "costOfGoodsSold": 10758,
        "depreciationAmortization": 82,
        "dilutedAverageSharesOutstanding": 1555,
        "dilutedEPS": 5.07,
        "ebit": 11377,
        "equityEarningsAffiliates": 60,
        "grossIncome": 18867,
        "interestExpense": 855,
        "interestIncomeExpense": -665,
        "minorityInterest": -375,
        "netIncome": 7895,
        "netIncomeAfterTaxes": 8257,
        "period": "2018-12-31",
        "pretaxIncome": 10671,
        "provisionforIncomeTaxes": 2414,
        "revenue": 29625,
        "sgaExpense": 7408,
        "totalOperatingExpense": 7490,
        "totalOtherIncomeExpenseNet": -41,
        "year": 2018
      },
      {
        "costOfGoodsSold": 10432,
        "depreciationAmortization": 88,
        "dilutedAverageSharesOutstanding": 1553,
        "dilutedEPS": 3.87,
        "ebit": 11581,
        "equityEarningsAffiliates": 59,
        "grossIncome": 18316,
        "interestExpense": 1096,
        "interestIncomeExpense": -914,
        "minorityInterest": -306,
        "netIncome": 6021,
        "netIncomeAfterTaxes": 7882,
        "period": "2017-12-31",
        "pretaxIncome": 10589,
        "provisionforIncomeTaxes": 2707,
        "revenue": 28748,
        "sgaExpense": 6647,
        "totalOperatingExpense": 6735,
        "totalOtherIncomeExpenseNet": -78,
        "year": 2017
      },
      {
        "costOfGoodsSold": 9391,
        "depreciationAmortization": 74,
        "dilutedAverageSharesOutstanding": 1551,
        "dilutedEPS": 4.48,
        "ebit": 10903,
        "equityEarningsAffiliates": 94,
        "grossIncome": 17294,
        "interestExpense": 1069,
        "interestIncomeExpense": -891,
        "minorityInterest": -283,
        "netIncome": 6948,
        "netIncomeAfterTaxes": 7156,
        "period": "2016-12-31",
        "pretaxIncome": 9924,
        "provisionforIncomeTaxes": 2768,
        "revenue": 26685,
        "sgaExpense": 6317,
        "totalOperatingExpense": 6391,
        "totalOtherIncomeExpenseNet": -88,
        "year": 2016
      },
      {
        "costOfGoodsSold": 9365,
        "depreciationAmortization": 82,
        "dilutedAverageSharesOutstanding": 1549,
        "dilutedEPS": 4.42,
        "ebit": 10691,
        "equityEarningsAffiliates": 105,
        "grossIncome": 17429,
        "interestExpense": 1132,
        "interestIncomeExpense": -1008,
        "minorityInterest": -159,
        "netIncome": 6849,
        "netIncomeAfterTaxes": 6927,
        "nonRecurringItems": -68,
        "period": "2015-12-31",
        "pretaxIncome": 9615,
        "provisionforIncomeTaxes": 2688,
        "revenue": 26794,
        "sgaExpense": 6656,
        "totalOperatingExpense": 6738,
        "year": 2015
      }
    ],
    "symbol": "PM"
  }
}