{
  "symbol": "TJX",
  "statement": "ic",
  "frequency": "quarterly",
  "timestamp": "2025-09-19T14:07:33.413873",
  "data": {
    "financials": [
      {
        "costOfGoodsSold": 9246,
        "dilutedAverageSharesOutstanding": 1132,
        "dilutedEPS": 0.9152,
        "ebit": 1316,
        "grossIncome": 3865,
        "interestExpense": 18,
        "interestIncomeExpense": 30,
        "netIncome": 1036,
        "netIncomeAfterTaxes": 1036,
        "period": "2025-05-03",
        "pretaxIncome": 1346,
        "provisionforIncomeTaxes": 310,
        "revenue": 13111,
        "sgaExpense": 2549,
        "totalOperatingExpense": 2549
      },
      {
        "costOfGoodsSold": 11371,
        "dilutedAverageSharesOutstanding": 1138,
        "dilutedEPS": 1.23,
        "ebit": 1847,
        "grossIncome": 4979,
        "interestExpense": 17,
        "interestIncomeExpense": 42,
        "netIncome": 1398,
        "netIncomeAfterTaxes": 1398,
        "period": "2025-02-01",
        "pretaxIncome": 1889,
        "provisionforIncomeTaxes": 491,
        "revenue": 16350,
        "sgaExpense": 3132,
        "totalOperatingExpense": 3132
      },
      {
        "costOfGoodsSold": 9622,
        "dilutedAverageSharesOutstanding": 1141,
        "dilutedEPS": 1.14,
        "ebit": 1693,
        "grossIncome": 4441,
        "interestExpense": 20,
        "interestIncomeExpense": 43,
        "netIncome": 1297,
        "netIncomeAfterTaxes": 1297,
        "period": "2024-11-02",
        "pretaxIncome": 1736,
        "provisionforIncomeTaxes": 439,
        "revenue": 14063,
        "sgaExpense": 2748,
        "totalOperatingExpense": 2748
      },
      {
        "costOfGoodsSold": 9380,
        "dilutedAverageSharesOutstanding": 1144,
        "dilutedEPS": 0.96,
        "ebit": 1422,
        "grossIncome": 4088,
        "interestExpense": 20,
        "interestIncomeExpense": 46,
        "netIncome": 1099,
        "netIncomeAfterTaxes": 1099,
        "period": "2024-08-03",
        "pretaxIncome": 1468,
        "provisionforIncomeTaxes": 369,
        "revenue": 13468,
        "sgaExpense": 2666,
        "totalOperatingExpense": 2666
      },
      {
        "costOfGoodsSold": 8739,
        "dilutedAverageSharesOutstanding": 1146,
        "dilutedEPS": 0.93,
        "ebit": 1340,
        "grossIncome": 3740,
        "interestExpense": 19,
        "interestIncomeExpense": 50,
        "netIncome": 1070,
        "netIncomeAfterTaxes": 1070,
        "period": "2024-05-04",
        "pretaxIncome": 1390,
        "provisionforIncomeTaxes": 320,
        "revenue": 12479,
        "sgaExpense": 2400,
        "totalOperatingExpense": 2400
      },
      {
        "costOfGoodsSold": 11528,
        "dilutedAverageSharesOutstanding": 1153,
        "dilutedEPS": 1.22,
        "ebit": 1789,
        "grossIncome": 4883,
        "interestExpense": 19,
        "interestIncomeExpense": 54,
        "netIncome": 1403,
        "netIncomeAfterTaxes": 1403,
        "nonRecurringItems": 0,
        "period": "2024-02-03",
        "pretaxIncome": 1843,
        "provisionforIncomeTaxes": 440,
        "revenue": 16411,
        "sgaExpense": 3094,
        "totalOperatingExpense": 3094
      },
      {
        "costOfGoodsSold": 9139,
        "dilutedAverageSharesOutstanding": 1158,
        "dilutedEPS": 1.03,
        "ebit": 1548,
        "grossIncome": 4126,
        "interestExpense": 19,
        "interestIncomeExpense": 41,
        "netIncome": 1191,
        "netIncomeAfterTaxes": 1191,
        "nonRecurringItems": 0,
        "period": "2023-10-28",
        "pretaxIncome": 1589,
        "provisionforIncomeTaxes": 398,
        "revenue": 13265,
        "sgaExpense": 2578,
        "totalOperatingExpense": 2578
      },
      {
        "costOfGoodsSold": 8910,
        "dilutedAverageSharesOutstanding": 1161,
        "dilutedEPS": 0.85,
        "ebit": 1289,
        "grossIncome": 3848,
        "interestExpense": 19,
        "interestIncomeExpense": 38,
        "netIncome": 989,
        "netIncomeAfterTaxes": 989,
        "nonRecurringItems": 0,
        "period": "2023-07-29",
        "pretaxIncome": 1327,
        "provisionforIncomeTaxes": 338,
        "revenue": 12758,
        "sgaExpense": 2559,
        "totalOperatingExpense": 2559
      },
      {
        "costOfGoodsSold": 8374,
        "dilutedAverageSharesOutstanding": 1165,
        "dilutedEPS": 0.76,
        "ebit": 1171,
        "grossIncome": 3409,
        "interestExpense": 22,
        "interestIncomeExpense": 37,
        "netIncome": 891,
        "netIncomeAfterTaxes": 891,
        "nonRecurringItems": 0,
        "period": "2023-04-29",
        "pretaxIncome": 1208,
        "provisionforIncomeTaxes": 317,
        "revenue": 11783,
        "sgaExpense": 2238,
        "totalOperatingExpense": 2238
      },
      {
        "costOfGoodsSold": 10731.681,
        "dilutedAverageSharesOutstanding": 1172.324,
        "dilutedEPS": 0.89,
        "ebit": 1315.94,
        "grossIncome": 3788.551,
        "interestExpense": 20,
        "interestIncomeExpense": 23.365,
        "netIncome": 1038.381,
        "netIncomeAfterTaxes": 1038.381,
        "nonRecurringItems": -0.381,
        "period": "2023-01-28",
        "pretaxIncome": 1338.924,
        "provisionforIncomeTaxes": 300.543,
        "revenue": 14520.232,
        "sgaExpense": 2472.611,
        "totalOperatingExpense": 2472.611
      },
      {
        "costOfGoodsSold": 8622.556,
        "dilutedAverageSharesOutstanding": 1172.267,
        "dilutedEPS": 0.91,
        "ebit": 1358.784,
        "grossIncome": 3543.73,
        "interestExpense": 21,
        "interestIncomeExpense": 0.427,
        "netIncome": 1062.806,
        "netIncomeAfterTaxes": 1062.806,
        "nonRecurringItems": 0,
        "period": "2022-10-29",
        "pretaxIncome": 1359.211,
        "provisionforIncomeTaxes": 296.405,
        "revenue": 12166.286,
        "sgaExpense": 2184.946,
        "totalOperatingExpense": 2184.946
      },
      {
        "costOfGoodsSold": 8571.55,
        "dilutedAverageSharesOutstanding": 1178.14,
        "dilutedEPS": 0.69,
        "ebit": 1096.597,
        "grossIncome": 3271.458,
        "interestExpense": 21,
        "interestIncomeExpense": -11.007,
        "netIncome": 809.34,
        "netIncomeAfterTaxes": 809.34,
        "nonRecurringItems": 0,
        "period": "2022-07-30",
        "pretaxIncome": 1085.59,
        "provisionforIncomeTaxes": 276.25,
        "revenue": 11843.008,
        "sgaExpense": 2174.861,
        "totalOperatingExpense": 2174.861
      },
      {
        "costOfGoodsSold": 8223.213,
        "dilutedAverageSharesOutstanding": 1189.263,
        "dilutedEPS": 0.49,
        "ebit": 1088.679,
        "grossIncome": 3183.261,
        "interestExpense": 21.3,
        "interestIncomeExpense": -18.785,
        "netIncome": 587.473,
        "netIncomeAfterTaxes": 587.473,
        "nonRecurringItems": -217.619,
        "period": "2022-04-30",
        "pretaxIncome": 852.275,
        "provisionforIncomeTaxes": 264.802,
        "revenue": 11406.474,
        "sgaExpense": 2094.582,
        "totalOperatingExpense": 2094.582
      },
      {
        "costOfGoodsSold": 10094.515,
        "dilutedAverageSharesOutstanding": 1204.65,
        "dilutedEPS": 0.78,
        "ebit": 1263.948,
        "grossIncome": 3759.853,
        "interestExpense": 21.3,
        "interestIncomeExpense": -21.053,
        "netIncome": 940.204,
        "netIncomeAfterTaxes": 940.204,
        "nonRecurringItems": 0,
        "period": "2022-01-29",
        "pretaxIncome": 1242.895,
        "provisionforIncomeTaxes": 302.691,
        "revenue": 13854.368,
        "sgaExpense": 2495.905,
        "totalOperatingExpense": 2495.905
      },
      {
        "costOfGoodsSold": 8835.532,
        "dilutedAverageSharesOutstanding": 1215.69,
        "dilutedEPS": 0.84,
        "ebit": 1399.709,
        "grossIncome": 3696.358,
        "interestExpense": 22.1,
        "interestIncomeExpense": -20.674,
        "netIncome": 1023,
        "netIncomeAfterTaxes": 1023,
        "nonRecurringItems": 0,
        "period": "2021-10-30",
        "pretaxIncome": 1379.035,
        "provisionforIncomeTaxes": 356.035,
        "revenue": 12531.89,
        "sgaExpense": 2296.649,
        "totalOperatingExpense": 2296.649
      },
      {
        "costOfGoodsSold": 8528.13,
        "dilutedAverageSharesOutstanding": 1220.615,
        "dilutedEPS": 0.64,
        "ebit": 1325.241,
        "grossIncome": 3548.933,
        "interestExpense": 29.7,
        "interestIncomeExpense": -28.661,
        "netIncome": 785.681,
        "netIncomeAfterTaxes": 785.681,
        "nonRecurringItems": -242.248,
        "period": "2021-07-31",
        "pretaxIncome": 1054.332,
        "provisionforIncomeTaxes": 268.651,
        "revenue": 12077.063,
        "sgaExpense": 2223.692,
        "totalOperatingExpense": 2223.692
      },
      {
        "costOfGoodsSold": 7255.635,
        "dilutedAverageSharesOutstanding": 1221.517,
        "dilutedEPS": 0.44,
        "ebit": 766.034,
        "grossIncome": 2831.026,
        "interestExpense": 45.9,
        "interestIncomeExpense": -44.688,
        "netIncome": 533.93,
        "netIncomeAfterTaxes": 533.93,
        "period": "2021-05-01",
        "pretaxIncome": 721.346,
        "provisionforIncomeTaxes": 187.416,
        "revenue": 10086.661,
        "sgaExpense": 2064.992,
        "totalOperatingExpense": 2064.992
      },
      {
        "costOfGoodsSold": 7882.575,
        "dilutedAverageSharesOutstanding": 1262.418,
        "dilutedEPS": 0.26,
        "ebit": 867.534,
        "grossIncome": 3060.635,
        "interestExpense": 49.2,
        "interestIncomeExpense": -47.163,
        "netIncome": 325.523,
        "netIncomeAfterTaxes": 325.523,
        "nonRecurringItems": -312.233,
        "period": "2021-01-30",
        "pretaxIncome": 508.138,
        "provisionforIncomeTaxes": 182.615,
        "revenue": 10943.21,
        "sgaExpense": 2193.101,
        "totalOperatingExpense": 2193.101
      },
      {
        "costOfGoodsSold": 7062.285,
        "dilutedAverageSharesOutstanding": 1214.195,
        "dilutedEPS": 0.71,
        "ebit": 1065.676,
        "grossIncome": 3055.004,
        "interestExpense": 54.2,
        "interestIncomeExpense": -49.684,
        "netIncome": 866.656,
        "netIncomeAfterTaxes": 866.656,
        "period": "2020-10-31",
        "pretaxIncome": 1015.992,
        "provisionforIncomeTaxes": 149.336,
        "revenue": 10117.289,
        "sgaExpense": 1989.328,
        "totalOperatingExpense": 1989.328
      },
      {
        "costOfGoodsSold": 5174.49,
        "dilutedAverageSharesOutstanding": 1198.634,
        "dilutedEPS": -0.18,
        "ebit": -34.383,
        "grossIncome": 1493.085,
        "interestExpense": 59,
        "interestIncomeExpense": -57.636,
        "netIncome": -214.22,
        "netIncomeAfterTaxes": -214.22,
        "period": "2020-08-01",
        "pretaxIncome": -92.019,
        "provisionforIncomeTaxes": 122.201,
        "revenue": 6667.575,
        "sgaExpense": 1527.468,
        "totalOperatingExpense": 1527.468
      },
      {
        "costOfGoodsSold": 4439.894,
        "dilutedAverageSharesOutstanding": 1197.809,
        "dilutedEPS": -0.74,
        "ebit": -1339.353,
        "grossIncome": -31.006,
        "interestExpense": 31.6,
        "interestIncomeExpense": -3.495,
        "netIncome": -887.489,
        "netIncomeAfterTaxes": -887.489,
        "period": "2020-05-02",
        "pretaxIncome": -1342.848,
        "provisionforIncomeTaxes": -455.359,
        "revenue": 4408.888,
        "sgaExpense": 1308.347,
        "totalOperatingExpense": 1308.347
      },
      {
        "costOfGoodsSold": 7949.911,
        "dilutedAverageSharesOutstanding": 1219.367,
        "dilutedEPS": 0.81,
        "ebit": 1349.663,
        "grossIncome": 4256.551,
        "interestExpense": 14.676,
        "interestIncomeExpense": -23.388,
        "netIncome": 984.79,
        "netIncomeAfterTaxes": 984.79,
        "nonRecurringItems": 0,
        "period": "2020-02-01",
        "pretaxIncome": 1326.275,
        "provisionforIncomeTaxes": 341.485,
        "revenue": 12206.462,
        "sgaExpense": 2906.888,
        "totalOperatingExpense": 2906.888
      },
      {
        "costOfGoodsSold": 6664.851,
        "dilutedAverageSharesOutstanding": 1224.288,
        "dilutedEPS": 0.68,
        "ebit": 1130.788,
        "grossIncome": 3786.483,
        "interestExpense": 14.882,
        "interestIncomeExpense": -8.669,
        "netIncome": 828.263,
        "netIncomeAfterTaxes": 828.263,
        "nonRecurringItems": 0,
        "period": "2019-11-02",
        "pretaxIncome": 1122.119,
        "provisionforIncomeTaxes": 293.856,
        "revenue": 10451.334,
        "sgaExpense": 2655.695,
        "totalOperatingExpense": 2655.695
      },
      {
        "costOfGoodsSold": 6309.784,
        "dilutedAverageSharesOutstanding": 1228.986,
        "dilutedEPS": 0.62,
        "ebit": 1029.742,
        "grossIncome": 3471.812,
        "interestExpense": 14.904,
        "interestIncomeExpense": -8.435,
        "netIncome": 758.962,
        "netIncomeAfterTaxes": 758.962,
        "period": "2019-08-03",
        "pretaxIncome": 1021.307,
        "provisionforIncomeTaxes": 262.345,
        "revenue": 9781.596,
        "sgaExpense": 2442.07,
        "totalOperatingExpense": 2442.07
      },
      {
        "costOfGoodsSold": 5940.153,
        "dilutedAverageSharesOutstanding": 1233.407,
        "dilutedEPS": 0.57,
        "ebit": 916.304,
        "grossIncome": 3337.432,
        "interestExpense": 14.638,
        "interestIncomeExpense": 20.178,
        "netIncome": 700.178,
        "netIncomeAfterTaxes": 700.178,
        "period": "2019-05-04",
        "pretaxIncome": 936.482,
        "provisionforIncomeTaxes": 236.304,
        "revenue": 9277.585,
        "sgaExpense": 2421.128,
        "totalOperatingExpense": 2421.128
      },
      {
        "costOfGoodsSold": 7901.078,
        "dilutedAverageSharesOutstanding": 1244.708,
        "dilutedEPS": 0.68,
        "ebit": 1341.069,
        "grossIncome": 3226.262,
        "interestExpense": 16.671,
        "interestIncomeExpense": -162.491,
        "netIncome": 841.538,
        "netIncomeAfterTaxes": 841.538,
        "nonRecurringItems": 0,
        "period": "2019-02-02",
        "pretaxIncome": 1178.578,
        "provisionforIncomeTaxes": 337.04,
        "revenue": 11127.34,
        "sgaExpense": 1885.193,
        "totalOperatingExpense": 1885.193
      },
      {
        "costOfGoodsSold": 6995.236,
        "dilutedAverageSharesOutstanding": 1257.562,
        "dilutedEPS": 0.61,
        "ebit": 1073.403,
        "grossIncome": 2830.523,
        "interestExpense": 16.496,
        "interestIncomeExpense": 9.237,
        "netIncome": 762.253,
        "netIncomeAfterTaxes": 762.253,
        "nonRecurringItems": -36.122,
        "period": "2018-11-03",
        "pretaxIncome": 1046.518,
        "provisionforIncomeTaxes": 284.265,
        "revenue": 9825.759,
        "sgaExpense": 1757.12,
        "totalOperatingExpense": 1757.12
      },
      {
        "costOfGoodsSold": 6657.415,
        "dilutedAverageSharesOutstanding": 1265.92,
        "dilutedEPS": 0.58,
        "ebit": 957.581,
        "grossIncome": 2673.7,
        "interestExpense": 15.955,
        "interestIncomeExpense": 34.976,
        "netIncome": 739.626,
        "netIncomeAfterTaxes": 739.626,
        "period": "2018-08-04",
        "pretaxIncome": 992.557,
        "provisionforIncomeTaxes": 252.931,
        "revenue": 9331.115,
        "sgaExpense": 1716.119,
        "totalOperatingExpense": 1716.119
      },
      {
        "costOfGoodsSold": 6214.531,
        "dilutedAverageSharesOutstanding": 1268.872,
        "dilutedEPS": 0.56,
        "ebit": 925.206,
        "grossIncome": 2474.189,
        "interestExpense": 15.717,
        "interestIncomeExpense": 30.352,
        "netIncome": 716.381,
        "netIncomeAfterTaxes": 716.381,
        "period": "2018-05-05",
        "pretaxIncome": 955.558,
        "provisionforIncomeTaxes": 239.177,
        "revenue": 8688.72,
        "sgaExpense": 1548.983,
        "totalOperatingExpense": 1548.983
      },
      {
        "costOfGoodsSold": 7870.067,
        "dilutedAverageSharesOutstanding": 1276.808,
        "dilutedEPS": 0.68,
        "ebit": 1200.079,
        "grossIncome": 3090.653,
        "interestExpense": 15.942,
        "interestIncomeExpense": 11.551,
        "netIncome": 877.276,
        "netIncomeAfterTaxes": 789.276,
        "nonRecurringItems": -99.25,
        "period": "2018-02-03",
        "pretaxIncome": 1112.38,
        "provisionforIncomeTaxes": 323.104,
        "revenue": 10960.72,
        "sgaExpense": 1890.574,
        "totalOperatingExpense": 1890.574
      },
      {
        "costOfGoodsSold": 6131.409,
        "dilutedAverageSharesOutstanding": 1285.762,
        "dilutedEPS": 0.5,
        "ebit": 1045.138,
        "grossIncome": 2630.811,
        "interestExpense": 16.283,
        "interestIncomeExpense": -25.138,
        "netIncome": 641.436,
        "netIncomeAfterTaxes": 641.436,
        "period": "2017-10-28",
        "pretaxIncome": 1020,
        "provisionforIncomeTaxes": 378.564,
        "revenue": 8762.22,
        "sgaExpense": 1585.673,
        "totalOperatingExpense": 1585.673
      },
      {
        "costOfGoodsSold": 6019.812,
        "dilutedAverageSharesOutstanding": 1296.634,
        "dilutedEPS": 0.43,
        "ebit": 848.649,
        "grossIncome": 2337.888,
        "interestExpense": 16.038,
        "interestIncomeExpense": 43.051,
        "netIncome": 552.957,
        "netIncomeAfterTaxes": 552.957,
        "period": "2017-07-29",
        "pretaxIncome": 891.7,
        "provisionforIncomeTaxes": 338.743,
        "revenue": 8357.7,
        "sgaExpense": 1489.239,
        "totalOperatingExpense": 1489.239
      },
      {
        "costOfGoodsSold": 5521.861,
        "dilutedAverageSharesOutstanding": 1309.598,
        "dilutedEPS": 0.41,
        "ebit": 853.785,
        "grossIncome": 2262.163,
        "interestExpense": 16.032,
        "interestIncomeExpense": -21.277,
        "netIncome": 536.279,
        "netIncomeAfterTaxes": 536.279,
        "period": "2017-04-29",
        "pretaxIncome": 832.508,
        "provisionforIncomeTaxes": 296.229,
        "revenue": 7784.024,
        "sgaExpense": 1408.378,
        "totalOperatingExpense": 1408.378
      },
      {
        "costOfGoodsSold": 6789.78,
        "dilutedAverageSharesOutstanding": 1315.664,
        "dilutedEPS": 0.52,
        "ebit": 1106.857,
        "grossIncome": 2677.867,
        "interestExpense": 15.171,
        "interestIncomeExpense": -13.198,
        "netIncome": 677.928,
        "netIncomeAfterTaxes": 677.928,
        "nonRecurringItems": 0,
        "period": "2017-01-28",
        "pretaxIncome": 1093.659,
        "provisionforIncomeTaxes": 415.731,
        "revenue": 9467.647,
        "sgaExpense": 1571.01,
        "totalOperatingExpense": 1571.01
      },
      {
        "costOfGoodsSold": 5822.438,
        "dilutedAverageSharesOutstanding": 1323.442,
        "dilutedEPS": 0.42,
        "ebit": 996.127,
        "grossIncome": 2469.25,
        "interestExpense": 16.958,
        "interestIncomeExpense": -23.348,
        "netIncome": 549.786,
        "netIncomeAfterTaxes": 549.786,
        "nonRecurringItems": -82.946,
        "period": "2016-10-29",
        "pretaxIncome": 889.833,
        "provisionforIncomeTaxes": 340.047,
        "revenue": 8291.688,
        "sgaExpense": 1473.123,
        "totalOperatingExpense": 1473.123
      },
      {
        "costOfGoodsSold": 5535.736,
        "dilutedAverageSharesOutstanding": 1333.212,
        "dilutedEPS": 0.42,
        "ebit": 938.906,
        "grossIncome": 2346.317,
        "interestExpense": 14.556,
        "interestIncomeExpense": -24.324,
        "netIncome": 562.174,
        "netIncomeAfterTaxes": 562.174,
        "period": "2016-07-30",
        "pretaxIncome": 914.582,
        "provisionforIncomeTaxes": 352.408,
        "revenue": 7882.053,
        "sgaExpense": 1407.411,
        "totalOperatingExpense": 1407.411
      },
      {
        "costOfGoodsSold": 5416.952,
        "dilutedAverageSharesOutstanding": 1340.776,
        "dilutedEPS": 0.38,
        "ebit": 791.231,
        "grossIncome": 2125.404,
        "interestExpense": 14.986,
        "interestIncomeExpense": 33.738,
        "netIncome": 508.346,
        "netIncomeAfterTaxes": 508.346,
        "period": "2016-04-30",
        "pretaxIncome": 824.969,
        "provisionforIncomeTaxes": 316.623,
        "revenue": 7542.356,
        "sgaExpense": 1334.173,
        "totalOperatingExpense": 1334.173
      },
      {
        "costOfGoodsSold": 6388.192,
        "dilutedAverageSharesOutstanding": 1349.576,
        "dilutedEPS": 0.49,
        "ebit": 1076.764,
        "grossIncome": 2573.883,
        "interestExpense": 15.12,
        "interestIncomeExpense": -10.963,
        "netIncome": 666.466,
        "netIncomeAfterTaxes": 666.466,
        "nonRecurringItems": 0,
        "period": "2016-01-30",
        "pretaxIncome": 1065.801,
        "provisionforIncomeTaxes": 399.335,
        "revenue": 8962.075,
        "sgaExpense": 1497.119,
        "totalOperatingExpense": 1497.119
      },
      {
        "costOfGoodsSold": 5503.993,
        "dilutedAverageSharesOutstanding": 1361.688,
        "dilutedEPS": 0.43,
        "ebit": 956.371,
        "grossIncome": 2249.502,
        "interestExpense": 15.916,
        "interestIncomeExpense": -15.181,
        "netIncome": 587.256,
        "netIncomeAfterTaxes": 587.256,
        "period": "2015-10-31",
        "pretaxIncome": 941.19,
        "provisionforIncomeTaxes": 353.934,
        "revenue": 7753.495,
        "sgaExpense": 1293.131,
        "totalOperatingExpense": 1293.131
      },
      {
        "costOfGoodsSold": 5209.487,
        "dilutedAverageSharesOutstanding": 1370.644,
        "dilutedEPS": 0.4,
        "ebit": 912.37,
        "grossIncome": 2154.244,
        "interestExpense": 14.265,
        "interestIncomeExpense": -26.176,
        "netIncome": 549.335,
        "netIncomeAfterTaxes": 549.335,
        "nonRecurringItems": 0,
        "period": "2015-08-01",
        "pretaxIncome": 886.194,
        "provisionforIncomeTaxes": 336.859,
        "revenue": 7363.731,
        "sgaExpense": 1241.874,
        "totalOperatingExpense": 1241.874
      }
    ],
    "symbol": "TJX"
  }
}