{
  "symbol": "TXN",
  "statement": "ic",
  "frequency": "annual",
  "timestamp": "2025-09-19T14:07:26.976838",
  "data": {
    "financials": [
      {
        "costOfGoodsSold": 6547,
        "dilutedAverageSharesOutstanding": 919,
        "dilutedEPS": 5.2,
        "ebit": 5341,
        "grossIncome": 9094,
        "interestExpense": 508,
        "interestIncomeExpense": -508,
        "netIncome": 4775,
        "netIncomeAfterTaxes": 4799,
        "nonRecurringItems": 124,
        "period": "2024-12-31",
        "pretaxIncome": 5453,
        "provisionforIncomeTaxes": 654,
        "researchDevelopment": 1959,
        "revenue": 15641,
        "sgaExpense": 1794,
        "totalOperatingExpense": 3753,
        "totalOtherIncomeExpenseNet": 496,
        "year": 2024
      },
      {
        "costOfGoodsSold": 6500,
        "depreciationAmortization": 0,
        "dilutedAverageSharesOutstanding": 916,
        "dilutedEPS": 7.07,
        "ebit": 7331,
        "grossIncome": 11019,
        "interestExpense": 353,
        "interestIncomeExpense": -353,
        "netIncome": 6477,
        "netIncomeAfterTaxes": 6510,
        "nonRecurringItems": 0,
        "period": "2023-12-31",
        "pretaxIncome": 7418,
        "provisionforIncomeTaxes": 908,
        "researchDevelopment": 1863,
        "revenue": 17519,
        "sgaExpense": 1825,
        "totalOperatingExpense": 3688,
        "totalOtherIncomeExpenseNet": 440,
        "year": 2023
      },
      {
        "costOfGoodsSold": 6257,
        "depreciationAmortization": 0,
        "dilutedAverageSharesOutstanding": 926,
        "dilutedEPS": 9.41,
        "ebit": 10397,
        "grossIncome": 13771,
        "interestExpense": 214,
        "interestIncomeExpense": -214,
        "netIncome": 8710,
        "netIncomeAfterTaxes": 8749,
        "nonRecurringItems": -257,
        "period": "2022-12-31",
        "pretaxIncome": 10032,
        "provisionforIncomeTaxes": 1283,
        "researchDevelopment": 1670,
        "revenue": 20028,
        "sgaExpense": 1704,
        "totalOperatingExpense": 3374,
        "totalOtherIncomeExpenseNet": 106,
        "year": 2022
      },
      {
        "costOfGoodsSold": 5968,
        "depreciationAmortization": 142,
        "dilutedAverageSharesOutstanding": 936,
        "dilutedEPS": 8.26,
        "ebit": 9014,
        "grossIncome": 12376,
        "interestExpense": 184,
        "interestIncomeExpense": -184,
        "netIncome": 7736,
        "netIncomeAfterTaxes": 7769,
        "nonRecurringItems": -54,
        "period": "2021-12-31",
        "pretaxIncome": 8919,
        "provisionforIncomeTaxes": 1150,
        "researchDevelopment": 1554,
        "revenue": 18344,
        "sgaExpense": 1666,
        "totalOperatingExpense": 3362,
        "totalOtherIncomeExpenseNet": 143,
        "year": 2021
      },
      {
        "costOfGoodsSold": 5192,
        "depreciationAmortization": 198,
        "dilutedAverageSharesOutstanding": 933,
        "dilutedEPS": 5.97,
        "ebit": 5918,
        "grossIncome": 9269,
        "interestExpense": 190,
        "interestIncomeExpense": -190,
        "netIncome": 5568,
        "netIncomeAfterTaxes": 5595,
        "nonRecurringItems": -24,
        "period": "2020-12-31",
        "pretaxIncome": 6017,
        "provisionforIncomeTaxes": 422,
        "researchDevelopment": 1530,
        "revenue": 14461,
        "sgaExpense": 1623,
        "totalOperatingExpense": 3351,
        "totalOtherIncomeExpenseNet": 313,
        "year": 2020
      },
      {
        "costOfGoodsSold": 5219,
        "depreciationAmortization": 288,
        "dilutedAverageSharesOutstanding": 952,
        "dilutedEPS": 5.24,
        "ebit": 5687,
        "grossIncome": 9164,
        "interestExpense": 170,
        "interestIncomeExpense": -170,
        "netIncome": 4986,
        "netIncomeAfterTaxes": 5017,
        "nonRecurringItems": 36,
        "period": "2019-12-31",
        "pretaxIncome": 5728,
        "provisionforIncomeTaxes": 711,
        "researchDevelopment": 1544,
        "revenue": 14383,
        "sgaExpense": 1645,
        "totalOperatingExpense": 3477,
        "totalOtherIncomeExpenseNet": 175,
        "year": 2019
      },
      {
        "costOfGoodsSold": 5507,
        "depreciationAmortization": 318,
        "dilutedAverageSharesOutstanding": 990,
        "dilutedEPS": 5.59,
        "ebit": 6716,
        "grossIncome": 10277,
        "interestExpense": 125,
        "interestIncomeExpense": -125,
        "netIncome": 5538,
        "netIncomeAfterTaxes": 5536,
        "nonRecurringItems": -3,
        "period": "2018-12-31",
        "pretaxIncome": 6686,
        "provisionforIncomeTaxes": 1150,
        "researchDevelopment": 1559,
        "revenue": 15784,
        "sgaExpense": 1684,
        "totalOperatingExpense": 3561,
        "totalOtherIncomeExpenseNet": 98,
        "year": 2018
      },
      {
        "costOfGoodsSold": 5347,
        "depreciationAmortization": 318,
        "dilutedAverageSharesOutstanding": 1012.046,
        "dilutedEPS": 3.6,
        "ebit": 6094,
        "grossIncome": 9614,
        "interestExpense": 78,
        "interestIncomeExpense": -78,
        "netIncome": 3649,
        "netIncomeAfterTaxes": 3741,
        "nonRecurringItems": -11,
        "period": "2017-12-31",
        "pretaxIncome": 6080,
        "provisionforIncomeTaxes": 2339,
        "researchDevelopment": 1508,
        "revenue": 14961,
        "sgaExpense": 1694,
        "totalOperatingExpense": 3520,
        "totalOtherIncomeExpenseNet": 75,
        "year": 2017
      },
      {
        "costOfGoodsSold": 5113,
        "depreciationAmortization": 319,
        "dilutedAverageSharesOutstanding": 1021.046,
        "dilutedEPS": 3.48,
        "ebit": 4840,
        "grossIncome": 8257,
        "interestExpense": 80,
        "interestIncomeExpense": -80,
        "netIncome": 3551,
        "netIncomeAfterTaxes": 3595,
        "nonRecurringItems": 15,
        "period": "2016-12-31",
        "pretaxIncome": 4930,
        "provisionforIncomeTaxes": 1335,
        "researchDevelopment": 1356,
        "revenue": 13370,
        "sgaExpense": 1742,
        "totalOperatingExpense": 3417,
        "totalOtherIncomeExpenseNet": 155,
        "year": 2016
      },
      {
        "costOfGoodsSold": 5425,
        "depreciationAmortization": 329,
        "dilutedAverageSharesOutstanding": 1043.047,
        "dilutedEPS": 2.82,
        "ebit": 4251,
        "grossIncome": 7575,
        "interestExpense": 90,
        "interestIncomeExpense": -90,
        "netIncome": 2944,
        "netIncomeAfterTaxes": 2986,
        "nonRecurringItems": 71,
        "period": "2015-12-31",
        "pretaxIncome": 4216,
        "provisionforIncomeTaxes": 1230,
        "researchDevelopment": 1267,
        "revenue": 13000,
        "sgaExpense": 1728,
        "totalOperatingExpense": 3324,
        "totalOtherIncomeExpenseNet": -16,
        "year": 2015
      }
    ],
    "symbol": "TXN"
  }
}