{
  "symbol": "NRG",
  "statement": "ic",
  "frequency": "annual",
  "timestamp": "2025-09-19T14:04:49.811273",
  "data": {
    "financials": [
      {
        "costOfGoodsSold": 22100,
        "depreciationAmortization": 1403,
        "dilutedAverageSharesOutstanding": 212,
        "dilutedEPS": 4.9906,
        "ebit": 2282,
        "grossIncome": 6030,
        "interestExpense": 651,
        "interestIncomeExpense": -631,
        "netIncome": 1058,
        "netIncomeAfterTaxes": 1125,
        "nonRecurringItems": -247,
        "period": "2024-12-31",
        "pretaxIncome": 1448,
        "provisionforIncomeTaxes": 323,
        "revenue": 28130,
        "sgaExpense": 2345,
        "totalOperatingExpense": 3748,
        "totalOtherIncomeExpenseNet": 44,
        "year": 2024
      },
      {
        "costOfGoodsSold": 26526,
        "depreciationAmortization": 1127,
        "dilutedAverageSharesOutstanding": 228,
        "dilutedEPS": -1.1228,
        "ebit": -1049,
        "grossIncome": 2297,
        "interestExpense": 667,
        "interestIncomeExpense": -651,
        "netIncome": -256,
        "netIncomeAfterTaxes": -202,
        "nonRecurringItems": 1440,
        "period": "2023-12-31",
        "pretaxIncome": -213,
        "provisionforIncomeTaxes": -11,
        "revenue": 28823,
        "sgaExpense": 2219,
        "totalOperatingExpense": 3346,
        "totalOtherIncomeExpenseNet": 47,
        "year": 2023
      },
      {
        "costOfGoodsSold": 27446,
        "depreciationAmortization": 634,
        "dilutedAverageSharesOutstanding": 236,
        "dilutedEPS": 5.17,
        "ebit": 2224,
        "grossIncome": 4097,
        "interestExpense": 417,
        "interestIncomeExpense": -411,
        "netIncome": 1221,
        "netIncomeAfterTaxes": 1221,
        "nonRecurringItems": -206,
        "period": "2022-12-31",
        "pretaxIncome": 1663,
        "provisionforIncomeTaxes": 442,
        "revenue": 31543,
        "sgaExpense": 1239,
        "totalOperatingExpense": 1873,
        "totalOtherIncomeExpenseNet": 56,
        "year": 2022
      },
      {
        "costOfGoodsSold": 20482,
        "depreciationAmortization": 785,
        "dilutedAverageSharesOutstanding": 245,
        "dilutedEPS": 8.93,
        "ebit": 3731,
        "grossIncome": 6507,
        "interestExpense": 485,
        "interestIncomeExpense": -468,
        "minorityInterest": 0,
        "netIncome": 2187,
        "netIncomeAfterTaxes": 2187,
        "nonRecurringItems": -467,
        "period": "2021-12-31",
        "pretaxIncome": 2859,
        "provisionforIncomeTaxes": 672,
        "revenue": 26989,
        "sgaExpense": 1991,
        "totalOperatingExpense": 2776,
        "totalOtherIncomeExpenseNet": 63,
        "year": 2021
      },
      {
        "costOfGoodsSold": 6540,
        "depreciationAmortization": 435,
        "dilutedAverageSharesOutstanding": 246,
        "dilutedEPS": 2.07,
        "ebit": 1194,
        "grossIncome": 2553,
        "interestExpense": 401,
        "interestIncomeExpense": -384,
        "minorityInterest": 0,
        "netIncome": 510,
        "netIncomeAfterTaxes": 510,
        "nonRecurringItems": -116,
        "period": "2020-12-31",
        "pretaxIncome": 761,
        "provisionforIncomeTaxes": 251,
        "researchDevelopment": 8,
        "revenue": 9093,
        "sgaExpense": 916,
        "totalOperatingExpense": 1359,
        "totalOtherIncomeExpenseNet": 67,
        "year": 2020
      },
      {
        "costOfGoodsSold": 7303,
        "depreciationAmortization": 373,
        "dilutedAverageSharesOutstanding": 264,
        "dilutedEPS": 16.81,
        "ebit": 1311,
        "grossIncome": 2518,
        "interestExpense": 413,
        "interestIncomeExpense": -411,
        "minorityInterest": -3,
        "netIncome": 4438,
        "netIncomeAfterTaxes": 4120,
        "nonRecurringItems": -180,
        "period": "2019-12-31",
        "pretaxIncome": 786,
        "provisionforIncomeTaxes": -3334,
        "researchDevelopment": 7,
        "revenue": 9821,
        "sgaExpense": 827,
        "totalOperatingExpense": 1207,
        "totalOtherIncomeExpenseNet": 66,
        "year": 2019
      },
      {
        "costOfGoodsSold": 7108,
        "depreciationAmortization": 421,
        "dilutedAverageSharesOutstanding": 308,
        "dilutedEPS": 0.87,
        "ebit": 1139,
        "grossIncome": 2370,
        "interestExpense": 483,
        "interestIncomeExpense": -474,
        "minorityInterest": 0,
        "netIncome": 268,
        "netIncomeAfterTaxes": 460,
        "nonRecurringItems": -216,
        "otherOperatingExpensesTotal": 0,
        "period": "2018-12-31",
        "pretaxIncome": 467,
        "provisionforIncomeTaxes": 7,
        "researchDevelopment": 11,
        "revenue": 9478,
        "sgaExpense": 799,
        "totalOperatingExpense": 1231,
        "totalOtherIncomeExpenseNet": 18,
        "year": 2018
      },
      {
        "costOfGoodsSold": 6886,
        "depreciationAmortization": 596,
        "dilutedAverageSharesOutstanding": 317,
        "dilutedEPS": -6.79,
        "ebit": 821,
        "grossIncome": 2188,
        "interestExpense": 557,
        "interestIncomeExpense": -571,
        "minorityInterest": 184,
        "netIncome": -2153,
        "netIncomeAfterTaxes": -1345,
        "nonRecurringItems": -1690,
        "otherOperatingExpensesTotal": -87,
        "period": "2017-12-31",
        "pretaxIncome": -1389,
        "provisionforIncomeTaxes": -44,
        "researchDevelopment": 22,
        "revenue": 9074,
        "sgaExpense": 836,
        "totalOperatingExpense": 1367,
        "totalOtherIncomeExpenseNet": 51,
        "year": 2017
      },
      {
        "costOfGoodsSold": 6676,
        "depreciationAmortization": 756,
        "dilutedAverageSharesOutstanding": 316,
        "dilutedEPS": -2.21,
        "ebit": 596,
        "grossIncome": 2239,
        "interestExpense": 583,
        "interestIncomeExpense": -601,
        "minorityInterest": 117,
        "netIncome": -701,
        "netIncomeAfterTaxes": -956,
        "nonRecurringItems": -973,
        "otherOperatingExpensesTotal": -193,
        "period": "2016-12-31",
        "pretaxIncome": -931,
        "provisionforIncomeTaxes": 25,
        "researchDevelopment": 48,
        "revenue": 8915,
        "sgaExpense": 1032,
        "totalOperatingExpense": 1643,
        "totalOtherIncomeExpenseNet": 47,
        "year": 2016
      },
      {
        "costOfGoodsSold": 9000,
        "depreciationAmortization": 1351,
        "dilutedAverageSharesOutstanding": 329,
        "dilutedEPS": -19.45,
        "ebit": 788,
        "grossIncome": 3328,
        "interestExpense": 937,
        "interestIncomeExpense": -915,
        "minorityInterest": 54,
        "netIncome": -6402,
        "netIncomeAfterTaxes": -6331,
        "nonRecurringItems": -4885,
        "otherOperatingExpensesTotal": -193,
        "period": "2015-12-31",
        "pretaxIncome": -4986,
        "provisionforIncomeTaxes": 1345,
        "researchDevelopment": 154,
        "revenue": 12328,
        "sgaExpense": 1228,
        "totalOperatingExpense": 2540,
        "totalOtherIncomeExpenseNet": 26,
        "year": 2015
      }
    ],
    "symbol": "NRG"
  }
}