{
  "symbol": "NDSN",
  "statement": "ic",
  "frequency": "annual",
  "timestamp": "2025-09-19T14:04:42.209641",
  "data": {
    "financials": [
      {
        "costOfGoodsSold": 1203.792,
        "dilutedAverageSharesOutstanding": 57.616,
        "dilutedEPS": 8.1103,
        "ebit": 674.001,
        "grossIncome": 1486.129,
        "interestExpense": 88.924,
        "interestIncomeExpense": -84.011,
        "netIncome": 467.284,
        "netIncomeAfterTaxes": 467.284,
        "period": "2024-10-31",
        "pretaxIncome": 585.481,
        "provisionforIncomeTaxes": 118.197,
        "revenue": 2689.921,
        "sgaExpense": 812.128,
        "totalOperatingExpense": 812.128,
        "totalOtherIncomeExpenseNet": -4.509,
        "year": 2024
      },
      {
        "costOfGoodsSold": 1203.227,
        "dilutedAverageSharesOutstanding": 57.631,
        "dilutedEPS": 8.4589,
        "ebit": 672.761,
        "grossIncome": 1425.405,
        "interestExpense": 59.505,
        "interestIncomeExpense": -56.825,
        "netIncome": 487.493,
        "netIncomeAfterTaxes": 487.493,
        "period": "2023-10-31",
        "pretaxIncome": 615.339,
        "provisionforIncomeTaxes": 127.846,
        "revenue": 2628.632,
        "sgaExpense": 752.644,
        "totalOperatingExpense": 752.644,
        "totalOtherIncomeExpenseNet": -0.597,
        "year": 2023
      },
      {
        "costOfGoodsSold": 1163.7,
        "dilutedAverageSharesOutstanding": 58.2,
        "dilutedEPS": 8.81,
        "ebit": 702.4,
        "grossIncome": 1426.5,
        "interestExpense": 22.413,
        "interestIncomeExpense": -20.4,
        "netIncome": 513.1,
        "netIncomeAfterTaxes": 513.1,
        "nonRecurringItems": 0,
        "period": "2022-10-31",
        "pretaxIncome": 649.3,
        "provisionforIncomeTaxes": 136.2,
        "revenue": 2590.3,
        "sgaExpense": 724.2,
        "totalOperatingExpense": 724.2,
        "totalOtherIncomeExpenseNet": -32.7,
        "year": 2022
      },
      {
        "costOfGoodsSold": 1038.1,
        "dilutedAverageSharesOutstanding": 58.7,
        "dilutedEPS": 7.74,
        "ebit": 615.1,
        "grossIncome": 1324.1,
        "interestExpense": 25.491,
        "interestIncomeExpense": -23.3,
        "netIncome": 454.4,
        "netIncomeAfterTaxes": 454.4,
        "nonRecurringItems": 0,
        "period": "2021-10-31",
        "pretaxIncome": 574.2,
        "provisionforIncomeTaxes": 119.8,
        "revenue": 2362.2,
        "sgaExpense": 709,
        "totalOperatingExpense": 709,
        "totalOtherIncomeExpenseNet": -17.6,
        "year": 2021
      },
      {
        "costOfGoodsSold": 990.6,
        "dilutedAverageSharesOutstanding": 58.5,
        "dilutedEPS": 4.27,
        "ebit": 436.9,
        "grossIncome": 1130.5,
        "interestExpense": 32.16,
        "interestIncomeExpense": -30.5,
        "netIncome": 249.5,
        "netIncomeAfterTaxes": 249.5,
        "nonRecurringItems": -87.4,
        "period": "2020-10-31",
        "pretaxIncome": 301.5,
        "provisionforIncomeTaxes": 52,
        "revenue": 2121.1,
        "sgaExpense": 693.6,
        "totalOperatingExpense": 693.6,
        "totalOtherIncomeExpenseNet": -17.6,
        "year": 2020
      },
      {
        "costOfGoodsSold": 1002.1,
        "dilutedAverageSharesOutstanding": 58.2,
        "dilutedEPS": 5.79,
        "ebit": 483.1,
        "grossIncome": 1192.1,
        "interestExpense": 47.145,
        "interestIncomeExpense": -45.3,
        "netIncome": 337.1,
        "netIncomeAfterTaxes": 342,
        "period": "2019-10-31",
        "pretaxIncome": 431.1,
        "provisionforIncomeTaxes": 89.1,
        "revenue": 2194.2,
        "sgaExpense": 709,
        "totalOperatingExpense": 709,
        "totalOtherIncomeExpenseNet": -6.7,
        "year": 2019
      },
      {
        "costOfGoodsSold": 1018.3,
        "dilutedAverageSharesOutstanding": 58.9,
        "dilutedEPS": 6.4,
        "ebit": 502.6,
        "grossIncome": 1236.3,
        "interestExpense": 49.576,
        "interestIncomeExpense": -47.1,
        "netIncome": 377.4,
        "netIncomeAfterTaxes": 355.9,
        "nonRecurringItems": 2.5,
        "period": "2018-10-31",
        "pretaxIncome": 448.5,
        "provisionforIncomeTaxes": 92.6,
        "revenue": 2254.7,
        "sgaExpense": 733.7,
        "totalOperatingExpense": 733.8,
        "totalOtherIncomeExpenseNet": -9.5,
        "year": 2018
      },
      {
        "costOfGoodsSold": 927.7,
        "dilutedAverageSharesOutstanding": 58.2,
        "dilutedEPS": 5.08,
        "ebit": 466.4,
        "grossIncome": 1139.3,
        "interestExpense": 36.601,
        "interestIncomeExpense": -35.5,
        "netIncome": 295.8,
        "netIncomeAfterTaxes": 295.8,
        "period": "2017-10-31",
        "pretaxIncome": 420.3,
        "provisionforIncomeTaxes": 124.5,
        "revenue": 2067,
        "sgaExpense": 672.9,
        "totalOperatingExpense": 672.9,
        "totalOtherIncomeExpenseNet": -10.6,
        "year": 2017
      },
      {
        "costOfGoodsSold": 815.5,
        "dilutedAverageSharesOutstanding": 57.5,
        "dilutedEPS": 4.73,
        "ebit": 399.2,
        "grossIncome": 993.5,
        "interestExpense": 21.322,
        "interestIncomeExpense": -18.6,
        "netIncome": 271.8,
        "netIncomeAfterTaxes": 271.8,
        "nonRecurringItems": -11.5,
        "period": "2016-10-31",
        "pretaxIncome": 368.5,
        "provisionforIncomeTaxes": 96.7,
        "revenue": 1809,
        "sgaExpense": 594.3,
        "totalOperatingExpense": 594.3,
        "totalOtherIncomeExpenseNet": -0.6,
        "year": 2016
      },
      {
        "costOfGoodsSold": 774.7,
        "dilutedAverageSharesOutstanding": 61.2,
        "dilutedEPS": 3.45,
        "ebit": 329.1,
        "gainLossOnDispositionOfAssets": -0.7,
        "grossIncome": 914,
        "interestExpense": 18.104,
        "interestIncomeExpense": -17.5,
        "netIncome": 211.1,
        "netIncomeAfterTaxes": 211.1,
        "nonRecurringItems": -9.8,
        "period": "2015-10-31",
        "pretaxIncome": 300.9,
        "provisionforIncomeTaxes": 89.8,
        "revenue": 1688.7,
        "sgaExpense": 584.8,
        "totalOperatingExpense": 584.8,
        "totalOtherIncomeExpenseNet": -0.3,
        "year": 2015
      }
    ],
    "symbol": "NDSN"
  }
}