{
  "symbol": "PTC",
  "statement": "ic",
  "frequency": "annual",
  "timestamp": "2025-09-19T14:05:52.467071",
  "data": {
    "financials": [
      {
        "costOfGoodsSold": 444.816,
        "depreciationAmortization": 42.018,
        "dilutedAverageSharesOutstanding": 120.742,
        "dilutedEPS": 3.1168,
        "ebit": 590.36,
        "grossIncome": 1853.656,
        "interestExpense": 119.653,
        "interestIncomeExpense": -115.253,
        "netIncome": 376.333,
        "netIncomeAfterTaxes": 376.333,
        "nonRecurringItems": -2.298,
        "period": "2024-09-30",
        "pretaxIncome": 468.962,
        "provisionforIncomeTaxes": 92.629,
        "researchDevelopment": 433.047,
        "revenue": 2298.472,
        "sgaExpense": 788.231,
        "totalOperatingExpense": 1263.296,
        "totalOtherIncomeExpenseNet": -3.847,
        "year": 2024
      },
      {
        "costOfGoodsSold": 441,
        "depreciationAmortization": 40,
        "dilutedAverageSharesOutstanding": 119.3,
        "dilutedEPS": 2.06,
        "ebit": 476.7,
        "grossIncome": 1656,
        "interestExpense": 129.417,
        "interestIncomeExpense": -124,
        "netIncome": 245.5,
        "netIncomeAfterTaxes": 245.5,
        "nonRecurringItems": -18.2,
        "period": "2023-09-30",
        "pretaxIncome": 332.6,
        "provisionforIncomeTaxes": 87,
        "researchDevelopment": 394.4,
        "revenue": 2097.1,
        "sgaExpense": 744.9,
        "totalOperatingExpense": 1179.4,
        "totalOtherIncomeExpenseNet": -1.9,
        "year": 2023
      },
      {
        "costOfGoodsSold": 386,
        "depreciationAmortization": 35,
        "dilutedAverageSharesOutstanding": 118.2,
        "dilutedEPS": 2.65,
        "ebit": 496.8,
        "grossIncome": 1547.4,
        "interestExpense": 54.268,
        "interestIncomeExpense": -51.8,
        "netIncome": 313.1,
        "netIncomeAfterTaxes": 313.1,
        "nonRecurringItems": -49.4,
        "period": "2022-09-30",
        "pretaxIncome": 397.1,
        "provisionforIncomeTaxes": 84,
        "researchDevelopment": 338.8,
        "revenue": 1933.3,
        "sgaExpense": 676.8,
        "totalOperatingExpense": 1050.6,
        "totalOtherIncomeExpenseNet": 1.5,
        "year": 2022
      },
      {
        "costOfGoodsSold": 371.1,
        "depreciationAmortization": 29.4,
        "dilutedAverageSharesOutstanding": 118.4,
        "dilutedEPS": 4.03,
        "ebit": 397.9,
        "grossIncome": 1436.1,
        "interestExpense": 50.478,
        "interestIncomeExpense": -48.7,
        "netIncome": 476.9,
        "netIncomeAfterTaxes": 476.9,
        "nonRecurringItems": -17.2,
        "period": "2021-09-30",
        "pretaxIncome": 391.8,
        "provisionforIncomeTaxes": -85.2,
        "researchDevelopment": 299.9,
        "revenue": 1807.2,
        "sgaExpense": 708.8,
        "totalOperatingExpense": 1038.1,
        "totalOtherIncomeExpenseNet": 59.7,
        "year": 2021
      },
      {
        "costOfGoodsSold": 334.3,
        "depreciationAmortization": 28.7,
        "dilutedAverageSharesOutstanding": 116.3,
        "dilutedEPS": 1.12,
        "ebit": 252.2,
        "grossIncome": 1124.1,
        "interestExpense": 76.428,
        "interestIncomeExpense": -72.6,
        "netIncome": 130.7,
        "netIncomeAfterTaxes": 130.7,
        "nonRecurringItems": -41.3,
        "period": "2020-09-30",
        "pretaxIncome": 134.7,
        "provisionforIncomeTaxes": 4,
        "researchDevelopment": 256.6,
        "revenue": 1458.4,
        "sgaExpense": 586.7,
        "totalOperatingExpense": 872,
        "totalOtherIncomeExpenseNet": -3.5,
        "year": 2020
      },
      {
        "costOfGoodsSold": 325.4,
        "depreciationAmortization": 23.8,
        "dilutedAverageSharesOutstanding": 117.7,
        "dilutedEPS": -0.23,
        "ebit": 117.2,
        "grossIncome": 930.3,
        "interestExpense": 43.047,
        "interestIncomeExpense": -44.9,
        "netIncome": -27.5,
        "netIncomeAfterTaxes": -27.5,
        "nonRecurringItems": -54.2,
        "period": "2019-09-30",
        "pretaxIncome": 20.3,
        "provisionforIncomeTaxes": 47.8,
        "researchDevelopment": 246.9,
        "revenue": 1255.6,
        "sgaExpense": 542.3,
        "totalOperatingExpense": 813,
        "totalOtherIncomeExpenseNet": 2.1,
        "year": 2019
      },
      {
        "costOfGoodsSold": 326.5,
        "depreciationAmortization": 31.4,
        "dilutedAverageSharesOutstanding": 118.2,
        "dilutedEPS": 0.43,
        "ebit": 78.3,
        "grossIncome": 915.3,
        "interestExpense": 41.673,
        "interestIncomeExpense": -46.3,
        "netIncome": 52,
        "netIncomeAfterTaxes": 39.6,
        "nonRecurringItems": -5.7,
        "period": "2018-09-30",
        "pretaxIncome": 28.7,
        "provisionforIncomeTaxes": -10.9,
        "researchDevelopment": 249.8,
        "revenue": 1241.8,
        "sgaExpense": 555.9,
        "totalOperatingExpense": 837,
        "totalOtherIncomeExpenseNet": 2.3,
        "year": 2018
      },
      {
        "costOfGoodsSold": 328.5,
        "depreciationAmortization": 32.1,
        "dilutedAverageSharesOutstanding": 117.4,
        "dilutedEPS": 0.05,
        "ebit": 51.3,
        "grossIncome": 835.5,
        "interestExpense": 42.4,
        "interestIncomeExpense": -35.7,
        "netIncome": 6.2,
        "netIncomeAfterTaxes": 6.2,
        "nonRecurringItems": -9.5,
        "period": "2017-09-30",
        "pretaxIncome": -1.4,
        "provisionforIncomeTaxes": -7.6,
        "researchDevelopment": 236,
        "revenue": 1164,
        "sgaExpense": 516.1,
        "totalOperatingExpense": 784.3,
        "totalOtherIncomeExpenseNet": -7.5,
        "year": 2017
      },
      {
        "costOfGoodsSold": 325.7,
        "depreciationAmortization": 33.2,
        "dilutedAverageSharesOutstanding": 114.6,
        "dilutedEPS": -0.48,
        "ebit": 42.8,
        "grossIncome": 814.9,
        "interestExpense": 29.882,
        "interestIncomeExpense": -28.3,
        "netIncome": -54.5,
        "netIncomeAfterTaxes": -54.5,
        "nonRecurringItems": -79.8,
        "period": "2016-09-30",
        "pretaxIncome": -67.2,
        "provisionforIncomeTaxes": -12.7,
        "researchDevelopment": 229.3,
        "revenue": 1140.5,
        "sgaExpense": 509.6,
        "totalOperatingExpense": 772,
        "totalOtherIncomeExpenseNet": -1.8,
        "year": 2016
      },
      {
        "costOfGoodsSold": 334.7,
        "depreciationAmortization": 36.1,
        "dilutedAverageSharesOutstanding": 116,
        "dilutedEPS": 0.41,
        "ebit": 160.2,
        "grossIncome": 920.5,
        "interestExpense": 14.742,
        "interestIncomeExpense": -13.8,
        "netIncome": 47.6,
        "netIncomeAfterTaxes": 47.6,
        "nonRecurringItems": -118.6,
        "period": "2015-09-30",
        "pretaxIncome": 26.5,
        "provisionforIncomeTaxes": -21,
        "researchDevelopment": 227.5,
        "revenue": 1255.2,
        "sgaExpense": 496.6,
        "totalOperatingExpense": 760.3,
        "totalOtherIncomeExpenseNet": -1.3,
        "year": 2015
      }
    ],
    "symbol": "PTC"
  }
}