{
  "symbol": "BAX",
  "statement": "ic",
  "frequency": "quarterly",
  "timestamp": "2025-09-19T13:56:40.854752",
  "data": {
    "financials": [
      {
        "costOfGoodsSold": 1813,
        "depreciationAmortization": 50,
        "dilutedAverageSharesOutstanding": 514,
        "dilutedEPS": 0.17,
        "ebit": 226,
        "grossIncome": 997,
        "interestExpense": 72,
        "interestIncomeExpense": -68,
        "minorityInterest": 0,
        "netIncome": 91,
        "netIncomeAfterTaxes": 122,
        "nonRecurringItems": -35,
        "otherOperatingExpensesTotal": -52,
        "period": "2025-06-30",
        "pretaxIncome": 133,
        "provisionforIncomeTaxes": 11,
        "researchDevelopment": 134,
        "revenue": 2810,
        "sgaExpense": 639,
        "totalOperatingExpense": 771,
        "totalOtherIncomeExpenseNet": 10
      },
      {
        "costOfGoodsSold": 1751,
        "depreciationAmortization": 51,
        "dilutedAverageSharesOutstanding": 514,
        "dilutedEPS": 0.24,
        "ebit": 116,
        "grossIncome": 874,
        "interestExpense": 81,
        "interestIncomeExpense": -74,
        "minorityInterest": 0,
        "netIncome": 126,
        "netIncomeAfterTaxes": 64,
        "nonRecurringItems": -58,
        "otherOperatingExpensesTotal": -40,
        "period": "2025-03-31",
        "pretaxIncome": -3,
        "provisionforIncomeTaxes": -67,
        "researchDevelopment": 139,
        "revenue": 2625,
        "sgaExpense": 608,
        "totalOperatingExpense": 758,
        "totalOtherIncomeExpenseNet": 13
      },
      {
        "costOfGoodsSold": 1737,
        "depreciationAmortization": 51,
        "dilutedAverageSharesOutstanding": 513,
        "dilutedEPS": -0.99,
        "ebit": 132,
        "grossIncome": 1016,
        "interestExpense": 100,
        "interestIncomeExpense": -94,
        "minorityInterest": -2,
        "netIncome": -512,
        "netIncomeAfterTaxes": -488,
        "nonRecurringItems": -567,
        "otherOperatingExpensesTotal": -3,
        "period": "2024-12-31",
        "pretaxIncome": -521,
        "provisionforIncomeTaxes": -33,
        "researchDevelopment": 181,
        "revenue": 2753,
        "sgaExpense": 655,
        "totalOperatingExpense": 884,
        "totalOtherIncomeExpenseNet": 8
      },
      {
        "costOfGoodsSold": 1666,
        "dilutedAverageSharesOutstanding": 512,
        "dilutedEPS": 0.27,
        "ebit": 155,
        "grossIncome": 1033,
        "interestExpense": 101,
        "interestIncomeExpense": -87,
        "minorityInterest": -4,
        "netIncome": 140,
        "netIncomeAfterTaxes": 61,
        "otherOperatingExpensesTotal": -5,
        "period": "2024-09-30",
        "pretaxIncome": 69,
        "provisionforIncomeTaxes": 8,
        "researchDevelopment": 129,
        "revenue": 2699,
        "sgaExpense": 754,
        "totalOperatingExpense": 878,
        "totalOtherIncomeExpenseNet": 1
      },
      {
        "costOfGoodsSold": 2372,
        "depreciationAmortization": 52,
        "dilutedAverageSharesOutstanding": 510,
        "dilutedEPS": -0.62,
        "ebit": 333,
        "grossIncome": 1440,
        "interestExpense": 104,
        "interestIncomeExpense": -85,
        "minorityInterest": -3,
        "netIncome": -314,
        "netIncomeAfterTaxes": -311,
        "nonRecurringItems": -525,
        "otherOperatingExpensesTotal": -2,
        "period": "2024-06-30",
        "pretaxIncome": -257,
        "provisionforIncomeTaxes": 54,
        "researchDevelopment": 176,
        "revenue": 3812,
        "sgaExpense": 881,
        "totalOperatingExpense": 1107,
        "totalOtherIncomeExpenseNet": 20
      },
      {
        "costOfGoodsSold": 2194,
        "depreciationAmortization": 52,
        "dilutedAverageSharesOutstanding": 510,
        "dilutedEPS": 0.07,
        "ebit": 326,
        "grossIncome": 1398,
        "interestExpense": 103,
        "interestIncomeExpense": -88,
        "minorityInterest": -2,
        "netIncome": 37,
        "netIncomeAfterTaxes": 39,
        "nonRecurringItems": -139,
        "otherOperatingExpensesTotal": -3,
        "period": "2024-03-31",
        "pretaxIncome": 116,
        "provisionforIncomeTaxes": 77,
        "researchDevelopment": 160,
        "revenue": 3592,
        "sgaExpense": 863,
        "totalOperatingExpense": 1072,
        "totalOtherIncomeExpenseNet": 17
      },
      {
        "costOfGoodsSold": 2393,
        "depreciationAmortization": 52,
        "dilutedAverageSharesOutstanding": 506,
        "dilutedEPS": 0.48,
        "ebit": 437,
        "grossIncome": 1492,
        "interestExpense": 114,
        "interestIncomeExpense": -66,
        "minorityInterest": -1,
        "netIncome": 245,
        "netIncomeAfterTaxes": 73,
        "nonRecurringItems": -138,
        "otherOperatingExpensesTotal": -1,
        "period": "2023-12-31",
        "pretaxIncome": 238,
        "provisionforIncomeTaxes": 165,
        "researchDevelopment": 172,
        "revenue": 3885,
        "sgaExpense": 832,
        "totalOperatingExpense": 1055,
        "totalOtherIncomeExpenseNet": 5
      },
      {
        "costOfGoodsSold": 2567,
        "depreciationAmortization": 51,
        "dilutedAverageSharesOutstanding": 509,
        "dilutedEPS": 4.92,
        "ebit": 144,
        "grossIncome": 1141,
        "interestExpense": 136,
        "interestIncomeExpense": -138,
        "minorityInterest": -3,
        "netIncome": 2508,
        "netIncomeAfterTaxes": 51,
        "nonRecurringItems": -195,
        "period": "2023-09-30",
        "pretaxIncome": -172,
        "provisionforIncomeTaxes": -223,
        "researchDevelopment": 161,
        "revenue": 3708,
        "sgaExpense": 785,
        "totalOperatingExpense": 997,
        "totalOtherIncomeExpenseNet": 17
      },
      {
        "costOfGoodsSold": 2330,
        "depreciationAmortization": 52,
        "dilutedAverageSharesOutstanding": 506,
        "dilutedEPS": -0.27,
        "ebit": 337,
        "grossIncome": 1377,
        "interestExpense": 131,
        "interestIncomeExpense": -157,
        "minorityInterest": -2,
        "netIncome": -141,
        "netIncomeAfterTaxes": -193,
        "nonRecurringItems": -377,
        "period": "2023-06-30",
        "pretaxIncome": -183,
        "provisionforIncomeTaxes": 10,
        "researchDevelopment": 165,
        "revenue": 3707,
        "sgaExpense": 823,
        "totalOperatingExpense": 1040,
        "totalOtherIncomeExpenseNet": 14
      },
      {
        "costOfGoodsSold": 2206,
        "depreciationAmortization": 52,
        "dilutedAverageSharesOutstanding": 506,
        "dilutedEPS": 0.08,
        "ebit": 332,
        "grossIncome": 1307,
        "interestExpense": 127,
        "interestIncomeExpense": -126,
        "minorityInterest": -1,
        "netIncome": 44,
        "netIncomeAfterTaxes": 0,
        "nonRecurringItems": -203,
        "period": "2023-03-31",
        "pretaxIncome": 14,
        "provisionforIncomeTaxes": 14,
        "researchDevelopment": 157,
        "revenue": 3513,
        "sgaExpense": 766,
        "totalOperatingExpense": 975,
        "totalOtherIncomeExpenseNet": 11
      },
      {
        "costOfGoodsSold": 2351,
        "depreciationAmortization": 53,
        "dilutedAverageSharesOutstanding": 507,
        "dilutedEPS": 0.35,
        "ebit": 403,
        "grossIncome": 1394,
        "interestExpense": 123,
        "interestIncomeExpense": -141,
        "minorityInterest": -4,
        "netIncome": 181,
        "netIncomeAfterTaxes": 144,
        "nonRecurringItems": -101,
        "period": "2022-12-31",
        "pretaxIncome": 162,
        "provisionforIncomeTaxes": 18,
        "researchDevelopment": 155,
        "revenue": 3745,
        "sgaExpense": 783,
        "totalOperatingExpense": 991,
        "totalOtherIncomeExpenseNet": 1
      },
      {
        "costOfGoodsSold": 2550,
        "depreciationAmortization": 58,
        "dilutedAverageSharesOutstanding": 504,
        "dilutedEPS": -5.82,
        "ebit": 78,
        "grossIncome": 1059,
        "interestExpense": 109,
        "interestIncomeExpense": -172,
        "minorityInterest": -3,
        "netIncome": -2937,
        "netIncomeAfterTaxes": -2991,
        "nonRecurringItems": -2958,
        "period": "2022-09-30",
        "pretaxIncome": -3045,
        "provisionforIncomeTaxes": -54,
        "researchDevelopment": 147,
        "revenue": 3609,
        "sgaExpense": 776,
        "totalOperatingExpense": 981,
        "totalOtherIncomeExpenseNet": 7
      },
      {
        "costOfGoodsSold": 2219,
        "depreciationAmortization": 81,
        "dilutedAverageSharesOutstanding": 508,
        "dilutedEPS": 0.49,
        "ebit": 335,
        "grossIncome": 1375,
        "interestExpense": 93,
        "interestIncomeExpense": -66,
        "minorityInterest": -3,
        "netIncome": 252,
        "netIncomeAfterTaxes": 185,
        "nonRecurringItems": -60,
        "period": "2022-06-30",
        "pretaxIncome": 219,
        "provisionforIncomeTaxes": 34,
        "researchDevelopment": 148,
        "revenue": 3594,
        "sgaExpense": 811,
        "totalOperatingExpense": 1040,
        "totalOtherIncomeExpenseNet": 10
      },
      {
        "costOfGoodsSold": 2294,
        "depreciationAmortization": 95,
        "dilutedAverageSharesOutstanding": 508,
        "dilutedEPS": 0.13,
        "ebit": 236,
        "grossIncome": 1264,
        "interestExpense": 88,
        "interestIncomeExpense": -74,
        "minorityInterest": -2,
        "netIncome": 71,
        "netIncomeAfterTaxes": 8,
        "nonRecurringItems": -153,
        "period": "2022-03-31",
        "pretaxIncome": 14,
        "provisionforIncomeTaxes": 6,
        "researchDevelopment": 148,
        "revenue": 3558,
        "sgaExpense": 785,
        "totalOperatingExpense": 1028,
        "totalOtherIncomeExpenseNet": 5
      },
      {
        "costOfGoodsSold": 1853,
        "depreciationAmortization": 11,
        "dilutedAverageSharesOutstanding": 499,
        "dilutedEPS": 0.47,
        "ebit": 227,
        "grossIncome": 1023,
        "interestExpense": 49,
        "interestIncomeExpense": -64,
        "minorityInterest": -4,
        "netIncome": 238,
        "netIncomeAfterTaxes": -20,
        "nonRecurringItems": -241,
        "period": "2021-12-31",
        "pretaxIncome": -78,
        "provisionforIncomeTaxes": -58,
        "researchDevelopment": 134,
        "revenue": 2876,
        "sgaExpense": 651,
        "totalOperatingExpense": 796,
        "totalOtherIncomeExpenseNet": 0
      },
      {
        "costOfGoodsSold": 1883,
        "dilutedAverageSharesOutstanding": 506,
        "dilutedEPS": 0.89,
        "ebit": 572,
        "grossIncome": 1343,
        "interestExpense": 36,
        "interestIncomeExpense": -41,
        "minorityInterest": -2,
        "netIncome": 450,
        "netIncomeAfterTaxes": 452,
        "nonRecurringItems": -77,
        "period": "2021-09-30",
        "pretaxIncome": 451,
        "provisionforIncomeTaxes": -1,
        "researchDevelopment": 129,
        "revenue": 3226,
        "sgaExpense": 642,
        "totalOperatingExpense": 771,
        "totalOtherIncomeExpenseNet": -3
      },
      {
        "costOfGoodsSold": 1856,
        "dilutedAverageSharesOutstanding": 509,
        "dilutedEPS": 0.59,
        "ebit": 455,
        "grossIncome": 1242,
        "interestExpense": 37,
        "interestIncomeExpense": -33,
        "minorityInterest": -3,
        "netIncome": 298,
        "netIncomeAfterTaxes": 301,
        "nonRecurringItems": -31,
        "period": "2021-06-30",
        "pretaxIncome": 392,
        "provisionforIncomeTaxes": 91,
        "researchDevelopment": 139,
        "revenue": 3098,
        "sgaExpense": 648,
        "totalOperatingExpense": 787,
        "totalOtherIncomeExpenseNet": 1
      },
      {
        "costOfGoodsSold": 1781,
        "dilutedAverageSharesOutstanding": 511,
        "dilutedEPS": 0.58,
        "ebit": 429,
        "grossIncome": 1165,
        "interestExpense": 37,
        "interestIncomeExpense": -31,
        "minorityInterest": -2,
        "netIncome": 298,
        "netIncomeAfterTaxes": 300,
        "nonRecurringItems": -39,
        "period": "2021-03-31",
        "pretaxIncome": 351,
        "provisionforIncomeTaxes": 51,
        "researchDevelopment": 128,
        "revenue": 2946,
        "sgaExpense": 608,
        "totalOperatingExpense": 736,
        "totalOtherIncomeExpenseNet": -8
      },
      {
        "costOfGoodsSold": 1962,
        "dilutedAverageSharesOutstanding": 517,
        "dilutedEPS": 0.32,
        "ebit": 490,
        "grossIncome": 1219,
        "interestExpense": 41,
        "interestIncomeExpense": -30,
        "minorityInterest": -3,
        "netIncome": 168,
        "netIncomeAfterTaxes": 171,
        "nonRecurringItems": -240,
        "otherOperatingExpensesTotal": -3,
        "period": "2020-12-31",
        "pretaxIncome": 210,
        "provisionforIncomeTaxes": 39,
        "researchDevelopment": 132,
        "revenue": 3181,
        "sgaExpense": 600,
        "totalOperatingExpense": 729,
        "totalOtherIncomeExpenseNet": -10
      },
      {
        "costOfGoodsSold": 1772,
        "dilutedAverageSharesOutstanding": 518,
        "dilutedEPS": 0.69,
        "ebit": 525,
        "grossIncome": 1200,
        "interestExpense": 42,
        "interestIncomeExpense": -62,
        "minorityInterest": -3,
        "netIncome": 356,
        "netIncomeAfterTaxes": 359,
        "nonRecurringItems": -55,
        "period": "2020-09-30",
        "pretaxIncome": 415,
        "provisionforIncomeTaxes": 56,
        "researchDevelopment": 121,
        "revenue": 2972,
        "sgaExpense": 554,
        "totalOperatingExpense": 675,
        "totalOtherIncomeExpenseNet": 7
      },
      {
        "costOfGoodsSold": 1673,
        "dilutedAverageSharesOutstanding": 517,
        "dilutedEPS": 0.48,
        "ebit": 350,
        "grossIncome": 1045,
        "interestExpense": 40,
        "interestIncomeExpense": -46,
        "minorityInterest": -1,
        "netIncome": 246,
        "netIncomeAfterTaxes": 247,
        "nonRecurringItems": -19,
        "period": "2020-06-30",
        "pretaxIncome": 289,
        "provisionforIncomeTaxes": 42,
        "researchDevelopment": 121,
        "revenue": 2718,
        "sgaExpense": 574,
        "totalOperatingExpense": 695,
        "totalOtherIncomeExpenseNet": 4
      },
      {
        "costOfGoodsSold": 1631,
        "dilutedAverageSharesOutstanding": 516,
        "dilutedEPS": 0.64,
        "ebit": 475,
        "grossIncome": 1171,
        "interestExpense": 30,
        "interestIncomeExpense": -30,
        "minorityInterest": -1,
        "netIncome": 332,
        "netIncomeAfterTaxes": 333,
        "nonRecurringItems": -66,
        "period": "2020-03-31",
        "pretaxIncome": 378,
        "provisionforIncomeTaxes": 45,
        "researchDevelopment": 122,
        "revenue": 2802,
        "sgaExpense": 574,
        "totalOperatingExpense": 696,
        "totalOtherIncomeExpenseNet": -1
      },
      {
        "costOfGoodsSold": 1714,
        "dilutedAverageSharesOutstanding": 506,
        "dilutedEPS": -0.04,
        "ebit": 559,
        "grossIncome": 1325,
        "interestExpense": 30,
        "interestIncomeExpense": -13,
        "minorityInterest": -4,
        "netIncome": -23,
        "netIncomeAfterTaxes": -197,
        "nonRecurringItems": -778,
        "period": "2019-12-31",
        "pretaxIncome": -223,
        "provisionforIncomeTaxes": -26,
        "researchDevelopment": 152,
        "revenue": 3039,
        "sgaExpense": 614,
        "totalOperatingExpense": 766,
        "totalOtherIncomeExpenseNet": 9
      },
      {
        "costOfGoodsSold": 1612,
        "dilutedAverageSharesOutstanding": 520,
        "dilutedEPS": 0.7,
        "ebit": 499,
        "grossIncome": 1239,
        "interestExpense": 28,
        "interestIncomeExpense": -47,
        "minorityInterest": -6,
        "netIncome": 369,
        "netIncomeAfterTaxes": 359,
        "nonRecurringItems": 4,
        "period": "2019-09-30",
        "pretaxIncome": 481,
        "provisionforIncomeTaxes": 122,
        "researchDevelopment": 128,
        "revenue": 2851,
        "sgaExpense": 612,
        "totalOperatingExpense": 740,
        "totalOtherIncomeExpenseNet": 25
      },
      {
        "costOfGoodsSold": 1681,
        "dilutedAverageSharesOutstanding": 519,
        "dilutedEPS": 0.6,
        "ebit": 350,
        "grossIncome": 1153,
        "interestIncomeExpense": -35,
        "netIncome": 313,
        "netIncomeAfterTaxes": 313,
        "otherOperatingExpensesTotal": -4,
        "period": "2019-06-30",
        "pretaxIncome": 326,
        "provisionforIncomeTaxes": 13,
        "researchDevelopment": 166,
        "revenue": 2834,
        "sgaExpense": 641,
        "totalOperatingExpense": 803,
        "totalOtherIncomeExpenseNet": 11
      },
      {
        "costOfGoodsSold": 1558,
        "dilutedAverageSharesOutstanding": 522,
        "dilutedEPS": 0.66,
        "ebit": 383,
        "grossIncome": 1080,
        "interestIncomeExpense": -17,
        "netIncome": 342,
        "netIncomeAfterTaxes": 342,
        "otherOperatingExpensesTotal": -33,
        "period": "2019-03-31",
        "pretaxIncome": 386,
        "provisionforIncomeTaxes": 44,
        "researchDevelopment": 129,
        "revenue": 2638,
        "sgaExpense": 601,
        "totalOperatingExpense": 697,
        "totalOtherIncomeExpenseNet": 20
      },
      {
        "costOfGoodsSold": 1636,
        "dilutedAverageSharesOutstanding": 540,
        "dilutedEPS": 0.58,
        "ebit": 444,
        "grossIncome": 1197,
        "interestExpense": 23,
        "interestIncomeExpense": 22,
        "minorityInterest": 0,
        "netIncome": 305,
        "netIncomeAfterTaxes": 312,
        "nonRecurringItems": -30,
        "period": "2018-12-31",
        "pretaxIncome": 413,
        "provisionforIncomeTaxes": 101,
        "researchDevelopment": 165,
        "revenue": 2833,
        "sgaExpense": 588,
        "totalOperatingExpense": 753,
        "totalOtherIncomeExpenseNet": -23
      },
      {
        "costOfGoodsSold": 1513,
        "dilutedAverageSharesOutstanding": 546,
        "dilutedEPS": 0.94,
        "ebit": 521,
        "grossIncome": 1248,
        "interestExpense": 24,
        "interestIncomeExpense": 8,
        "minorityInterest": 0,
        "netIncome": 518,
        "netIncomeAfterTaxes": 318,
        "nonRecurringItems": -139,
        "period": "2018-09-30",
        "pretaxIncome": 372,
        "provisionforIncomeTaxes": 54,
        "researchDevelopment": 144,
        "revenue": 2761,
        "sgaExpense": 583,
        "totalOperatingExpense": 727,
        "totalOtherIncomeExpenseNet": -18
      },
      {
        "costOfGoodsSold": 1590,
        "dilutedAverageSharesOutstanding": 538,
        "dilutedEPS": 0.63,
        "ebit": 377,
        "grossIncome": 1223,
        "interestIncomeExpense": 15,
        "netIncome": 341,
        "netIncomeAfterTaxes": 341,
        "otherOperatingExpensesTotal": -2,
        "period": "2018-06-30",
        "pretaxIncome": 404,
        "provisionforIncomeTaxes": 63,
        "researchDevelopment": 172,
        "revenue": 2813,
        "sgaExpense": 676,
        "totalOperatingExpense": 846,
        "totalOtherIncomeExpenseNet": 12
      },
      {
        "costOfGoodsSold": 1571,
        "dilutedAverageSharesOutstanding": 551,
        "dilutedEPS": 0.68,
        "ebit": 434,
        "grossIncome": 1121,
        "interestIncomeExpense": -9,
        "netIncome": 382,
        "netIncomeAfterTaxes": 374,
        "otherOperatingExpensesTotal": -87,
        "period": "2018-03-31",
        "pretaxIncome": 428,
        "provisionforIncomeTaxes": 54,
        "researchDevelopment": 141,
        "revenue": 2692,
        "sgaExpense": 633,
        "totalOperatingExpense": 687,
        "totalOtherIncomeExpenseNet": 3
      },
      {
        "costOfGoodsSold": 1602,
        "dilutedAverageSharesOutstanding": 543,
        "dilutedEPS": -0.34,
        "ebit": 427,
        "grossIncome": 1195,
        "interestExpense": 23,
        "interestIncomeExpense": -138,
        "minorityInterest": 0,
        "netIncome": -186,
        "netIncomeAfterTaxes": 409,
        "nonRecurringItems": -141,
        "otherOperatingExpensesTotal": -56,
        "period": "2017-12-31",
        "pretaxIncome": 176,
        "provisionforIncomeTaxes": -233,
        "researchDevelopment": 185,
        "revenue": 2797,
        "sgaExpense": 639,
        "totalOperatingExpense": 768,
        "totalOtherIncomeExpenseNet": 28
      },
      {
        "costOfGoodsSold": 1577,
        "dilutedAverageSharesOutstanding": 557,
        "dilutedEPS": 0.45,
        "ebit": 353,
        "grossIncome": 1130,
        "interestExpense": 22,
        "interestIncomeExpense": -2,
        "netIncome": 251,
        "netIncomeAfterTaxes": 248,
        "nonRecurringItems": -53,
        "period": "2017-09-30",
        "pretaxIncome": 290,
        "provisionforIncomeTaxes": 42,
        "researchDevelopment": 149,
        "revenue": 2707,
        "sgaExpense": 628,
        "totalOperatingExpense": 777,
        "totalOtherIncomeExpenseNet": -8
      },
      {
        "costOfGoodsSold": 1473,
        "dilutedAverageSharesOutstanding": 555,
        "dilutedEPS": 0.48,
        "ebit": 380,
        "grossIncome": 1132,
        "interestExpense": 21,
        "interestIncomeExpense": 2,
        "netIncome": 265,
        "netIncomeAfterTaxes": 264,
        "nonRecurringItems": -66,
        "period": "2017-06-30",
        "pretaxIncome": 306,
        "provisionforIncomeTaxes": 42,
        "researchDevelopment": 154,
        "revenue": 2605,
        "sgaExpense": 598,
        "totalOperatingExpense": 752,
        "totalOtherIncomeExpenseNet": -10
      },
      {
        "costOfGoodsSold": 1431,
        "dilutedAverageSharesOutstanding": 554,
        "dilutedEPS": 0.49,
        "ebit": 361,
        "grossIncome": 1044,
        "interestExpense": 19,
        "interestIncomeExpense": -14,
        "netIncome": 272,
        "netIncomeAfterTaxes": 273,
        "nonRecurringItems": -8,
        "period": "2017-03-31",
        "pretaxIncome": 328,
        "provisionforIncomeTaxes": 55,
        "researchDevelopment": 129,
        "revenue": 2475,
        "sgaExpense": 554,
        "totalOperatingExpense": 683,
        "totalOtherIncomeExpenseNet": -11
      },
      {
        "costOfGoodsSold": 1419,
        "dilutedAverageSharesOutstanding": 548,
        "dilutedEPS": 0.44,
        "ebit": 573,
        "grossIncome": 1226,
        "interestExpense": 20,
        "interestIncomeExpense": 6,
        "netIncome": 243,
        "netIncomeAfterTaxes": 240,
        "nonRecurringItems": -274,
        "period": "2016-12-31",
        "pretaxIncome": 279,
        "provisionforIncomeTaxes": 39,
        "researchDevelopment": 151,
        "revenue": 2645,
        "sgaExpense": 502,
        "totalOperatingExpense": 653,
        "totalOtherIncomeExpenseNet": -26
      },
      {
        "costOfGoodsSold": 1487,
        "dilutedAverageSharesOutstanding": 551,
        "dilutedEPS": 0.23,
        "ebit": 356,
        "grossIncome": 1071,
        "interestExpense": 20,
        "interestIncomeExpense": 0,
        "netIncome": 130,
        "netIncomeAfterTaxes": 127,
        "nonRecurringItems": -222,
        "period": "2016-09-30",
        "pretaxIncome": 128,
        "provisionforIncomeTaxes": 1,
        "researchDevelopment": 104,
        "revenue": 2558,
        "sgaExpense": 611,
        "totalOperatingExpense": 715,
        "totalOtherIncomeExpenseNet": -6
      },
      {
        "costOfGoodsSold": 1613,
        "dilutedAverageSharesOutstanding": 553,
        "dilutedEPS": 2.19,
        "ebit": 159,
        "grossIncome": 972,
        "interestExpense": 16,
        "interestIncomeExpense": -8,
        "netIncome": 1212,
        "netIncomeAfterTaxes": 1212,
        "nonRecurringItems": 1057,
        "period": "2016-06-30",
        "pretaxIncome": 1218,
        "provisionforIncomeTaxes": 6,
        "researchDevelopment": 150,
        "revenue": 2585,
        "sgaExpense": 663,
        "totalOperatingExpense": 813,
        "totalOtherIncomeExpenseNet": 10
      },
      {
        "costOfGoodsSold": 1410,
        "dilutedAverageSharesOutstanding": 552,
        "dilutedEPS": 6.14,
        "ebit": 209,
        "grossIncome": 965,
        "interestExpense": 33,
        "interestIncomeExpense": -9,
        "netIncome": 3380,
        "netIncomeAfterTaxes": 3387,
        "nonRecurringItems": 3117,
        "period": "2016-03-31",
        "pretaxIncome": 3329,
        "provisionforIncomeTaxes": -58,
        "researchDevelopment": 136,
        "revenue": 2375,
        "sgaExpense": 620,
        "totalOperatingExpense": 756,
        "totalOtherIncomeExpenseNet": 12
      },
      {
        "costOfGoodsSold": 1551,
        "dilutedAverageSharesOutstanding": 552,
        "dilutedEPS": 0.37,
        "ebit": 220,
        "grossIncome": 1052,
        "interestExpense": 37,
        "interestIncomeExpense": -12,
        "netIncome": 205,
        "netIncomeAfterTaxes": 183,
        "nonRecurringItems": -39,
        "period": "2015-12-31",
        "pretaxIncome": 205,
        "provisionforIncomeTaxes": 22,
        "researchDevelopment": 160,
        "revenue": 2603,
        "sgaExpense": 672,
        "totalOperatingExpense": 832,
        "totalOtherIncomeExpenseNet": 36
      },
      {
        "costOfGoodsSold": 1438,
        "dilutedAverageSharesOutstanding": 549,
        "dilutedEPS": 0,
        "ebit": 231,
        "grossIncome": 1049,
        "interestExpense": 27,
        "interestIncomeExpense": -22,
        "netIncome": 1,
        "netIncomeAfterTaxes": 2,
        "nonRecurringItems": -269,
        "period": "2015-09-30",
        "pretaxIncome": -33,
        "provisionforIncomeTaxes": -35,
        "researchDevelopment": 148,
        "revenue": 2487,
        "sgaExpense": 670,
        "totalOperatingExpense": 818,
        "totalOtherIncomeExpenseNet": 27
      }
    ],
    "symbol": "BAX"
  }
}