{
  "symbol": "COO",
  "statement": "ic",
  "frequency": "annual",
  "timestamp": "2025-09-19T13:58:29.041863",
  "data": {
    "financials": [
      {
        "costOfGoodsSold": 1299.7,
        "depreciationAmortization": 201.2,
        "dilutedAverageSharesOutstanding": 200.4,
        "dilutedEPS": 1.96,
        "ebit": 705.7,
        "grossIncome": 2595.7,
        "interestExpense": 114.3,
        "interestIncomeExpense": -119.5,
        "netIncome": 392.3,
        "netIncomeAfterTaxes": 392.3,
        "period": "2024-10-31",
        "pretaxIncome": 582.3,
        "provisionforIncomeTaxes": 190,
        "researchDevelopment": 155.1,
        "revenue": 3895.4,
        "sgaExpense": 1533.7,
        "totalOperatingExpense": 1890,
        "totalOtherIncomeExpenseNet": -3.9,
        "year": 2024
      },
      {
        "costOfGoodsSold": 1235.3,
        "depreciationAmortization": 186.2,
        "dilutedAverageSharesOutstanding": 199.2,
        "dilutedEPS": 1.48,
        "ebit": 578.1,
        "grossIncome": 2357.9,
        "interestExpense": 105.3,
        "interestIncomeExpense": -112.3,
        "netIncome": 294.2,
        "netIncomeAfterTaxes": 294.2,
        "nonRecurringItems": -45,
        "period": "2023-10-31",
        "pretaxIncome": 412.9,
        "provisionforIncomeTaxes": 118.7,
        "researchDevelopment": 137.4,
        "revenue": 3593.2,
        "sgaExpense": 1456.2,
        "totalOperatingExpense": 1779.8,
        "totalOtherIncomeExpenseNet": -7.9,
        "year": 2023
      },
      {
        "costOfGoodsSold": 1142.1,
        "depreciationAmortization": 179.5,
        "dilutedAverageSharesOutstanding": 198.8,
        "dilutedEPS": 1.94,
        "ebit": 540.8,
        "grossIncome": 2166.3,
        "interestExpense": 57.3,
        "interestIncomeExpense": -31.6,
        "netIncome": 385.8,
        "netIncomeAfterTaxes": 385.8,
        "nonRecurringItems": -33.2,
        "otherOperatingExpensesTotal": -10.3,
        "period": "2022-10-31",
        "pretaxIncome": 475.3,
        "provisionforIncomeTaxes": 89.5,
        "researchDevelopment": 110.3,
        "revenue": 3308.4,
        "sgaExpense": 1346,
        "totalOperatingExpense": 1625.5,
        "totalOtherIncomeExpenseNet": -0.7,
        "year": 2022
      },
      {
        "costOfGoodsSold": 966.7,
        "depreciationAmortization": 146.1,
        "dilutedAverageSharesOutstanding": 199.2,
        "dilutedEPS": 14.78,
        "ebit": 516.7,
        "grossIncome": 1955.8,
        "interestExpense": 23.1,
        "interestIncomeExpense": -17,
        "netIncome": 2944.7,
        "netIncomeAfterTaxes": 2944.7,
        "nonRecurringItems": -10.9,
        "otherOperatingExpensesTotal": 66.1,
        "period": "2021-10-31",
        "pretaxIncome": 491.5,
        "provisionforIncomeTaxes": -2453.2,
        "researchDevelopment": 92.7,
        "revenue": 2922.5,
        "sgaExpense": 1134.2,
        "totalOperatingExpense": 1439.1,
        "totalOtherIncomeExpenseNet": 2.7,
        "year": 2021
      },
      {
        "costOfGoodsSold": 896.1,
        "depreciationAmortization": 137.2,
        "dilutedAverageSharesOutstanding": 198.4,
        "dilutedEPS": 1.2,
        "ebit": 338.1,
        "grossIncome": 1534.8,
        "interestExpense": 36.8,
        "interestIncomeExpense": -38,
        "netIncome": 238.4,
        "netIncomeAfterTaxes": 238.4,
        "nonRecurringItems": -26.3,
        "period": "2020-10-31",
        "pretaxIncome": 266.5,
        "provisionforIncomeTaxes": 28.1,
        "researchDevelopment": 93.3,
        "revenue": 2430.9,
        "sgaExpense": 966.2,
        "totalOperatingExpense": 1196.7,
        "totalOtherIncomeExpenseNet": -7.3,
        "year": 2020
      },
      {
        "costOfGoodsSold": 896.6,
        "depreciationAmortization": 145.8,
        "dilutedAverageSharesOutstanding": 200,
        "dilutedEPS": 2.33,
        "ebit": 554.8,
        "grossIncome": 1756.8,
        "interestExpense": 68,
        "interestIncomeExpense": -70.2,
        "netIncome": 466.7,
        "netIncomeAfterTaxes": 460.9,
        "nonRecurringItems": -8.1,
        "period": "2019-10-31",
        "pretaxIncome": 477.4,
        "provisionforIncomeTaxes": 16.5,
        "researchDevelopment": 86.7,
        "revenue": 2653.4,
        "sgaExpense": 969.5,
        "totalOperatingExpense": 1202,
        "totalOtherIncomeExpenseNet": 0.9,
        "year": 2019
      },
      {
        "costOfGoodsSold": 900.5,
        "depreciationAmortization": 146.7,
        "dilutedAverageSharesOutstanding": 198.8,
        "dilutedEPS": 0.7,
        "ebit": 427.5,
        "grossIncome": 1632.3,
        "interestExpense": 82.7,
        "interestIncomeExpense": -86.1,
        "minorityInterest": 0,
        "netIncome": 139.9,
        "netIncomeAfterTaxes": 354.5,
        "nonRecurringItems": -24.4,
        "period": "2018-10-31",
        "pretaxIncome": 331.9,
        "provisionforIncomeTaxes": -22.6,
        "researchDevelopment": 84.8,
        "revenue": 2532.8,
        "sgaExpense": 973.3,
        "totalOperatingExpense": 1204.8,
        "totalOtherIncomeExpenseNet": 14.9,
        "year": 2018
      },
      {
        "costOfGoodsSold": 773.2,
        "depreciationAmortization": 68.4,
        "dilutedAverageSharesOutstanding": 198.4,
        "dilutedEPS": 1.88,
        "ebit": 429.1,
        "grossIncome": 1365.8,
        "interestExpense": 33.4,
        "interestIncomeExpense": -34.8,
        "minorityInterest": 0,
        "netIncome": 372.9,
        "netIncomeAfterTaxes": 372.9,
        "period": "2017-10-31",
        "pretaxIncome": 394,
        "provisionforIncomeTaxes": 21.1,
        "researchDevelopment": 69.2,
        "revenue": 2139,
        "sgaExpense": 799.1,
        "totalOperatingExpense": 936.7,
        "totalOtherIncomeExpenseNet": -0.3,
        "year": 2017
      },
      {
        "costOfGoodsSold": 793.735,
        "depreciationAmortization": 60.79,
        "dilutedAverageSharesOutstanding": 196.104,
        "dilutedEPS": 1.4,
        "ebit": 324.08,
        "grossIncome": 1173.079,
        "interestExpense": 26.19,
        "interestIncomeExpense": -27.79,
        "minorityInterest": -1.017,
        "netIncome": 273.917,
        "netIncomeAfterTaxes": 274.934,
        "period": "2016-10-31",
        "pretaxIncome": 295.633,
        "provisionforIncomeTaxes": 20.699,
        "researchDevelopment": 65.411,
        "revenue": 1966.814,
        "sgaExpense": 722.798,
        "totalOperatingExpense": 848.999,
        "totalOtherIncomeExpenseNet": -0.657,
        "year": 2016
      },
      {
        "costOfGoodsSold": 726.798,
        "depreciationAmortization": 51.459,
        "dilutedAverageSharesOutstanding": 196.716,
        "dilutedEPS": 1.03,
        "ebit": 236.671,
        "grossIncome": 1070.262,
        "interestExpense": 18.103,
        "interestIncomeExpense": -18.103,
        "minorityInterest": -1.621,
        "netIncome": 203.523,
        "netIncomeAfterTaxes": 205.144,
        "nonRecurringItems": 0,
        "period": "2015-10-31",
        "pretaxIncome": 215.485,
        "provisionforIncomeTaxes": 10.341,
        "researchDevelopment": 69.589,
        "revenue": 1797.06,
        "sgaExpense": 712.543,
        "totalOperatingExpense": 833.591,
        "totalOtherIncomeExpenseNet": -3.083,
        "year": 2015
      }
    ],
    "symbol": "COO"
  }
}