{
  "symbol": "WAB",
  "statement": "ic",
  "frequency": "quarterly",
  "timestamp": "2025-09-19T14:08:33.242865",
  "data": {
    "financials": [
      {
        "costOfGoodsSold": 1766,
        "depreciationAmortization": 69,
        "dilutedAverageSharesOutstanding": 171.2,
        "dilutedEPS": 1.9626,
        "ebit": 501,
        "grossIncome": 940,
        "interestIncomeExpense": -23,
        "minorityInterest": -3,
        "netIncome": 336,
        "netIncomeAfterTaxes": 339,
        "nonRecurringItems": -29,
        "period": "2025-06-30",
        "pretaxIncome": 450,
        "provisionforIncomeTaxes": 111,
        "researchDevelopment": 50,
        "revenue": 2706,
        "sgaExpense": 320,
        "totalOperatingExpense": 439,
        "totalOtherIncomeExpenseNet": 1
      },
      {
        "costOfGoodsSold": 1707,
        "depreciationAmortization": 73,
        "dilutedAverageSharesOutstanding": 171.3,
        "dilutedEPS": 1.8797,
        "ebit": 492,
        "grossIncome": 903,
        "interestIncomeExpense": -51,
        "minorityInterest": -5,
        "netIncome": 322,
        "netIncomeAfterTaxes": 327,
        "nonRecurringItems": -18,
        "period": "2025-03-31",
        "pretaxIncome": 426,
        "provisionforIncomeTaxes": 99,
        "researchDevelopment": 46,
        "revenue": 2610,
        "sgaExpense": 292,
        "totalOperatingExpense": 411,
        "totalOtherIncomeExpenseNet": 3
      },
      {
        "costOfGoodsSold": 1767,
        "depreciationAmortization": 79,
        "dilutedAverageSharesOutstanding": 172.1,
        "dilutedEPS": 1.2318,
        "ebit": 360,
        "grossIncome": 816,
        "interestIncomeExpense": -56,
        "minorityInterest": -1,
        "netIncome": 212,
        "netIncomeAfterTaxes": 213,
        "nonRecurringItems": -26,
        "period": "2024-12-31",
        "pretaxIncome": 284,
        "provisionforIncomeTaxes": 71,
        "researchDevelopment": 51,
        "revenue": 2583,
        "sgaExpense": 326,
        "totalOperatingExpense": 456,
        "totalOtherIncomeExpenseNet": 6
      },
      {
        "costOfGoodsSold": 1776,
        "depreciationAmortization": 79,
        "dilutedAverageSharesOutstanding": 174.1,
        "dilutedEPS": 1.6255,
        "ebit": 445,
        "grossIncome": 887,
        "interestIncomeExpense": -57,
        "minorityInterest": -3,
        "netIncome": 283,
        "netIncomeAfterTaxes": 286,
        "nonRecurringItems": -12,
        "period": "2024-09-30",
        "pretaxIncome": 378,
        "provisionforIncomeTaxes": 92,
        "researchDevelopment": 50,
        "revenue": 2663,
        "sgaExpense": 313,
        "totalOperatingExpense": 442,
        "totalOtherIncomeExpenseNet": 2
      },
      {
        "costOfGoodsSold": 1764,
        "depreciationAmortization": 71,
        "dilutedAverageSharesOutstanding": 176,
        "dilutedEPS": 1.6421,
        "ebit": 439,
        "grossIncome": 880,
        "interestIncomeExpense": -49,
        "minorityInterest": -2,
        "netIncome": 289,
        "netIncomeAfterTaxes": 291,
        "nonRecurringItems": -9,
        "period": "2024-06-30",
        "pretaxIncome": 385,
        "provisionforIncomeTaxes": 94,
        "researchDevelopment": 57,
        "revenue": 2644,
        "sgaExpense": 313,
        "totalOperatingExpense": 441,
        "totalOtherIncomeExpenseNet": 4
      },
      {
        "costOfGoodsSold": 1676,
        "depreciationAmortization": 74,
        "dilutedAverageSharesOutstanding": 177.2,
        "dilutedEPS": 1.535,
        "ebit": 422,
        "grossIncome": 821,
        "interestIncomeExpense": -50,
        "minorityInterest": -5,
        "netIncome": 272,
        "netIncomeAfterTaxes": 277,
        "nonRecurringItems": -10,
        "period": "2024-03-31",
        "pretaxIncome": 363,
        "provisionforIncomeTaxes": 86,
        "researchDevelopment": 48,
        "revenue": 2497,
        "sgaExpense": 277,
        "totalOperatingExpense": 399,
        "totalOtherIncomeExpenseNet": 1
      },
      {
        "costOfGoodsSold": 1720,
        "depreciationAmortization": 99,
        "dilutedAverageSharesOutstanding": 178.9,
        "dilutedEPS": 1.2018,
        "ebit": 379,
        "grossIncome": 806,
        "interestIncomeExpense": -64,
        "minorityInterest": -2,
        "netIncome": 215,
        "netIncomeAfterTaxes": 217,
        "nonRecurringItems": -71,
        "period": "2023-12-31",
        "pretaxIncome": 280,
        "provisionforIncomeTaxes": 63,
        "researchDevelopment": 61,
        "revenue": 2526,
        "sgaExpense": 267,
        "totalOperatingExpense": 427,
        "totalOtherIncomeExpenseNet": 36
      },
      {
        "costOfGoodsSold": 1745,
        "depreciationAmortization": 74,
        "dilutedAverageSharesOutstanding": 179.2,
        "dilutedEPS": 1.3393,
        "ebit": 383,
        "grossIncome": 805,
        "interestIncomeExpense": -51,
        "minorityInterest": -2,
        "netIncome": 240,
        "netIncomeAfterTaxes": 242,
        "nonRecurringItems": -13,
        "period": "2023-09-30",
        "pretaxIncome": 320,
        "provisionforIncomeTaxes": 78,
        "researchDevelopment": 53,
        "revenue": 2550,
        "sgaExpense": 295,
        "totalOperatingExpense": 422,
        "totalOtherIncomeExpenseNet": 1
      },
      {
        "costOfGoodsSold": 1676,
        "depreciationAmortization": 73,
        "dilutedAverageSharesOutstanding": 179.4,
        "dilutedEPS": 1.0647,
        "ebit": 322,
        "grossIncome": 731,
        "interestIncomeExpense": -53,
        "minorityInterest": -2,
        "netIncome": 191,
        "netIncomeAfterTaxes": 193,
        "nonRecurringItems": -10,
        "period": "2023-06-30",
        "pretaxIncome": 259,
        "provisionforIncomeTaxes": 66,
        "researchDevelopment": 53,
        "revenue": 2407,
        "sgaExpense": 283,
        "totalOperatingExpense": 409,
        "totalOtherIncomeExpenseNet": 0
      },
      {
        "costOfGoodsSold": 1525,
        "depreciationAmortization": 75,
        "dilutedAverageSharesOutstanding": 180.6,
        "dilutedEPS": 0.9358,
        "ebit": 285,
        "grossIncome": 669,
        "interestIncomeExpense": -45,
        "minorityInterest": -4,
        "netIncome": 169,
        "netIncomeAfterTaxes": 173,
        "nonRecurringItems": -9,
        "period": "2023-03-31",
        "pretaxIncome": 233,
        "provisionforIncomeTaxes": 60,
        "researchDevelopment": 51,
        "revenue": 2194,
        "sgaExpense": 258,
        "totalOperatingExpense": 384,
        "totalOtherIncomeExpenseNet": 2
      },
      {
        "costOfGoodsSold": 1584,
        "depreciationAmortization": 73,
        "dilutedAverageSharesOutstanding": 181.9,
        "dilutedEPS": 0.8686,
        "ebit": 325,
        "grossIncome": 722,
        "interestIncomeExpense": -36,
        "minorityInterest": -1,
        "netIncome": 158,
        "netIncomeAfterTaxes": 159,
        "nonRecurringItems": -78,
        "period": "2022-12-31",
        "pretaxIncome": 210,
        "provisionforIncomeTaxes": 51,
        "researchDevelopment": 60,
        "revenue": 2306,
        "sgaExpense": 264,
        "totalOperatingExpense": 397,
        "totalOtherIncomeExpenseNet": -1
      },
      {
        "costOfGoodsSold": 1428,
        "depreciationAmortization": 73,
        "dilutedAverageSharesOutstanding": 181.9,
        "dilutedEPS": 0.8796,
        "ebit": 270,
        "grossIncome": 653,
        "interestIncomeExpense": -48,
        "minorityInterest": -3,
        "netIncome": 160,
        "netIncomeAfterTaxes": 163,
        "nonRecurringItems": -9,
        "period": "2022-09-30",
        "pretaxIncome": 217,
        "provisionforIncomeTaxes": 54,
        "researchDevelopment": 54,
        "revenue": 2081,
        "sgaExpense": 256,
        "totalOperatingExpense": 383,
        "totalOtherIncomeExpenseNet": 4
      },
      {
        "costOfGoodsSold": 1401,
        "depreciationAmortization": 72,
        "dilutedAverageSharesOutstanding": 182.4,
        "dilutedEPS": 0.9101,
        "ebit": 268,
        "grossIncome": 647,
        "interestIncomeExpense": -39,
        "minorityInterest": -3,
        "netIncome": 166,
        "netIncomeAfterTaxes": 169,
        "nonRecurringItems": -4,
        "period": "2022-06-30",
        "pretaxIncome": 227,
        "provisionforIncomeTaxes": 58,
        "researchDevelopment": 50,
        "revenue": 2048,
        "sgaExpense": 257,
        "totalOperatingExpense": 379,
        "totalOtherIncomeExpenseNet": 2
      },
      {
        "costOfGoodsSold": 1327,
        "depreciationAmortization": 73,
        "dilutedAverageSharesOutstanding": 185,
        "dilutedEPS": 0.8054,
        "ebit": 246,
        "grossIncome": 600,
        "interestIncomeExpense": -40,
        "minorityInterest": -1,
        "netIncome": 149,
        "netIncomeAfterTaxes": 150,
        "nonRecurringItems": -7,
        "period": "2022-03-31",
        "pretaxIncome": 200,
        "provisionforIncomeTaxes": 50,
        "researchDevelopment": 45,
        "revenue": 1927,
        "sgaExpense": 236,
        "totalOperatingExpense": 354,
        "totalOtherIncomeExpenseNet": 1
      },
      {
        "costOfGoodsSold": 1415.2,
        "depreciationAmortization": 72.3,
        "dilutedAverageSharesOutstanding": 186.6,
        "dilutedEPS": 0.9979,
        "ebit": 265.1,
        "grossIncome": 657.4,
        "interestIncomeExpense": -32.2,
        "minorityInterest": -3.1,
        "netIncome": 186.2,
        "netIncomeAfterTaxes": 193.3,
        "nonRecurringItems": -1,
        "period": "2021-12-31",
        "pretaxIncome": 234.8,
        "provisionforIncomeTaxes": 41.5,
        "researchDevelopment": 52.5,
        "revenue": 2072.6,
        "sgaExpense": 267.5,
        "totalOperatingExpense": 392.3,
        "totalOtherIncomeExpenseNet": 2.9
      },
      {
        "costOfGoodsSold": 1281.6,
        "depreciationAmortization": 72.5,
        "dilutedAverageSharesOutstanding": 188,
        "dilutedEPS": 0.6947,
        "ebit": 252,
        "grossIncome": 625.3,
        "interestIncomeExpense": -42.5,
        "minorityInterest": -1.2,
        "netIncome": 130.6,
        "netIncomeAfterTaxes": 131.8,
        "nonRecurringItems": -35,
        "period": "2021-09-30",
        "pretaxIncome": 175.3,
        "provisionforIncomeTaxes": 43.5,
        "researchDevelopment": 43.8,
        "revenue": 1906.9,
        "sgaExpense": 257,
        "totalOperatingExpense": 373.3,
        "totalOtherIncomeExpenseNet": 0.8
      },
      {
        "costOfGoodsSold": 1411.2,
        "depreciationAmortization": 72.7,
        "dilutedAverageSharesOutstanding": 188.9,
        "dilutedEPS": 0.6607,
        "ebit": 233.3,
        "grossIncome": 601.1,
        "interestIncomeExpense": -42.6,
        "minorityInterest": -0.4,
        "netIncome": 124.8,
        "netIncomeAfterTaxes": 125.2,
        "nonRecurringItems": -30,
        "period": "2021-06-30",
        "pretaxIncome": 168.7,
        "provisionforIncomeTaxes": 43.5,
        "researchDevelopment": 42,
        "revenue": 2012.3,
        "sgaExpense": 253.1,
        "totalOperatingExpense": 367.8,
        "totalOtherIncomeExpenseNet": 8
      },
      {
        "costOfGoodsSold": 1292,
        "depreciationAmortization": 69.5,
        "dilutedAverageSharesOutstanding": 188.9,
        "dilutedEPS": 0.6,
        "ebit": 206.6,
        "grossIncome": 538.2,
        "interestIncomeExpense": -58.9,
        "minorityInterest": -2.3,
        "netIncome": 112.4,
        "netIncomeAfterTaxes": 114.7,
        "nonRecurringItems": -15,
        "period": "2021-03-31",
        "pretaxIncome": 158.2,
        "provisionforIncomeTaxes": 43.5,
        "researchDevelopment": 37.7,
        "revenue": 1830.2,
        "sgaExpense": 224.4,
        "totalOperatingExpense": 331.6,
        "totalOtherIncomeExpenseNet": 25.5
      },
      {
        "costOfGoodsSold": 1518.2,
        "depreciationAmortization": 70.8,
        "dilutedAverageSharesOutstanding": 189.8,
        "dilutedEPS": 0.46,
        "ebit": 191.1,
        "grossIncome": 505.5,
        "interestIncomeExpense": -48.1,
        "minorityInterest": 1.1,
        "netIncome": 86.7,
        "netIncomeAfterTaxes": 86.8,
        "nonRecurringItems": -30,
        "period": "2020-12-31",
        "pretaxIncome": 118.3,
        "provisionforIncomeTaxes": 31.5,
        "researchDevelopment": 38.4,
        "revenue": 2023.7,
        "sgaExpense": 205.2,
        "totalOperatingExpense": 314.4,
        "totalOtherIncomeExpenseNet": 5.3
      },
      {
        "costOfGoodsSold": 1298.9,
        "depreciationAmortization": 70.3,
        "dilutedAverageSharesOutstanding": 190.2,
        "dilutedEPS": 0.67,
        "ebit": 218.7,
        "grossIncome": 566.2,
        "interestIncomeExpense": -57.6,
        "minorityInterest": -0.4,
        "netIncome": 128.1,
        "netIncomeAfterTaxes": 128.5,
        "nonRecurringItems": -12,
        "period": "2020-09-30",
        "pretaxIncome": 175.4,
        "provisionforIncomeTaxes": 46.9,
        "researchDevelopment": 36.5,
        "revenue": 1865.1,
        "sgaExpense": 240.7,
        "totalOperatingExpense": 347.5,
        "totalOtherIncomeExpenseNet": 26.3
      },
      {
        "costOfGoodsSold": 1250.7,
        "depreciationAmortization": 72.3,
        "dilutedAverageSharesOutstanding": 190.2,
        "dilutedEPS": 0.46,
        "ebit": 172.4,
        "grossIncome": 486.7,
        "interestIncomeExpense": -49.7,
        "minorityInterest": 1,
        "netIncome": 86.8,
        "netIncomeAfterTaxes": 85.8,
        "nonRecurringItems": -13,
        "period": "2020-06-30",
        "pretaxIncome": 114.3,
        "provisionforIncomeTaxes": 28.5,
        "researchDevelopment": 38.2,
        "revenue": 1737.4,
        "sgaExpense": 203.8,
        "totalOperatingExpense": 314.3,
        "totalOtherIncomeExpenseNet": 4.6
      },
      {
        "costOfGoodsSold": 1351.2,
        "depreciationAmortization": 69,
        "dilutedAverageSharesOutstanding": 191.4,
        "dilutedEPS": 0.58,
        "ebit": 233.3,
        "grossIncome": 578.7,
        "interestIncomeExpense": -68,
        "minorityInterest": 0.4,
        "netIncome": 111.6,
        "netIncomeAfterTaxes": 111.2,
        "nonRecurringItems": -16,
        "period": "2020-03-31",
        "pretaxIncome": 149.2,
        "provisionforIncomeTaxes": 38,
        "researchDevelopment": 49,
        "revenue": 1929.9,
        "sgaExpense": 227.4,
        "totalOperatingExpense": 345.4,
        "totalOtherIncomeExpenseNet": -0.1
      },
      {
        "costOfGoodsSold": 1693.5,
        "depreciationAmortization": 65.5,
        "dilutedAverageSharesOutstanding": 192.6,
        "dilutedEPS": 0.7,
        "ebit": 230.7,
        "grossIncome": 674.9,
        "interestIncomeExpense": -50.5,
        "minorityInterest": -1.3,
        "netIncome": 135.7,
        "netIncomeAfterTaxes": 137,
        "nonRecurringItems": -4.6,
        "period": "2019-12-31",
        "pretaxIncome": 174.7,
        "provisionforIncomeTaxes": 37.7,
        "researchDevelopment": 59.6,
        "revenue": 2368.4,
        "sgaExpense": 319.1,
        "totalOperatingExpense": 444.2,
        "totalOtherIncomeExpenseNet": -0.9
      },
      {
        "costOfGoodsSold": 1402.3,
        "depreciationAmortization": 79.5,
        "dilutedAverageSharesOutstanding": 191.5,
        "dilutedEPS": 0.47,
        "ebit": 172.2,
        "grossIncome": 599.4,
        "interestIncomeExpense": -59.1,
        "minorityInterest": 0.5,
        "netIncome": 90.9,
        "netIncomeAfterTaxes": 90.6,
        "nonRecurringItems": -3.1,
        "period": "2019-09-30",
        "pretaxIncome": 113.3,
        "provisionforIncomeTaxes": 22.7,
        "researchDevelopment": 58.6,
        "revenue": 2001.7,
        "sgaExpense": 289.1,
        "totalOperatingExpense": 427.2,
        "totalOtherIncomeExpenseNet": 3.3
      },
      {
        "costOfGoodsSold": 1621.6,
        "depreciationAmortization": 66,
        "dilutedAverageSharesOutstanding": 191.5,
        "dilutedEPS": 0.54,
        "ebit": 197,
        "grossIncome": 614.7,
        "interestIncomeExpense": -58.7,
        "minorityInterest": 1.4,
        "netIncome": 103.5,
        "netIncomeAfterTaxes": 102.9,
        "nonRecurringItems": 3.6,
        "period": "2019-06-30",
        "pretaxIncome": 144.3,
        "provisionforIncomeTaxes": 41.4,
        "researchDevelopment": 57.1,
        "revenue": 2236.3,
        "sgaExpense": 294.6,
        "totalOperatingExpense": 417.6,
        "totalOtherIncomeExpenseNet": 2.3
      },
      {
        "costOfGoodsSold": 1204.6,
        "depreciationAmortization": 27.4,
        "dilutedAverageSharesOutstanding": 121.2,
        "dilutedEPS": -0.04,
        "ebit": 126.2,
        "grossIncome": 389,
        "interestIncomeExpense": -56.3,
        "minorityInterest": -0.5,
        "netIncome": -4.5,
        "netIncomeAfterTaxes": -4,
        "nonRecurringItems": -58.9,
        "period": "2019-03-31",
        "pretaxIncome": 14.5,
        "provisionforIncomeTaxes": 18.5,
        "researchDevelopment": 34.5,
        "revenue": 1593.6,
        "sgaExpense": 200.8,
        "totalOperatingExpense": 262.8,
        "totalOtherIncomeExpenseNet": 3.5
      },
      {
        "costOfGoodsSold": 820.9,
        "depreciationAmortization": 9.6,
        "dilutedAverageSharesOutstanding": 96.5,
        "dilutedEPS": 0.35,
        "ebit": 93.5,
        "grossIncome": 297,
        "interestIncomeExpense": -36.2,
        "minorityInterest": -0.5,
        "netIncome": 34.4,
        "netIncomeAfterTaxes": 39.2,
        "period": "2018-12-31",
        "pretaxIncome": 57.6,
        "provisionforIncomeTaxes": 18.4,
        "researchDevelopment": 25.9,
        "revenue": 1117.9,
        "sgaExpense": 168,
        "totalOperatingExpense": 203.5,
        "totalOtherIncomeExpenseNet": 0.3
      },
      {
        "costOfGoodsSold": 775.8,
        "depreciationAmortization": 9.9,
        "dilutedAverageSharesOutstanding": 96.6,
        "dilutedEPS": 0.9,
        "ebit": 125.2,
        "grossIncome": 302,
        "interestIncomeExpense": -26.6,
        "minorityInterest": 1.7,
        "netIncome": 87.7,
        "netIncomeAfterTaxes": 79.6,
        "period": "2018-09-30",
        "pretaxIncome": 102.7,
        "provisionforIncomeTaxes": 23.1,
        "researchDevelopment": 20.1,
        "revenue": 1077.8,
        "sgaExpense": 146.8,
        "totalOperatingExpense": 176.8,
        "totalOtherIncomeExpenseNet": 4.1
      },
      {
        "costOfGoodsSold": 787.7,
        "depreciationAmortization": 9.9,
        "dilutedAverageSharesOutstanding": 96.6,
        "dilutedEPS": 0.87,
        "ebit": 123.5,
        "grossIncome": 324,
        "interestIncomeExpense": -32.6,
        "minorityInterest": 1.1,
        "netIncome": 84.4,
        "netIncomeAfterTaxes": 70.3,
        "period": "2018-06-30",
        "pretaxIncome": 93.8,
        "provisionforIncomeTaxes": 23.5,
        "researchDevelopment": 19.4,
        "revenue": 1111.7,
        "sgaExpense": 171.2,
        "totalOperatingExpense": 200.5,
        "totalOtherIncomeExpenseNet": 2.9
      },
      {
        "costOfGoodsSold": 745.3,
        "depreciationAmortization": 10.4,
        "dilutedAverageSharesOutstanding": 96.4,
        "dilutedEPS": 0.92,
        "ebit": 131.3,
        "grossIncome": 310.9,
        "interestIncomeExpense": -20.7,
        "minorityInterest": 0.9,
        "netIncome": 88.4,
        "netIncomeAfterTaxes": 87.5,
        "period": "2018-03-31",
        "pretaxIncome": 113.6,
        "provisionforIncomeTaxes": 26.1,
        "researchDevelopment": 22,
        "revenue": 1056.2,
        "sgaExpense": 147.2,
        "totalOperatingExpense": 179.6,
        "totalOtherIncomeExpenseNet": 3
      },
      {
        "costOfGoodsSold": 807.1,
        "depreciationAmortization": 9.5,
        "dilutedAverageSharesOutstanding": 97.1,
        "dilutedEPS": 0.5,
        "ebit": 91.5,
        "grossIncome": 268.4,
        "interestIncomeExpense": -20.4,
        "minorityInterest": -0.7,
        "netIncome": 48.9,
        "netIncomeAfterTaxes": 81.2,
        "period": "2017-12-31",
        "pretaxIncome": 74.7,
        "provisionforIncomeTaxes": -6.5,
        "researchDevelopment": 23.7,
        "revenue": 1075.5,
        "sgaExpense": 143.8,
        "totalOperatingExpense": 176.9,
        "totalOtherIncomeExpenseNet": 3.6
      },
      {
        "costOfGoodsSold": 704.7,
        "depreciationAmortization": 8.6,
        "dilutedAverageSharesOutstanding": 96.3,
        "dilutedEPS": 0.7,
        "ebit": 101.7,
        "grossIncome": 253.2,
        "interestIncomeExpense": -23.6,
        "minorityInterest": -1,
        "netIncome": 67.4,
        "netIncomeAfterTaxes": 68.4,
        "period": "2017-09-30",
        "pretaxIncome": 81.2,
        "provisionforIncomeTaxes": 12.7,
        "researchDevelopment": 24.7,
        "revenue": 957.9,
        "sgaExpense": 118.2,
        "totalOperatingExpense": 151.6,
        "totalOtherIncomeExpenseNet": 3.2
      },
      {
        "costOfGoodsSold": 658.3,
        "depreciationAmortization": 9.4,
        "dilutedAverageSharesOutstanding": 96.3,
        "dilutedEPS": 0.75,
        "ebit": 113.7,
        "grossIncome": 274,
        "interestIncomeExpense": -16.9,
        "minorityInterest": -0.1,
        "netIncome": 72,
        "netIncomeAfterTaxes": 72.2,
        "period": "2017-06-30",
        "pretaxIncome": 96.7,
        "provisionforIncomeTaxes": 24.6,
        "researchDevelopment": 23.3,
        "revenue": 932.3,
        "sgaExpense": 127.6,
        "totalOperatingExpense": 160.3,
        "totalOtherIncomeExpenseNet": 0
      },
      {
        "costOfGoodsSold": 646.3,
        "depreciationAmortization": 9,
        "dilutedAverageSharesOutstanding": 96,
        "dilutedEPS": 0.77,
        "ebit": 114.5,
        "grossIncome": 269.7,
        "interestIncomeExpense": -18.4,
        "minorityInterest": 1.9,
        "netIncome": 73.9,
        "netIncomeAfterTaxes": 72,
        "period": "2017-03-31",
        "pretaxIncome": 99.5,
        "provisionforIncomeTaxes": 27.5,
        "researchDevelopment": 23.5,
        "revenue": 916,
        "sgaExpense": 122.7,
        "totalOperatingExpense": 155.2,
        "totalOtherIncomeExpenseNet": 3.3
      },
      {
        "costOfGoodsSold": 540.8,
        "depreciationAmortization": 6.6,
        "dilutedAverageSharesOutstanding": 90.6,
        "dilutedEPS": 0.42,
        "ebit": 62.8,
        "grossIncome": 219.2,
        "interestIncomeExpense": -26.7,
        "minorityInterest": -8.5,
        "netIncome": 37.8,
        "netIncomeAfterTaxes": 46.3,
        "period": "2016-12-31",
        "pretaxIncome": 33.1,
        "provisionforIncomeTaxes": -13.3,
        "researchDevelopment": 19.1,
        "revenue": 760,
        "sgaExpense": 130.7,
        "totalOperatingExpense": 156.4,
        "totalOtherIncomeExpenseNet": -3.1
      },
      {
        "costOfGoodsSold": 463.1,
        "depreciationAmortization": 5.3,
        "dilutedAverageSharesOutstanding": 90.3,
        "dilutedEPS": 0.91,
        "ebit": 120.1,
        "grossIncome": 212.5,
        "interestIncomeExpense": -6.1,
        "netIncome": 82.4,
        "netIncomeAfterTaxes": 82.4,
        "period": "2016-09-30",
        "pretaxIncome": 115.2,
        "provisionforIncomeTaxes": 32.8,
        "researchDevelopment": 16.3,
        "revenue": 675.6,
        "sgaExpense": 70.8,
        "totalOperatingExpense": 92.4,
        "totalOtherIncomeExpenseNet": 1.2
      },
      {
        "costOfGoodsSold": 486.2,
        "depreciationAmortization": 5.5,
        "dilutedAverageSharesOutstanding": 90.6,
        "dilutedEPS": 1,
        "ebit": 133.3,
        "grossIncome": 237.4,
        "interestIncomeExpense": -5,
        "netIncome": 90.5,
        "netIncomeAfterTaxes": 90.5,
        "period": "2016-06-30",
        "pretaxIncome": 127.1,
        "provisionforIncomeTaxes": 36.6,
        "researchDevelopment": 18,
        "revenue": 723.6,
        "sgaExpense": 80.6,
        "totalOperatingExpense": 104.1,
        "totalOtherIncomeExpenseNet": -1.2
      },
      {
        "costOfGoodsSold": 516.9,
        "depreciationAmortization": 5.3,
        "dilutedAverageSharesOutstanding": 92.1,
        "dilutedEPS": 1.02,
        "ebit": 142.2,
        "grossIncome": 255.2,
        "interestIncomeExpense": -4.9,
        "netIncome": 94.2,
        "netIncomeAfterTaxes": 94.2,
        "period": "2016-03-31",
        "pretaxIncome": 137.5,
        "provisionforIncomeTaxes": 43.3,
        "researchDevelopment": 18,
        "revenue": 772,
        "sgaExpense": 89.8,
        "totalOperatingExpense": 113,
        "totalOtherIncomeExpenseNet": 0.2
      },
      {
        "costOfGoodsSold": 565.2,
        "depreciationAmortization": 5.7,
        "dilutedAverageSharesOutstanding": 96.5,
        "dilutedEPS": 1.05,
        "ebit": 151.2,
        "grossIncome": 267.6,
        "interestIncomeExpense": -1.9,
        "netIncome": 101.5,
        "netIncomeAfterTaxes": 101.8,
        "period": "2015-12-31",
        "pretaxIncome": 149.4,
        "provisionforIncomeTaxes": 47.6,
        "researchDevelopment": 19.4,
        "revenue": 832.8,
        "sgaExpense": 91.4,
        "totalOperatingExpense": 116.4,
        "totalOtherIncomeExpenseNet": 0
      },
      {
        "costOfGoodsSold": 552.5,
        "depreciationAmortization": 5.5,
        "dilutedAverageSharesOutstanding": 97.4,
        "dilutedEPS": 1.02,
        "ebit": 152.1,
        "grossIncome": 257.1,
        "interestIncomeExpense": -7.4,
        "netIncome": 98.9,
        "netIncomeAfterTaxes": 99.2,
        "period": "2015-09-30",
        "pretaxIncome": 144.8,
        "provisionforIncomeTaxes": 45.6,
        "researchDevelopment": 17.2,
        "revenue": 809.5,
        "sgaExpense": 82.2,
        "totalOperatingExpense": 104.9,
        "totalOtherIncomeExpenseNet": 0.1
      }
    ],
    "symbol": "WAB"
  }
}