{
  "symbol": "ITW",
  "statement": "ic",
  "frequency": "quarterly",
  "timestamp": "2025-09-19T14:01:57.513199",
  "data": {
    "financials": [
      {
        "costOfGoodsSold": 2271,
        "depreciationAmortization": 21,
        "dilutedAverageSharesOutstanding": 292.9,
        "dilutedEPS": 2.5777,
        "ebit": 1068,
        "grossIncome": 1782,
        "interestExpense": 74,
        "interestIncomeExpense": -74,
        "netIncome": 755,
        "netIncomeAfterTaxes": 755,
        "period": "2025-06-30",
        "pretaxIncome": 998,
        "provisionforIncomeTaxes": 243,
        "revenue": 4053,
        "sgaExpense": 693,
        "totalOperatingExpense": 714,
        "totalOtherIncomeExpenseNet": 4
      },
      {
        "costOfGoodsSold": 2161,
        "depreciationAmortization": 21,
        "dilutedAverageSharesOutstanding": 294.5,
        "dilutedEPS": 2.3769,
        "ebit": 951,
        "grossIncome": 1678,
        "interestExpense": 68,
        "interestIncomeExpense": -68,
        "netIncome": 700,
        "netIncomeAfterTaxes": 700,
        "period": "2025-03-31",
        "pretaxIncome": 895,
        "provisionforIncomeTaxes": 195,
        "revenue": 3839,
        "sgaExpense": 706,
        "totalOperatingExpense": 727,
        "totalOtherIncomeExpenseNet": 12
      },
      {
        "costOfGoodsSold": 2221,
        "depreciationAmortization": 25,
        "dilutedAverageSharesOutstanding": 295.7,
        "dilutedEPS": 2.5364,
        "ebit": 1031,
        "grossIncome": 1711,
        "interestExpense": 68,
        "interestIncomeExpense": -68,
        "netIncome": 750,
        "netIncomeAfterTaxes": 750,
        "period": "2024-12-31",
        "pretaxIncome": 983,
        "provisionforIncomeTaxes": 233,
        "revenue": 3932,
        "sgaExpense": 655,
        "totalOperatingExpense": 680,
        "totalOtherIncomeExpenseNet": 20
      },
      {
        "costOfGoodsSold": 2230,
        "depreciationAmortization": 26,
        "dilutedAverageSharesOutstanding": 297,
        "dilutedEPS": 3.9057,
        "ebit": 1052,
        "grossIncome": 1736,
        "interestExpense": 69,
        "interestIncomeExpense": -69,
        "netIncome": 1160,
        "netIncomeAfterTaxes": 1160,
        "period": "2024-09-30",
        "pretaxIncome": 1362,
        "provisionforIncomeTaxes": 202,
        "revenue": 3966,
        "sgaExpense": 658,
        "totalOperatingExpense": 684,
        "totalOtherIncomeExpenseNet": 379
      },
      {
        "costOfGoodsSold": 2262,
        "depreciationAmortization": 25,
        "dilutedAverageSharesOutstanding": 298.5,
        "dilutedEPS": 2.5427,
        "ebit": 1054,
        "grossIncome": 1765,
        "interestExpense": 75,
        "interestIncomeExpense": -75,
        "netIncome": 759,
        "netIncomeAfterTaxes": 759,
        "period": "2024-06-30",
        "pretaxIncome": 1005,
        "provisionforIncomeTaxes": 246,
        "revenue": 4027,
        "sgaExpense": 686,
        "totalOperatingExpense": 711,
        "totalOtherIncomeExpenseNet": 26
      },
      {
        "costOfGoodsSold": 2145,
        "depreciationAmortization": 25,
        "dilutedAverageSharesOutstanding": 300,
        "dilutedEPS": 2.73,
        "ebit": 1127,
        "grossIncome": 1828,
        "interestExpense": 71,
        "interestIncomeExpense": -71,
        "netIncome": 819,
        "netIncomeAfterTaxes": 819,
        "period": "2024-03-31",
        "pretaxIncome": 1072,
        "provisionforIncomeTaxes": 253,
        "revenue": 3973,
        "sgaExpense": 676,
        "totalOperatingExpense": 701,
        "totalOtherIncomeExpenseNet": 16
      },
      {
        "costOfGoodsSold": 2312,
        "depreciationAmortization": 25,
        "dilutedAverageSharesOutstanding": 300.9,
        "dilutedEPS": 2.3829,
        "ebit": 988,
        "grossIncome": 1671,
        "interestExpense": 70,
        "interestIncomeExpense": -70,
        "netIncome": 717,
        "netIncomeAfterTaxes": 717,
        "period": "2023-12-31",
        "pretaxIncome": 927,
        "provisionforIncomeTaxes": 210,
        "revenue": 3983,
        "sgaExpense": 658,
        "totalOperatingExpense": 683,
        "totalOtherIncomeExpenseNet": 9
      },
      {
        "costOfGoodsSold": 2319,
        "depreciationAmortization": 27,
        "dilutedAverageSharesOutstanding": 303,
        "dilutedEPS": 2.55,
        "ebit": 1070,
        "grossIncome": 1712,
        "interestExpense": 67,
        "interestIncomeExpense": -67,
        "netIncome": 772,
        "netIncomeAfterTaxes": 772,
        "period": "2023-09-30",
        "pretaxIncome": 1013,
        "provisionforIncomeTaxes": 241,
        "revenue": 4031,
        "sgaExpense": 615,
        "totalOperatingExpense": 642,
        "totalOtherIncomeExpenseNet": 10
      },
      {
        "costOfGoodsSold": 2344,
        "depreciationAmortization": 30,
        "dilutedAverageSharesOutstanding": 304.2,
        "dilutedEPS": 2.48,
        "ebit": 1010,
        "grossIncome": 1730,
        "interestExpense": 69,
        "interestIncomeExpense": -69,
        "netIncome": 754,
        "netIncomeAfterTaxes": 754,
        "period": "2023-06-30",
        "pretaxIncome": 961,
        "provisionforIncomeTaxes": 207,
        "revenue": 4074,
        "sgaExpense": 690,
        "totalOperatingExpense": 720,
        "totalOtherIncomeExpenseNet": 20
      },
      {
        "costOfGoodsSold": 2341,
        "depreciationAmortization": 31,
        "dilutedAverageSharesOutstanding": 306.1,
        "dilutedEPS": 2.33,
        "ebit": 972,
        "grossIncome": 1678,
        "interestExpense": 60,
        "interestIncomeExpense": -60,
        "netIncome": 714,
        "netIncomeAfterTaxes": 714,
        "period": "2023-03-31",
        "pretaxIncome": 922,
        "provisionforIncomeTaxes": 208,
        "revenue": 4019,
        "sgaExpense": 675,
        "totalOperatingExpense": 706,
        "totalOtherIncomeExpenseNet": 10
      },
      {
        "costOfGoodsSold": 2309,
        "depreciationAmortization": 32,
        "dilutedAverageSharesOutstanding": 308,
        "dilutedEPS": 2.94,
        "ebit": 986,
        "grossIncome": 1662,
        "interestExpense": 56,
        "interestIncomeExpense": -56,
        "netIncome": 907,
        "netIncomeAfterTaxes": 907,
        "period": "2022-12-31",
        "pretaxIncome": 1121,
        "provisionforIncomeTaxes": 214,
        "revenue": 3971,
        "sgaExpense": 644,
        "totalOperatingExpense": 676,
        "totalOtherIncomeExpenseNet": 191
      },
      {
        "costOfGoodsSold": 2371,
        "depreciationAmortization": 33,
        "dilutedAverageSharesOutstanding": 309.7,
        "dilutedEPS": 2.35,
        "ebit": 983,
        "grossIncome": 1640,
        "interestExpense": 52,
        "interestIncomeExpense": -52,
        "netIncome": 727,
        "netIncomeAfterTaxes": 727,
        "period": "2022-09-30",
        "pretaxIncome": 957,
        "provisionforIncomeTaxes": 230,
        "revenue": 4011,
        "sgaExpense": 624,
        "totalOperatingExpense": 657,
        "totalOtherIncomeExpenseNet": 26
      },
      {
        "costOfGoodsSold": 2392,
        "depreciationAmortization": 34,
        "dilutedAverageSharesOutstanding": 311.5,
        "dilutedEPS": 2.37,
        "ebit": 926,
        "grossIncome": 1619,
        "interestExpense": 47,
        "interestIncomeExpense": -47,
        "netIncome": 738,
        "netIncomeAfterTaxes": 738,
        "period": "2022-06-30",
        "pretaxIncome": 903,
        "provisionforIncomeTaxes": 165,
        "revenue": 4011,
        "sgaExpense": 659,
        "totalOperatingExpense": 693,
        "totalOtherIncomeExpenseNet": 24
      },
      {
        "costOfGoodsSold": 2357,
        "depreciationAmortization": 35,
        "dilutedAverageSharesOutstanding": 313.7,
        "dilutedEPS": 2.11,
        "ebit": 895,
        "grossIncome": 1582,
        "interestExpense": 48,
        "interestIncomeExpense": -48,
        "netIncome": 662,
        "netIncomeAfterTaxes": 662,
        "period": "2022-03-31",
        "pretaxIncome": 861,
        "provisionforIncomeTaxes": 199,
        "revenue": 3939,
        "sgaExpense": 652,
        "totalOperatingExpense": 687,
        "totalOtherIncomeExpenseNet": 14
      },
      {
        "costOfGoodsSold": 2191,
        "depreciationAmortization": 33,
        "dilutedAverageSharesOutstanding": 314.9,
        "dilutedEPS": 1.93,
        "ebit": 834,
        "grossIncome": 1488,
        "interestExpense": 49,
        "interestIncomeExpense": -49,
        "netIncome": 609,
        "netIncomeAfterTaxes": 609,
        "period": "2021-12-31",
        "pretaxIncome": 792,
        "provisionforIncomeTaxes": 183,
        "revenue": 3679,
        "sgaExpense": 621,
        "totalOperatingExpense": 654,
        "totalOtherIncomeExpenseNet": 7
      },
      {
        "costOfGoodsSold": 2096,
        "depreciationAmortization": 34,
        "dilutedAverageSharesOutstanding": 315.9,
        "dilutedEPS": 2.02,
        "ebit": 845,
        "grossIncome": 1460,
        "interestExpense": 49,
        "interestIncomeExpense": -49,
        "netIncome": 639,
        "netIncomeAfterTaxes": 639,
        "period": "2021-09-30",
        "pretaxIncome": 806,
        "provisionforIncomeTaxes": 167,
        "revenue": 3556,
        "sgaExpense": 581,
        "totalOperatingExpense": 615,
        "totalOtherIncomeExpenseNet": 10
      },
      {
        "costOfGoodsSold": 2163,
        "depreciationAmortization": 32,
        "dilutedAverageSharesOutstanding": 316.9,
        "dilutedEPS": 2.45,
        "ebit": 893,
        "grossIncome": 1513,
        "interestExpense": 52,
        "interestIncomeExpense": -52,
        "netIncome": 775,
        "netIncomeAfterTaxes": 775,
        "period": "2021-06-30",
        "pretaxIncome": 863,
        "provisionforIncomeTaxes": 88,
        "revenue": 3676,
        "sgaExpense": 588,
        "totalOperatingExpense": 620,
        "totalOtherIncomeExpenseNet": 22
      },
      {
        "costOfGoodsSold": 2039,
        "depreciationAmortization": 34,
        "dilutedAverageSharesOutstanding": 317.9,
        "dilutedEPS": 2.11,
        "ebit": 905,
        "grossIncome": 1505,
        "interestExpense": 52,
        "interestIncomeExpense": -52,
        "netIncome": 671,
        "netIncomeAfterTaxes": 671,
        "period": "2021-03-31",
        "pretaxIncome": 865,
        "provisionforIncomeTaxes": 194,
        "revenue": 3544,
        "sgaExpense": 566,
        "totalOperatingExpense": 600,
        "totalOtherIncomeExpenseNet": 12
      },
      {
        "costOfGoodsSold": 2000,
        "depreciationAmortization": 35,
        "dilutedAverageSharesOutstanding": 318.3,
        "dilutedEPS": 2.02,
        "ebit": 883,
        "grossIncome": 1475,
        "interestExpense": 52,
        "interestIncomeExpense": -52,
        "netIncome": 642,
        "netIncomeAfterTaxes": 642,
        "period": "2020-12-31",
        "pretaxIncome": 824,
        "provisionforIncomeTaxes": 182,
        "revenue": 3475,
        "sgaExpense": 557,
        "totalOperatingExpense": 592,
        "totalOtherIncomeExpenseNet": -7
      },
      {
        "costOfGoodsSold": 1910,
        "depreciationAmortization": 48,
        "dilutedAverageSharesOutstanding": 317.9,
        "dilutedEPS": 1.83,
        "ebit": 789,
        "grossIncome": 1397,
        "interestExpense": 52,
        "interestIncomeExpense": -52,
        "netIncome": 582,
        "netIncomeAfterTaxes": 582,
        "period": "2020-09-30",
        "pretaxIncome": 739,
        "provisionforIncomeTaxes": 157,
        "revenue": 3307,
        "sgaExpense": 560,
        "totalOperatingExpense": 608,
        "totalOtherIncomeExpenseNet": 2
      },
      {
        "costOfGoodsSold": 1594,
        "depreciationAmortization": 35,
        "dilutedAverageSharesOutstanding": 317.4,
        "dilutedEPS": 1.01,
        "ebit": 449,
        "grossIncome": 970,
        "interestExpense": 51,
        "interestIncomeExpense": -51,
        "netIncome": 319,
        "netIncomeAfterTaxes": 319,
        "period": "2020-06-30",
        "pretaxIncome": 406,
        "provisionforIncomeTaxes": 87,
        "revenue": 2564,
        "sgaExpense": 486,
        "totalOperatingExpense": 521,
        "totalOtherIncomeExpenseNet": 8
      },
      {
        "costOfGoodsSold": 1871,
        "depreciationAmortization": 36,
        "dilutedAverageSharesOutstanding": 319.7,
        "dilutedEPS": 1.77,
        "ebit": 761,
        "grossIncome": 1357,
        "interestExpense": 51,
        "interestIncomeExpense": -51,
        "netIncome": 566,
        "netIncomeAfterTaxes": 566,
        "period": "2020-03-31",
        "pretaxIncome": 735,
        "provisionforIncomeTaxes": 169,
        "revenue": 3228,
        "sgaExpense": 560,
        "totalOperatingExpense": 596,
        "totalOtherIncomeExpenseNet": 25
      },
      {
        "costOfGoodsSold": 2022,
        "depreciationAmortization": 37,
        "dilutedAverageSharesOutstanding": 322.6,
        "dilutedEPS": 1.99,
        "ebit": 824,
        "grossIncome": 1447,
        "interestExpense": 51,
        "interestIncomeExpense": -51,
        "netIncome": 641,
        "netIncomeAfterTaxes": 641,
        "nonRecurringItems": 0,
        "period": "2019-12-31",
        "pretaxIncome": 831,
        "provisionforIncomeTaxes": 190,
        "revenue": 3469,
        "sgaExpense": 586,
        "totalOperatingExpense": 623,
        "totalOtherIncomeExpenseNet": 58
      },
      {
        "costOfGoodsSold": 2007,
        "depreciationAmortization": 38,
        "dilutedAverageSharesOutstanding": 324,
        "dilutedEPS": 2.04,
        "ebit": 868,
        "grossIncome": 1472,
        "interestExpense": 52,
        "interestIncomeExpense": -52,
        "netIncome": 660,
        "netIncomeAfterTaxes": 660,
        "period": "2019-09-30",
        "pretaxIncome": 842,
        "provisionforIncomeTaxes": 182,
        "revenue": 3479,
        "sgaExpense": 566,
        "totalOperatingExpense": 604,
        "totalOtherIncomeExpenseNet": 26
      },
      {
        "costOfGoodsSold": 2099,
        "depreciationAmortization": 41,
        "dilutedAverageSharesOutstanding": 326.6,
        "dilutedEPS": 1.91,
        "ebit": 871,
        "grossIncome": 1510,
        "interestExpense": 55,
        "interestIncomeExpense": -55,
        "netIncome": 623,
        "netIncomeAfterTaxes": 623,
        "period": "2019-06-30",
        "pretaxIncome": 825,
        "provisionforIncomeTaxes": 202,
        "revenue": 3609,
        "sgaExpense": 598,
        "totalOperatingExpense": 639,
        "totalOtherIncomeExpenseNet": 9
      },
      {
        "costOfGoodsSold": 2059,
        "depreciationAmortization": 43,
        "dilutedAverageSharesOutstanding": 329.6,
        "dilutedEPS": 1.81,
        "ebit": 839,
        "grossIncome": 1493,
        "interestExpense": 63,
        "interestIncomeExpense": -63,
        "netIncome": 597,
        "netIncomeAfterTaxes": 597,
        "period": "2019-03-31",
        "pretaxIncome": 790,
        "provisionforIncomeTaxes": 193,
        "revenue": 3552,
        "sgaExpense": 611,
        "totalOperatingExpense": 654,
        "totalOtherIncomeExpenseNet": 14
      },
      {
        "costOfGoodsSold": 2096,
        "depreciationAmortization": 46,
        "dilutedAverageSharesOutstanding": 331.4,
        "dilutedEPS": 1.83,
        "ebit": 860,
        "grossIncome": 1484,
        "interestExpense": 63,
        "interestIncomeExpense": -63,
        "netIncome": 607,
        "netIncomeAfterTaxes": 607,
        "nonRecurringItems": 0,
        "period": "2018-12-31",
        "pretaxIncome": 816,
        "provisionforIncomeTaxes": 209,
        "revenue": 3580,
        "sgaExpense": 578,
        "totalOperatingExpense": 624,
        "totalOtherIncomeExpenseNet": 19
      },
      {
        "costOfGoodsSold": 2096,
        "depreciationAmortization": 47,
        "dilutedAverageSharesOutstanding": 335.3,
        "dilutedEPS": 1.9,
        "ebit": 889,
        "grossIncome": 1517,
        "interestExpense": 64,
        "interestIncomeExpense": -64,
        "netIncome": 638,
        "netIncomeAfterTaxes": 638,
        "nonRecurringItems": 0,
        "period": "2018-09-30",
        "pretaxIncome": 835,
        "provisionforIncomeTaxes": 197,
        "revenue": 3613,
        "sgaExpense": 581,
        "totalOperatingExpense": 628,
        "totalOtherIncomeExpenseNet": 10
      },
      {
        "costOfGoodsSold": 2231,
        "depreciationAmortization": 48,
        "dilutedAverageSharesOutstanding": 338.9,
        "dilutedEPS": 1.97,
        "ebit": 932,
        "grossIncome": 1600,
        "interestExpense": 64,
        "interestIncomeExpense": -64,
        "netIncome": 666,
        "netIncomeAfterTaxes": 666,
        "nonRecurringItems": 0,
        "period": "2018-06-30",
        "pretaxIncome": 894,
        "provisionforIncomeTaxes": 228,
        "revenue": 3831,
        "sgaExpense": 620,
        "totalOperatingExpense": 668,
        "totalOtherIncomeExpenseNet": 26
      },
      {
        "costOfGoodsSold": 2181,
        "depreciationAmortization": 48,
        "dilutedAverageSharesOutstanding": 342.8,
        "dilutedEPS": 1.9,
        "ebit": 903,
        "grossIncome": 1563,
        "interestExpense": 66,
        "interestIncomeExpense": -66,
        "netIncome": 652,
        "netIncomeAfterTaxes": 652,
        "period": "2018-03-31",
        "pretaxIncome": 849,
        "provisionforIncomeTaxes": 197,
        "revenue": 3744,
        "sgaExpense": 612,
        "totalOperatingExpense": 660,
        "totalOtherIncomeExpenseNet": 12
      },
      {
        "costOfGoodsSold": 2124,
        "depreciationAmortization": 50,
        "dilutedAverageSharesOutstanding": 342.3,
        "dilutedEPS": -0.22,
        "ebit": 846,
        "grossIncome": 1505,
        "interestExpense": 66,
        "interestIncomeExpense": -66,
        "netIncome": -76,
        "netIncomeAfterTaxes": 582,
        "nonRecurringItems": 0,
        "period": "2017-12-31",
        "pretaxIncome": 796,
        "provisionforIncomeTaxes": 214,
        "revenue": 3629,
        "sgaExpense": 609,
        "totalOperatingExpense": 659,
        "totalOtherIncomeExpenseNet": 16
      },
      {
        "costOfGoodsSold": 2092,
        "depreciationAmortization": 51,
        "dilutedAverageSharesOutstanding": 346,
        "dilutedEPS": 1.85,
        "ebit": 880,
        "grossIncome": 1523,
        "interestExpense": 65,
        "interestIncomeExpense": -65,
        "netIncome": 640,
        "netIncomeAfterTaxes": 640,
        "nonRecurringItems": 80,
        "period": "2017-09-30",
        "pretaxIncome": 906,
        "provisionforIncomeTaxes": 266,
        "revenue": 3615,
        "sgaExpense": 592,
        "totalOperatingExpense": 643,
        "totalOtherIncomeExpenseNet": 11
      },
      {
        "costOfGoodsSold": 2087,
        "depreciationAmortization": 52,
        "dilutedAverageSharesOutstanding": 347.6,
        "dilutedEPS": 1.69,
        "ebit": 857,
        "grossIncome": 1512,
        "interestExpense": 65,
        "interestIncomeExpense": -65,
        "netIncome": 587,
        "netIncomeAfterTaxes": 587,
        "nonRecurringItems": 15,
        "otherOperatingExpensesTotal": 0,
        "period": "2017-06-30",
        "pretaxIncome": 819,
        "provisionforIncomeTaxes": 232,
        "revenue": 3599,
        "sgaExpense": 603,
        "totalOperatingExpense": 655,
        "totalOtherIncomeExpenseNet": 12
      },
      {
        "costOfGoodsSold": 2004,
        "depreciationAmortization": 53,
        "dilutedAverageSharesOutstanding": 349,
        "dilutedEPS": 1.54,
        "ebit": 809,
        "grossIncome": 1467,
        "interestExpense": 64,
        "interestIncomeExpense": -64,
        "netIncome": 536,
        "netIncomeAfterTaxes": 536,
        "period": "2017-03-31",
        "pretaxIncome": 749,
        "provisionforIncomeTaxes": 213,
        "revenue": 3471,
        "sgaExpense": 605,
        "totalOperatingExpense": 658,
        "totalOtherIncomeExpenseNet": 4
      },
      {
        "costOfGoodsSold": 2006,
        "depreciationAmortization": 54,
        "dilutedAverageSharesOutstanding": 350.5,
        "dilutedEPS": 1.45,
        "ebit": 742,
        "grossIncome": 1393,
        "interestExpense": 63,
        "interestIncomeExpense": -63,
        "netIncome": 507,
        "netIncomeAfterTaxes": 507,
        "period": "2016-12-31",
        "pretaxIncome": 726,
        "provisionforIncomeTaxes": 219,
        "revenue": 3399,
        "sgaExpense": 597,
        "totalOperatingExpense": 651,
        "totalOtherIncomeExpenseNet": 47
      },
      {
        "costOfGoodsSold": 2027,
        "depreciationAmortization": 56,
        "dilutedAverageSharesOutstanding": 355.5,
        "dilutedEPS": 1.5,
        "ebit": 808,
        "grossIncome": 1468,
        "interestExpense": 58,
        "interestIncomeExpense": -58,
        "netIncome": 535,
        "netIncomeAfterTaxes": 535,
        "period": "2016-09-30",
        "pretaxIncome": 763,
        "provisionforIncomeTaxes": 228,
        "revenue": 3495,
        "sgaExpense": 604,
        "totalOperatingExpense": 660,
        "totalOtherIncomeExpenseNet": 13
      },
      {
        "costOfGoodsSold": 1967,
        "depreciationAmortization": 55,
        "dilutedAverageSharesOutstanding": 358.5,
        "dilutedEPS": 1.46,
        "ebit": 792,
        "grossIncome": 1464,
        "interestExpense": 58,
        "interestIncomeExpense": -58,
        "netIncome": 525,
        "netIncomeAfterTaxes": 525,
        "period": "2016-06-30",
        "pretaxIncome": 751,
        "provisionforIncomeTaxes": 226,
        "revenue": 3431,
        "sgaExpense": 617,
        "totalOperatingExpense": 672,
        "totalOtherIncomeExpenseNet": 17
      },
      {
        "costOfGoodsSold": 1896,
        "depreciationAmortization": 59,
        "dilutedAverageSharesOutstanding": 363.9,
        "dilutedEPS": 1.29,
        "ebit": 722,
        "grossIncome": 1378,
        "interestExpense": 58,
        "interestIncomeExpense": -58,
        "netIncome": 468,
        "netIncomeAfterTaxes": 468,
        "period": "2016-03-31",
        "pretaxIncome": 668,
        "provisionforIncomeTaxes": 200,
        "revenue": 3274,
        "sgaExpense": 597,
        "totalOperatingExpense": 656,
        "totalOtherIncomeExpenseNet": 4
      },
      {
        "costOfGoodsSold": 1941,
        "depreciationAmortization": 57,
        "dilutedAverageSharesOutstanding": 365.9,
        "dilutedEPS": 1.23,
        "ebit": 679,
        "grossIncome": 1334,
        "interestExpense": 58,
        "interestIncomeExpense": -58,
        "netIncome": 450,
        "netIncomeAfterTaxes": 450,
        "nonRecurringItems": 0,
        "period": "2015-12-31",
        "pretaxIncome": 634,
        "provisionforIncomeTaxes": 184,
        "revenue": 3275,
        "sgaExpense": 598,
        "totalOperatingExpense": 655,
        "totalOtherIncomeExpenseNet": 13
      },
      {
        "costOfGoodsSold": 1953,
        "depreciationAmortization": 57,
        "dilutedAverageSharesOutstanding": 367.1,
        "dilutedEPS": 1.39,
        "ebit": 763,
        "grossIncome": 1401,
        "interestExpense": 59,
        "interestIncomeExpense": -59,
        "netIncome": 511,
        "netIncomeAfterTaxes": 511,
        "nonRecurringItems": -2,
        "period": "2015-09-30",
        "pretaxIncome": 725,
        "provisionforIncomeTaxes": 214,
        "revenue": 3354,
        "sgaExpense": 581,
        "totalOperatingExpense": 638,
        "totalOtherIncomeExpenseNet": 23
      }
    ],
    "symbol": "ITW"
  }
}