{
  "symbol": "L",
  "statement": "ic",
  "frequency": "annual",
  "timestamp": "2025-09-19T14:03:20.032280",
  "data": {
    "financials": [
      {
        "benefitsClaimsLossAdjustment": 7738,
        "deferredPolicyAcquisitionExpense": 1798,
        "dilutedAverageSharesOutstanding": 220.53,
        "dilutedEPS": 6.41,
        "ebit": 2299,
        "grossPremiumsEarned": 14811,
        "interestExpense": 441,
        "interestIncomeExpense": -362,
        "minorityInterest": -80,
        "netIncome": 1414,
        "netIncomeAfterTaxes": 1494,
        "nonRecurringItems": -63,
        "otherOperatingExpensesTotal": 5717,
        "period": "2024-12-31",
        "pretaxIncome": 1874,
        "provisionforIncomeTaxes": 380,
        "revenue": 17552,
        "totalOperatingExpense": 15253,
        "year": 2024
      },
      {
        "benefitsClaimsLossAdjustment": 7068,
        "deferredPolicyAcquisitionExpense": 1644,
        "dilutedAverageSharesOutstanding": 227.81,
        "dilutedEPS": 6.29,
        "ebit": 2292,
        "grossPremiumsEarned": 13559,
        "interestExpense": 376,
        "interestIncomeExpense": -252,
        "minorityInterest": -111,
        "netIncome": 1434,
        "netIncomeAfterTaxes": 1545,
        "nonRecurringItems": -44,
        "otherOperatingExpensesTotal": 4937,
        "period": "2023-12-31",
        "pretaxIncome": 1996,
        "provisionforIncomeTaxes": 451,
        "revenue": 15941,
        "totalOperatingExpense": 13649,
        "year": 2023
      },
      {
        "benefitsClaimsLossAdjustment": 6653,
        "deferredPolicyAcquisitionExpense": 1490,
        "dilutedAverageSharesOutstanding": 243.28,
        "dilutedEPS": 3.38,
        "ebit": 1531,
        "grossPremiumsEarned": 12441,
        "interestExpense": 378,
        "interestIncomeExpense": -355,
        "minorityInterest": -69,
        "netIncome": 822,
        "netIncomeAfterTaxes": 891,
        "nonRecurringItems": -62,
        "otherOperatingExpensesTotal": 4548,
        "period": "2022-12-31",
        "pretaxIncome": 1114,
        "provisionforIncomeTaxes": 223,
        "revenue": 14222,
        "totalOperatingExpense": 12691,
        "year": 2022
      },
      {
        "benefitsClaimsLossAdjustment": 6371,
        "deferredPolicyAcquisitionExpense": 1443,
        "dilutedAverageSharesOutstanding": 260.2,
        "dilutedEPS": 6,
        "ebit": 2585,
        "grossPremiumsEarned": 11738,
        "interestExpense": 424,
        "interestIncomeExpense": -394,
        "minorityInterest": -123,
        "netIncome": 1562,
        "netIncomeAfterTaxes": 1685,
        "nonRecurringItems": -31,
        "otherOperatingExpensesTotal": 4285,
        "period": "2021-12-31",
        "pretaxIncome": 2160,
        "provisionforIncomeTaxes": 475,
        "revenue": 14684,
        "totalOperatingExpense": 12099,
        "year": 2021
      },
      {
        "benefitsClaimsLossAdjustment": 6170,
        "deferredPolicyAcquisitionExpense": 1410,
        "dilutedAverageSharesOutstanding": 280.32,
        "dilutedEPS": -3.32,
        "ebit": -67,
        "grossPremiumsEarned": 11834,
        "interestExpense": 515,
        "interestIncomeExpense": -512,
        "minorityInterest": 360,
        "netIncome": -931,
        "netIncomeAfterTaxes": -1291,
        "nonRecurringItems": -885,
        "otherOperatingExpensesTotal": 5178,
        "period": "2020-12-31",
        "pretaxIncome": -1464,
        "provisionforIncomeTaxes": -173,
        "revenue": 12691,
        "totalOperatingExpense": 12758,
        "year": 2020
      },
      {
        "benefitsClaimsLossAdjustment": 5806,
        "deferredPolicyAcquisitionExpense": 1383,
        "dilutedAverageSharesOutstanding": 303.35,
        "dilutedEPS": 3.07,
        "ebit": 1688,
        "grossPremiumsEarned": 12527,
        "interestExpense": 591,
        "interestIncomeExpense": -525,
        "minorityInterest": 61,
        "netIncome": 932,
        "netIncomeAfterTaxes": 871,
        "nonRecurringItems": -44,
        "otherOperatingExpensesTotal": 6032,
        "period": "2019-12-31",
        "pretaxIncome": 1119,
        "provisionforIncomeTaxes": 248,
        "revenue": 14909,
        "totalOperatingExpense": 13221,
        "year": 2019
      },
      {
        "benefitsClaimsLossAdjustment": 5572,
        "deferredPolicyAcquisitionExpense": 1335,
        "dilutedAverageSharesOutstanding": 319.93,
        "dilutedEPS": 1.99,
        "ebit": 1429,
        "grossPremiumsEarned": 12306,
        "interestExpense": 574,
        "interestIncomeExpense": -574,
        "minorityInterest": -70,
        "netIncome": 636,
        "netIncomeAfterTaxes": 706,
        "nonRecurringItems": -21,
        "otherOperatingExpensesTotal": 5751,
        "period": "2018-12-31",
        "pretaxIncome": 834,
        "provisionforIncomeTaxes": 128,
        "revenue": 14087,
        "totalOperatingExpense": 12658,
        "year": 2018
      },
      {
        "benefitsClaimsLossAdjustment": 5310,
        "deferredPolicyAcquisitionExpense": 1233,
        "dilutedAverageSharesOutstanding": 337.5,
        "dilutedEPS": 3.44,
        "ebit": 2242,
        "grossPremiumsEarned": 11431,
        "interestExpense": 646,
        "interestIncomeExpense": -646,
        "minorityInterest": -248,
        "netIncome": 1164,
        "netIncomeAfterTaxes": 1222,
        "nonRecurringItems": -14,
        "otherOperatingExpensesTotal": 4964,
        "period": "2017-12-31",
        "pretaxIncome": 1582,
        "provisionforIncomeTaxes": 360,
        "revenue": 13749,
        "totalOperatingExpense": 11507,
        "year": 2017
      },
      {
        "benefitsClaimsLossAdjustment": 5283,
        "deferredPolicyAcquisitionExpense": 1235,
        "dilutedAverageSharesOutstanding": 338.31,
        "dilutedEPS": 1.93,
        "ebit": 1553,
        "grossPremiumsEarned": 10920,
        "interestExpense": 536,
        "interestIncomeExpense": -536,
        "minorityInterest": -62,
        "netIncome": 654,
        "netIncomeAfterTaxes": 716,
        "nonRecurringItems": -81,
        "otherOperatingExpensesTotal": 5115,
        "period": "2016-12-31",
        "pretaxIncome": 936,
        "provisionforIncomeTaxes": 220,
        "revenue": 13186,
        "totalOperatingExpense": 11633,
        "year": 2016
      },
      {
        "benefitsClaimsLossAdjustment": 5384,
        "deferredPolicyAcquisitionExpense": 1540,
        "dilutedAverageSharesOutstanding": 362.69,
        "dilutedEPS": 0.72,
        "ebit": 920,
        "grossPremiumsEarned": 11620,
        "interestExpense": 520,
        "interestIncomeExpense": -520,
        "minorityInterest": -27,
        "netIncome": 260,
        "netIncomeAfterTaxes": 287,
        "nonRecurringItems": -156,
        "otherOperatingExpensesTotal": 5727,
        "period": "2015-12-31",
        "pretaxIncome": 244,
        "provisionforIncomeTaxes": -43,
        "revenue": 13571,
        "totalOperatingExpense": 12651,
        "year": 2015
      }
    ],
    "symbol": "L"
  }
}