{
  "symbol": "SOLV",
  "statement": "ic",
  "frequency": "quarterly",
  "timestamp": "2025-09-19T14:06:48.482858",
  "data": {
    "financials": [
      {
        "costOfGoodsSold": 985,
        "dilutedAverageSharesOutstanding": 175.2,
        "dilutedEPS": 0.5137,
        "ebit": 222,
        "grossIncome": 1176,
        "interestExpense": 103,
        "interestIncomeExpense": -103,
        "netIncome": 90,
        "netIncomeAfterTaxes": 90,
        "nonRecurringItems": -8,
        "period": "2025-06-30",
        "pretaxIncome": 103,
        "provisionforIncomeTaxes": 13,
        "researchDevelopment": 187,
        "revenue": 2161,
        "sgaExpense": 767,
        "totalOperatingExpense": 954,
        "totalOtherIncomeExpenseNet": -8
      },
      {
        "costOfGoodsSold": 946,
        "dilutedAverageSharesOutstanding": 174.8,
        "dilutedEPS": 0.7837,
        "ebit": 170,
        "grossIncome": 1124,
        "interestExpense": 104,
        "interestIncomeExpense": -104,
        "netIncome": 137,
        "netIncomeAfterTaxes": 137,
        "nonRecurringItems": -18,
        "period": "2025-03-31",
        "pretaxIncome": 38,
        "provisionforIncomeTaxes": -99,
        "researchDevelopment": 190,
        "revenue": 2070,
        "sgaExpense": 764,
        "totalOperatingExpense": 954,
        "totalOtherIncomeExpenseNet": -10
      },
      {
        "costOfGoodsSold": 956,
        "dilutedAverageSharesOutstanding": 174.6,
        "dilutedEPS": 0.1776,
        "ebit": 143,
        "grossIncome": 1119,
        "interestExpense": 107,
        "interestIncomeExpense": -107,
        "netIncome": 31,
        "netIncomeAfterTaxes": 30,
        "nonRecurringItems": -7,
        "period": "2024-12-31",
        "pretaxIncome": 13,
        "provisionforIncomeTaxes": -17,
        "researchDevelopment": 192,
        "revenue": 2075,
        "sgaExpense": 784,
        "totalOperatingExpense": 976,
        "totalOtherIncomeExpenseNet": -16
      },
      {
        "costOfGoodsSold": 917,
        "dilutedAverageSharesOutstanding": 173.9,
        "dilutedEPS": 0.7016,
        "ebit": 275,
        "grossIncome": 1165,
        "interestExpense": 107,
        "interestIncomeExpense": -107,
        "netIncome": 122,
        "netIncomeAfterTaxes": 122,
        "period": "2024-09-30",
        "pretaxIncome": 167,
        "provisionforIncomeTaxes": 45,
        "researchDevelopment": 189,
        "revenue": 2082,
        "sgaExpense": 701,
        "totalOperatingExpense": 890,
        "totalOtherIncomeExpenseNet": -1
      },
      {
        "costOfGoodsSold": 944,
        "dilutedAverageSharesOutstanding": 173.5,
        "dilutedEPS": 0.513,
        "ebit": 244,
        "grossIncome": 1137,
        "interestExpense": 114,
        "interestIncomeExpense": -114,
        "netIncome": 89,
        "netIncomeAfterTaxes": 89,
        "period": "2024-06-30",
        "pretaxIncome": 96,
        "provisionforIncomeTaxes": 7,
        "researchDevelopment": 192,
        "revenue": 2081,
        "sgaExpense": 701,
        "totalOperatingExpense": 893,
        "totalOtherIncomeExpenseNet": -34
      },
      {
        "costOfGoodsSold": 844,
        "dilutedAverageSharesOutstanding": 172.7,
        "dilutedEPS": 1.3723,
        "ebit": 381,
        "grossIncome": 1172,
        "interestExpense": 39,
        "interestIncomeExpense": -39,
        "netIncome": 237,
        "netIncomeAfterTaxes": 237,
        "period": "2024-03-31",
        "pretaxIncome": 329,
        "provisionforIncomeTaxes": 92,
        "researchDevelopment": 195,
        "revenue": 2016,
        "sgaExpense": 596,
        "totalOperatingExpense": 791,
        "totalOtherIncomeExpenseNet": -13
      },
      {
        "costOfGoodsSold": 878,
        "dilutedAverageSharesOutstanding": 172.466,
        "dilutedEPS": 1.5771,
        "ebit": 406,
        "grossIncome": 1158,
        "netIncome": 272,
        "netIncomeAfterTaxes": 272,
        "period": "2023-12-31",
        "pretaxIncome": 391,
        "provisionforIncomeTaxes": 119,
        "researchDevelopment": 190,
        "revenue": 2036,
        "sgaExpense": 562,
        "totalOperatingExpense": 752,
        "totalOtherIncomeExpenseNet": -15
      },
      {
        "costOfGoodsSold": 865,
        "dilutedAverageSharesOutstanding": 172.466,
        "dilutedEPS": 2.6672,
        "ebit": 504,
        "grossIncome": 1209,
        "netIncome": 460,
        "netIncomeAfterTaxes": 460,
        "period": "2023-09-30",
        "pretaxIncome": 500,
        "provisionforIncomeTaxes": 40,
        "researchDevelopment": 180,
        "revenue": 2074,
        "sgaExpense": 525,
        "totalOperatingExpense": 705,
        "totalOtherIncomeExpenseNet": -4
      },
      {
        "costOfGoodsSold": 1761,
        "dilutedAverageSharesOutstanding": 172.466,
        "dilutedEPS": 3.5601,
        "ebit": 782,
        "grossIncome": 2326,
        "netIncome": 614,
        "netIncomeAfterTaxes": 614,
        "period": "2023-06-30",
        "pretaxIncome": 776,
        "provisionforIncomeTaxes": 162,
        "researchDevelopment": 388,
        "revenue": 4087,
        "sgaExpense": 1156,
        "totalOperatingExpense": 1544,
        "totalOtherIncomeExpenseNet": -6
      }
    ],
    "symbol": "SOLV"
  }
}