{
  "symbol": "JNJ",
  "statement": "ic",
  "frequency": "quarterly",
  "timestamp": "2025-09-19T14:02:32.482869",
  "data": {
    "financials": [
      {
        "costOfGoodsSold": 7601,
        "dilutedAverageSharesOutstanding": 2419.1,
        "dilutedEPS": 2.29,
        "ebit": 6942,
        "grossIncome": 16142,
        "interestExpense": 308,
        "interestIncomeExpense": -69,
        "netIncome": 5537,
        "netIncomeAfterTaxes": 5537,
        "nonRecurringItems": -382,
        "otherOperatingExpensesTotal": -248,
        "period": "2025-06-29",
        "pretaxIncome": 6491,
        "provisionforIncomeTaxes": 954,
        "researchDevelopment": 3559,
        "revenue": 23743,
        "sgaExpense": 5889,
        "totalOperatingExpense": 9200
      },
      {
        "costOfGoodsSold": 7349,
        "dilutedAverageSharesOutstanding": 2423.8,
        "dilutedEPS": 4.54,
        "ebit": 6658,
        "grossIncome": 14544,
        "interestExpense": 204,
        "interestIncomeExpense": 128,
        "netIncome": 10999,
        "netIncomeAfterTaxes": 10999,
        "nonRecurringItems": 6845,
        "otherOperatingExpensesTotal": -451,
        "period": "2025-03-30",
        "pretaxIncome": 13631,
        "provisionforIncomeTaxes": 2632,
        "researchDevelopment": 3225,
        "revenue": 21893,
        "sgaExpense": 5112,
        "totalOperatingExpense": 7886
      },
      {
        "costOfGoodsSold": 7108,
        "dilutedAverageSharesOutstanding": 2429.1,
        "dilutedEPS": 1.41,
        "ebit": 3822,
        "grossIncome": 15412,
        "interestExpense": 137,
        "interestIncomeExpense": 244,
        "netIncome": 3431,
        "netIncomeAfterTaxes": 3431,
        "nonRecurringItems": -179,
        "otherOperatingExpensesTotal": -161,
        "period": "2024-12-29",
        "pretaxIncome": 3887,
        "provisionforIncomeTaxes": 456,
        "researchDevelopment": 5298,
        "revenue": 22520,
        "sgaExpense": 6453,
        "totalOperatingExpense": 11590
      },
      {
        "costOfGoodsSold": 6957,
        "dilutedAverageSharesOutstanding": 2427.9,
        "dilutedEPS": 1.11,
        "ebit": 5786,
        "grossIncome": 15514,
        "interestExpense": 193,
        "interestIncomeExpense": 99,
        "netIncome": 2694,
        "netIncomeAfterTaxes": 2694,
        "nonRecurringItems": -2547,
        "otherOperatingExpensesTotal": -702,
        "period": "2024-09-29",
        "pretaxIncome": 3338,
        "provisionforIncomeTaxes": 644,
        "researchDevelopment": 4952,
        "revenue": 22471,
        "sgaExpense": 5478,
        "totalOperatingExpense": 9728
      },
      {
        "costOfGoodsSold": 6867,
        "dilutedAverageSharesOutstanding": 2422,
        "dilutedEPS": 1.93,
        "ebit": 7106,
        "grossIncome": 15580,
        "interestExpense": 270,
        "interestIncomeExpense": -275,
        "netIncome": 4686,
        "netIncomeAfterTaxes": 4686,
        "nonRecurringItems": -1083,
        "otherOperatingExpensesTotal": -647,
        "period": "2024-06-30",
        "pretaxIncome": 5748,
        "provisionforIncomeTaxes": 1062,
        "researchDevelopment": 3440,
        "revenue": 22447,
        "sgaExpense": 5681,
        "totalOperatingExpense": 8474
      },
      {
        "costOfGoodsSold": 6504,
        "dilutedAverageSharesOutstanding": 2430.1,
        "dilutedEPS": 1.34,
        "ebit": 6476,
        "grossIncome": 14879,
        "interestExpense": 155,
        "interestIncomeExpense": 209,
        "netIncome": 3255,
        "netIncomeAfterTaxes": 3255,
        "nonRecurringItems": -2971,
        "otherOperatingExpensesTotal": -396,
        "period": "2024-03-31",
        "pretaxIncome": 3714,
        "provisionforIncomeTaxes": 459,
        "researchDevelopment": 3542,
        "revenue": 21383,
        "sgaExpense": 5257,
        "totalOperatingExpense": 8403
      },
      {
        "costOfGoodsSold": 6715,
        "dilutedAverageSharesOutstanding": 2431.4,
        "dilutedEPS": 1.66,
        "ebit": 4811,
        "grossIncome": 14680,
        "interestExpense": 151,
        "interestIncomeExpense": 712,
        "netIncome": 4049,
        "netIncomeAfterTaxes": 4132,
        "nonRecurringItems": -697,
        "otherOperatingExpensesTotal": -421,
        "period": "2023-12-31",
        "pretaxIncome": 4826,
        "provisionforIncomeTaxes": 694,
        "researchDevelopment": 4480,
        "revenue": 21395,
        "sgaExpense": 5810,
        "totalOperatingExpense": 9869
      },
      {
        "costOfGoodsSold": 6380,
        "dilutedAverageSharesOutstanding": 2549.7,
        "dilutedEPS": 10.2,
        "ebit": 6525,
        "grossIncome": 14971,
        "interestExpense": 192,
        "interestIncomeExpense": -818,
        "netIncome": 26028,
        "netIncomeAfterTaxes": 4309,
        "nonRecurringItems": -490,
        "otherOperatingExpensesTotal": -401,
        "period": "2023-10-01",
        "pretaxIncome": 5217,
        "provisionforIncomeTaxes": 908,
        "researchDevelopment": 3447,
        "revenue": 21351,
        "sgaExpense": 5400,
        "totalOperatingExpense": 8446
      },
      {
        "costOfGoodsSold": 6462,
        "dilutedAverageSharesOutstanding": 2625.7,
        "dilutedEPS": 1.95,
        "ebit": 6442,
        "grossIncome": 15057,
        "interestExpense": 217,
        "interestIncomeExpense": 109,
        "netIncome": 5144,
        "netIncomeAfterTaxes": 5376,
        "nonRecurringItems": -245,
        "otherOperatingExpensesTotal": -484,
        "period": "2023-07-02",
        "pretaxIncome": 6306,
        "provisionforIncomeTaxes": 930,
        "researchDevelopment": 3703,
        "revenue": 21519,
        "sgaExpense": 5396,
        "totalOperatingExpense": 8615
      },
      {
        "costOfGoodsSold": 6687,
        "dilutedAverageSharesOutstanding": 2605.5,
        "dilutedEPS": -0.02,
        "ebit": 6106,
        "grossIncome": 14207,
        "interestExpense": 212,
        "interestIncomeExpense": -114,
        "netIncome": -68,
        "netIncomeAfterTaxes": -491,
        "nonRecurringItems": -7279,
        "otherOperatingExpensesTotal": -260,
        "period": "2023-04-02",
        "pretaxIncome": -1287,
        "provisionforIncomeTaxes": -796,
        "researchDevelopment": 3455,
        "revenue": 20894,
        "sgaExpense": 4906,
        "totalOperatingExpense": 8101
      },
      {
        "costOfGoodsSold": 6084,
        "dilutedAverageSharesOutstanding": 2653.1,
        "dilutedEPS": 1.32,
        "ebit": 5311,
        "grossIncome": 13855,
        "interestExpense": 177,
        "interestIncomeExpense": 77,
        "netIncome": 3520,
        "netIncomeAfterTaxes": 3227,
        "nonRecurringItems": -1548,
        "otherOperatingExpensesTotal": -505,
        "period": "2023-01-01",
        "pretaxIncome": 3840,
        "provisionforIncomeTaxes": 613,
        "researchDevelopment": 3710,
        "revenue": 19939,
        "sgaExpense": 5339,
        "totalOperatingExpense": 8544
      },
      {
        "costOfGoodsSold": 6172,
        "dilutedAverageSharesOutstanding": 2661.3,
        "dilutedEPS": 1.67,
        "ebit": 5738,
        "grossIncome": 13824,
        "interestExpense": 51,
        "interestIncomeExpense": -101,
        "netIncome": 4458,
        "netIncomeAfterTaxes": 4310,
        "nonRecurringItems": -465,
        "otherOperatingExpensesTotal": -374,
        "period": "2022-10-02",
        "pretaxIncome": 5172,
        "provisionforIncomeTaxes": 862,
        "researchDevelopment": 3485,
        "revenue": 19996,
        "sgaExpense": 4975,
        "totalOperatingExpense": 8086
      },
      {
        "costOfGoodsSold": 4725,
        "dilutedAverageSharesOutstanding": 2691.579,
        "dilutedEPS": 1.78,
        "ebit": 5367,
        "grossIncome": 11904,
        "interestExpense": 38,
        "interestIncomeExpense": -74,
        "netIncome": 4814,
        "netIncomeAfterTaxes": 3684,
        "nonRecurringItems": -808,
        "otherOperatingExpensesTotal": -935,
        "period": "2022-07-03",
        "pretaxIncome": 4485,
        "provisionforIncomeTaxes": 801,
        "researchDevelopment": 3478,
        "revenue": 16629,
        "sgaExpense": 3994,
        "totalOperatingExpense": 6537
      },
      {
        "costOfGoodsSold": 7582,
        "dilutedAverageSharesOutstanding": 2666.5,
        "dilutedEPS": 1.93,
        "ebit": 7632,
        "grossIncome": 15844,
        "interestExpense": 10,
        "interestIncomeExpense": -388,
        "netIncome": 5149,
        "netIncomeAfterTaxes": 5149,
        "nonRecurringItems": -1382,
        "otherOperatingExpensesTotal": -1188,
        "period": "2022-04-03",
        "pretaxIncome": 5862,
        "provisionforIncomeTaxes": 713,
        "researchDevelopment": 3462,
        "revenue": 23426,
        "sgaExpense": 5938,
        "totalOperatingExpense": 8212
      },
      {
        "costOfGoodsSold": 1502,
        "dilutedAverageSharesOutstanding": 2672.2,
        "dilutedEPS": 1.77,
        "ebit": 1325,
        "grossIncome": 8267,
        "interestExpense": 60,
        "interestIncomeExpense": -47,
        "netIncome": 4736,
        "netIncomeAfterTaxes": 1659,
        "nonRecurringItems": -40,
        "otherOperatingExpensesTotal": 46,
        "period": "2022-01-02",
        "pretaxIncome": 1238,
        "provisionforIncomeTaxes": -421,
        "researchDevelopment": 4283,
        "revenue": 9769,
        "sgaExpense": 2613,
        "totalOperatingExpense": 6942
      },
      {
        "costOfGoodsSold": 7250,
        "dilutedAverageSharesOutstanding": 2674.9,
        "dilutedEPS": 1.37,
        "ebit": 6828,
        "grossIncome": 16088,
        "interestExpense": 20,
        "interestIncomeExpense": 93,
        "netIncome": 3667,
        "netIncomeAfterTaxes": 3667,
        "nonRecurringItems": -3072,
        "otherOperatingExpensesTotal": -162,
        "period": "2021-10-03",
        "pretaxIncome": 3849,
        "provisionforIncomeTaxes": 182,
        "researchDevelopment": 3422,
        "revenue": 23338,
        "sgaExpense": 6000,
        "totalOperatingExpense": 9260
      },
      {
        "costOfGoodsSold": 7587,
        "dilutedAverageSharesOutstanding": 2671.6,
        "dilutedEPS": 2.35,
        "ebit": 6558,
        "grossIncome": 15725,
        "interestExpense": 40,
        "interestIncomeExpense": 172,
        "netIncome": 6278,
        "netIncomeAfterTaxes": 6278,
        "nonRecurringItems": -68,
        "otherOperatingExpensesTotal": -300,
        "period": "2021-07-04",
        "pretaxIncome": 6662,
        "provisionforIncomeTaxes": 384,
        "researchDevelopment": 3394,
        "revenue": 23312,
        "sgaExpense": 6073,
        "totalOperatingExpense": 9167
      },
      {
        "costOfGoodsSold": 7063,
        "dilutedAverageSharesOutstanding": 2672.7,
        "dilutedEPS": 2.32,
        "ebit": 6944,
        "grossIncome": 15258,
        "interestExpense": 63,
        "interestIncomeExpense": -48,
        "netIncome": 6197,
        "netIncomeAfterTaxes": 6197,
        "nonRecurringItems": 533,
        "otherOperatingExpensesTotal": -296,
        "period": "2021-04-04",
        "pretaxIncome": 7429,
        "provisionforIncomeTaxes": 1232,
        "researchDevelopment": 3178,
        "revenue": 22321,
        "sgaExpense": 5432,
        "totalOperatingExpense": 8314
      },
      {
        "costOfGoodsSold": 7783,
        "dilutedAverageSharesOutstanding": 2670.4,
        "dilutedEPS": 0.65,
        "ebit": 4342,
        "grossIncome": 14692,
        "interestExpense": 87,
        "interestIncomeExpense": 226,
        "netIncome": 1738,
        "netIncomeAfterTaxes": 1738,
        "nonRecurringItems": -2921,
        "otherOperatingExpensesTotal": -139,
        "period": "2021-01-03",
        "pretaxIncome": 1647,
        "provisionforIncomeTaxes": -91,
        "researchDevelopment": 4032,
        "revenue": 22475,
        "sgaExpense": 6457,
        "totalOperatingExpense": 10350
      },
      {
        "costOfGoodsSold": 6940,
        "dilutedAverageSharesOutstanding": 2669.3,
        "dilutedEPS": 1.33,
        "ebit": 6101,
        "grossIncome": 14142,
        "interestExpense": 44,
        "interestIncomeExpense": -32,
        "netIncome": 3554,
        "netIncomeAfterTaxes": 3554,
        "nonRecurringItems": -1668,
        "otherOperatingExpensesTotal": -230,
        "period": "2020-09-27",
        "pretaxIncome": 4401,
        "provisionforIncomeTaxes": 847,
        "researchDevelopment": 2840,
        "revenue": 21082,
        "sgaExpense": 5431,
        "totalOperatingExpense": 8041
      },
      {
        "costOfGoodsSold": 6557,
        "dilutedAverageSharesOutstanding": 2665.5,
        "dilutedEPS": 1.36,
        "ebit": 4211,
        "grossIncome": 11779,
        "interestExpense": 45,
        "interestIncomeExpense": 450,
        "netIncome": 3626,
        "netIncomeAfterTaxes": 3626,
        "nonRecurringItems": -721,
        "otherOperatingExpensesTotal": -132,
        "period": "2020-06-28",
        "pretaxIncome": 3940,
        "provisionforIncomeTaxes": 314,
        "researchDevelopment": 2707,
        "revenue": 18336,
        "sgaExpense": 4993,
        "totalOperatingExpense": 7568
      },
      {
        "costOfGoodsSold": 7047,
        "dilutedAverageSharesOutstanding": 2671,
        "dilutedEPS": 2.16,
        "ebit": 5896,
        "grossIncome": 13644,
        "interestExpense": 25,
        "interestIncomeExpense": -169,
        "netIncome": 5796,
        "netIncomeAfterTaxes": 5496,
        "nonRecurringItems": 782,
        "otherOperatingExpensesTotal": -35,
        "period": "2020-03-29",
        "pretaxIncome": 6509,
        "provisionforIncomeTaxes": 1013,
        "researchDevelopment": 2580,
        "revenue": 20691,
        "sgaExpense": 5203,
        "totalOperatingExpense": 7748
      },
      {
        "costOfGoodsSold": 7115,
        "dilutedAverageSharesOutstanding": 2672.9,
        "dilutedEPS": 1.5,
        "ebit": 4385,
        "grossIncome": 13632,
        "interestExpense": 85,
        "interestIncomeExpense": 39,
        "netIncome": 4010,
        "netIncomeAfterTaxes": 4010,
        "nonRecurringItems": -206,
        "otherOperatingExpensesTotal": -24,
        "period": "2019-12-29",
        "pretaxIncome": 4218,
        "provisionforIncomeTaxes": 208,
        "researchDevelopment": 3232,
        "revenue": 20747,
        "sgaExpense": 6039,
        "totalOperatingExpense": 9247
      },
      {
        "costOfGoodsSold": 6847,
        "dilutedAverageSharesOutstanding": 2669.9,
        "dilutedEPS": 0.66,
        "ebit": 1721,
        "grossIncome": 13882,
        "interestExpense": 48,
        "interestIncomeExpense": 54,
        "netIncome": 1753,
        "netIncomeAfterTaxes": 1753,
        "nonRecurringItems": -128,
        "otherOperatingExpensesTotal": 4188,
        "period": "2019-09-29",
        "pretaxIncome": 1647,
        "provisionforIncomeTaxes": -106,
        "researchDevelopment": 2599,
        "revenue": 20729,
        "sgaExpense": 5374,
        "totalOperatingExpense": 12161
      },
      {
        "costOfGoodsSold": 6902,
        "dilutedAverageSharesOutstanding": 2691.7,
        "dilutedEPS": 2.08,
        "ebit": 7128,
        "grossIncome": 13660,
        "interestExpense": 83,
        "interestIncomeExpense": 55,
        "netIncome": 5607,
        "netIncomeAfterTaxes": 5607,
        "nonRecurringItems": -142,
        "otherOperatingExpensesTotal": -1680,
        "period": "2019-06-30",
        "pretaxIncome": 7041,
        "provisionforIncomeTaxes": 1434,
        "researchDevelopment": 2666,
        "revenue": 20562,
        "sgaExpense": 5546,
        "totalOperatingExpense": 6532
      },
      {
        "costOfGoodsSold": 6592,
        "dilutedAverageSharesOutstanding": 2698.8,
        "dilutedEPS": 1.39,
        "ebit": 5367,
        "grossIncome": 13429,
        "interestExpense": 102,
        "interestIncomeExpense": 35,
        "netIncome": 3749,
        "netIncomeAfterTaxes": 3749,
        "nonRecurringItems": -980,
        "otherOperatingExpensesTotal": -15,
        "period": "2019-03-31",
        "pretaxIncome": 4422,
        "provisionforIncomeTaxes": 673,
        "researchDevelopment": 2858,
        "revenue": 20021,
        "sgaExpense": 5219,
        "totalOperatingExpense": 8062
      },
      {
        "costOfGoodsSold": 6929,
        "dilutedAverageSharesOutstanding": 2726,
        "dilutedEPS": 1.12,
        "ebit": 3403,
        "grossIncome": 13465,
        "interestExpense": 250,
        "interestIncomeExpense": -54,
        "netIncome": 3042,
        "netIncomeAfterTaxes": 3042,
        "nonRecurringItems": -227,
        "otherOperatingExpensesTotal": 847,
        "period": "2018-12-30",
        "pretaxIncome": 3122,
        "provisionforIncomeTaxes": 80,
        "researchDevelopment": 3224,
        "revenue": 20394,
        "sgaExpense": 5991,
        "totalOperatingExpense": 10062
      },
      {
        "costOfGoodsSold": 6566,
        "dilutedAverageSharesOutstanding": 2727.6,
        "dilutedEPS": 1.44,
        "ebit": 5807,
        "grossIncome": 13782,
        "interestExpense": 243,
        "interestIncomeExpense": -68,
        "netIncome": 3934,
        "netIncomeAfterTaxes": 3934,
        "nonRecurringItems": -1316,
        "otherOperatingExpensesTotal": -76,
        "period": "2018-09-30",
        "pretaxIncome": 4423,
        "provisionforIncomeTaxes": 489,
        "researchDevelopment": 2508,
        "revenue": 20348,
        "sgaExpense": 5543,
        "totalOperatingExpense": 7975
      },
      {
        "costOfGoodsSold": 6883,
        "dilutedAverageSharesOutstanding": 2721.3,
        "dilutedEPS": 1.45,
        "ebit": 5276,
        "grossIncome": 13947,
        "interestExpense": 253,
        "interestIncomeExpense": -127,
        "netIncome": 3954,
        "netIncomeAfterTaxes": 3954,
        "nonRecurringItems": -176,
        "otherOperatingExpensesTotal": 289,
        "period": "2018-07-01",
        "pretaxIncome": 4973,
        "provisionforIncomeTaxes": 1019,
        "researchDevelopment": 2639,
        "revenue": 20830,
        "sgaExpense": 5743,
        "totalOperatingExpense": 8671
      },
      {
        "costOfGoodsSold": 6608,
        "dilutedAverageSharesOutstanding": 2731.9,
        "dilutedEPS": 1.6,
        "ebit": 5747,
        "grossIncome": 13401,
        "interestExpense": 259,
        "interestIncomeExpense": -159,
        "netIncome": 4367,
        "netIncomeAfterTaxes": 4367,
        "nonRecurringItems": -107,
        "otherOperatingExpensesTotal": -13,
        "period": "2018-04-01",
        "pretaxIncome": 5481,
        "provisionforIncomeTaxes": 1114,
        "researchDevelopment": 2404,
        "revenue": 20009,
        "sgaExpense": 5263,
        "totalOperatingExpense": 7654
      },
      {
        "costOfGoodsSold": 7171,
        "dilutedAverageSharesOutstanding": 2684.8,
        "dilutedEPS": -3.99,
        "ebit": 3752,
        "grossIncome": 13024,
        "interestExpense": 274,
        "interestIncomeExpense": -189,
        "netIncome": -10713,
        "netIncomeAfterTaxes": 2287,
        "nonRecurringItems": -1003,
        "otherOperatingExpensesTotal": -416,
        "period": "2017-12-31",
        "pretaxIncome": 2560,
        "provisionforIncomeTaxes": 273,
        "researchDevelopment": 3643,
        "revenue": 20195,
        "sgaExpense": 6045,
        "totalOperatingExpense": 9272
      },
      {
        "costOfGoodsSold": 6925,
        "dilutedAverageSharesOutstanding": 2737.7,
        "dilutedEPS": 1.37,
        "ebit": 5014,
        "grossIncome": 12725,
        "interestExpense": 229,
        "interestIncomeExpense": -155,
        "netIncome": 3764,
        "netIncomeAfterTaxes": 3764,
        "nonRecurringItems": -69,
        "otherOperatingExpensesTotal": -297,
        "period": "2017-10-01",
        "pretaxIncome": 4790,
        "provisionforIncomeTaxes": 1026,
        "researchDevelopment": 2585,
        "revenue": 19650,
        "sgaExpense": 5423,
        "totalOperatingExpense": 7711
      },
      {
        "costOfGoodsSold": 5846,
        "dilutedAverageSharesOutstanding": 2741.5,
        "dilutedEPS": 1.4,
        "ebit": 4881,
        "grossIncome": 12993,
        "interestExpense": 227,
        "interestIncomeExpense": -122,
        "netIncome": 3827,
        "netIncomeAfterTaxes": 3827,
        "nonRecurringItems": -11,
        "otherOperatingExpensesTotal": 527,
        "period": "2017-07-02",
        "pretaxIncome": 4748,
        "provisionforIncomeTaxes": 921,
        "researchDevelopment": 2296,
        "revenue": 18839,
        "sgaExpense": 5289,
        "totalOperatingExpense": 8112
      },
      {
        "costOfGoodsSold": 5409,
        "dilutedAverageSharesOutstanding": 2754.5,
        "dilutedEPS": 1.61,
        "ebit": 5766,
        "grossIncome": 12357,
        "interestExpense": 204,
        "interestIncomeExpense": -106,
        "netIncome": 4422,
        "netIncomeAfterTaxes": 4422,
        "nonRecurringItems": -85,
        "otherOperatingExpensesTotal": -247,
        "period": "2017-04-02",
        "pretaxIncome": 5575,
        "provisionforIncomeTaxes": 1153,
        "researchDevelopment": 2075,
        "revenue": 17766,
        "sgaExpense": 4763,
        "totalOperatingExpense": 6591
      },
      {
        "costOfGoodsSold": 5516,
        "dilutedAverageSharesOutstanding": 2765.8,
        "dilutedEPS": 1.38,
        "ebit": 4751,
        "grossIncome": 12590,
        "interestExpense": 184,
        "interestIncomeExpense": -129,
        "netIncome": 3814,
        "netIncomeAfterTaxes": 3814,
        "nonRecurringItems": -298,
        "otherOperatingExpensesTotal": -110,
        "period": "2017-01-01",
        "pretaxIncome": 4324,
        "provisionforIncomeTaxes": 510,
        "researchDevelopment": 2640,
        "revenue": 18106,
        "sgaExpense": 5309,
        "totalOperatingExpense": 7839
      },
      {
        "costOfGoodsSold": 5483,
        "dilutedAverageSharesOutstanding": 2785.4,
        "dilutedEPS": 1.53,
        "ebit": 5449,
        "grossIncome": 12337,
        "interestExpense": 192,
        "interestIncomeExpense": -59,
        "netIncome": 4272,
        "netIncomeAfterTaxes": 4272,
        "nonRecurringItems": -109,
        "otherOperatingExpensesTotal": -63,
        "period": "2016-10-02",
        "pretaxIncome": 5281,
        "provisionforIncomeTaxes": 1009,
        "researchDevelopment": 2179,
        "revenue": 17820,
        "sgaExpense": 4772,
        "totalOperatingExpense": 6888
      },
      {
        "costOfGoodsSold": 5329,
        "dilutedAverageSharesOutstanding": 2794.2,
        "dilutedEPS": 1.43,
        "ebit": 5141,
        "grossIncome": 13153,
        "interestExpense": 190,
        "interestIncomeExpense": -67,
        "netIncome": 3997,
        "netIncomeAfterTaxes": 3997,
        "nonRecurringItems": -170,
        "otherOperatingExpensesTotal": 573,
        "period": "2016-07-03",
        "pretaxIncome": 4904,
        "provisionforIncomeTaxes": 907,
        "researchDevelopment": 2263,
        "revenue": 18482,
        "sgaExpense": 5176,
        "totalOperatingExpense": 8012
      },
      {
        "costOfGoodsSold": 5312,
        "dilutedAverageSharesOutstanding": 2803.8,
        "dilutedEPS": 1.59,
        "ebit": 5516,
        "grossIncome": 12170,
        "interestExpense": 160,
        "interestIncomeExpense": -85,
        "netIncome": 4457,
        "netIncomeAfterTaxes": 4457,
        "nonRecurringItems": -137,
        "otherOperatingExpensesTotal": -47,
        "period": "2016-04-03",
        "pretaxIncome": 5294,
        "provisionforIncomeTaxes": 837,
        "researchDevelopment": 2013,
        "revenue": 17482,
        "sgaExpense": 4688,
        "totalOperatingExpense": 6654
      },
      {
        "costOfGoodsSold": 5592,
        "dilutedAverageSharesOutstanding": 2800.3,
        "dilutedEPS": 1.15,
        "ebit": 4601,
        "grossIncome": 12219,
        "interestExpense": 160,
        "interestIncomeExpense": -39,
        "netIncome": 3215,
        "netIncomeAfterTaxes": 3215,
        "nonRecurringItems": -804,
        "otherOperatingExpensesTotal": -1138,
        "period": "2016-01-03",
        "pretaxIncome": 3758,
        "provisionforIncomeTaxes": 543,
        "researchDevelopment": 2865,
        "revenue": 17811,
        "sgaExpense": 5891,
        "totalOperatingExpense": 7618
      },
      {
        "costOfGoodsSold": 5224,
        "dilutedAverageSharesOutstanding": 2807.2,
        "dilutedEPS": 1.2,
        "ebit": 4232,
        "grossIncome": 11878,
        "interestExpense": 123,
        "interestIncomeExpense": -100,
        "netIncome": 3358,
        "netIncomeAfterTaxes": 3358,
        "nonRecurringItems": -10,
        "otherOperatingExpensesTotal": 411,
        "period": "2015-09-27",
        "pretaxIncome": 4122,
        "provisionforIncomeTaxes": 764,
        "researchDevelopment": 2154,
        "revenue": 17102,
        "sgaExpense": 5081,
        "totalOperatingExpense": 7646
      }
    ],
    "symbol": "JNJ"
  }
}