{
  "symbol": "GE",
  "statement": "ic",
  "frequency": "annual",
  "timestamp": "2025-09-19T14:00:52.297927",
  "data": {
    "financials": [
      {
        "costOfGoodsSold": 25267,
        "dilutedAverageSharesOutstanding": 1094,
        "dilutedEPS": 5.99,
        "ebit": 5802,
        "grossIncome": 13435,
        "interestIncomeExpense": 1504,
        "minorityInterest": -11,
        "netIncome": 6556,
        "netIncomeAfterTaxes": 6658,
        "nonRecurringItems": -890,
        "otherOperatingExpensesTotal": 2429,
        "period": "2024-12-31",
        "pretaxIncome": 7620,
        "provisionforIncomeTaxes": 962,
        "researchDevelopment": 1286,
        "revenue": 38702,
        "sgaExpense": 3918,
        "totalOperatingExpense": 7633,
        "totalOtherIncomeExpenseNet": 1204,
        "year": 2024
      },
      {
        "costOfGoodsSold": 23958,
        "dilutedAverageSharesOutstanding": 1099,
        "dilutedEPS": 8.36,
        "ebit": 3698,
        "grossIncome": 11390,
        "interestIncomeExpense": 6584,
        "minorityInterest": 37,
        "netIncome": 9188,
        "netIncomeAfterTaxes": 9447,
        "nonRecurringItems": -1057,
        "otherOperatingExpensesTotal": 2886,
        "period": "2023-12-31",
        "pretaxIncome": 10441,
        "provisionforIncomeTaxes": 994,
        "researchDevelopment": 1011,
        "revenue": 35348,
        "sgaExpense": 3795,
        "totalOperatingExpense": 7692,
        "totalOtherIncomeExpenseNet": 1216,
        "year": 2023
      },
      {
        "costOfGoodsSold": 20311,
        "dilutedAverageSharesOutstanding": 1101,
        "dilutedEPS": 0.04,
        "ebit": 2271,
        "grossIncome": 8828,
        "interestIncomeExpense": 584,
        "minorityInterest": -67,
        "netIncome": 48,
        "netIncomeAfterTaxes": 1358,
        "nonRecurringItems": -1583,
        "otherOperatingExpensesTotal": 2593,
        "period": "2022-12-31",
        "pretaxIncome": 1522,
        "provisionforIncomeTaxes": 164,
        "researchDevelopment": 808,
        "revenue": 29139,
        "sgaExpense": 3156,
        "totalOperatingExpense": 6557,
        "totalOtherIncomeExpenseNet": 250,
        "year": 2022
      },
      {
        "costOfGoodsSold": 44757,
        "dilutedAverageSharesOutstanding": 1098,
        "dilutedEPS": -5.99,
        "ebit": 69,
        "grossIncome": 11712,
        "interestExpense": 63,
        "interestIncomeExpense": 2048,
        "minorityInterest": 71,
        "netIncome": -6583,
        "netIncomeAfterTaxes": -4938,
        "nonRecurringItems": -7239,
        "otherOperatingExpensesTotal": 2174,
        "period": "2021-12-31",
        "pretaxIncome": -5695,
        "provisionforIncomeTaxes": -757,
        "researchDevelopment": 1682,
        "revenue": 56469,
        "sgaExpense": 7787,
        "totalOperatingExpense": 11643,
        "totalOtherIncomeExpenseNet": -573,
        "year": 2021
      },
      {
        "costOfGoodsSold": 59319,
        "dilutedAverageSharesOutstanding": 1095,
        "dilutedEPS": 4.62,
        "ebit": -389,
        "grossIncome": 16515,
        "interestExpense": 50,
        "interestIncomeExpense": -1490,
        "minorityInterest": 158,
        "netIncome": 5066,
        "netIncomeAfterTaxes": 6505,
        "nonRecurringItems": 9923,
        "otherOperatingExpensesTotal": 2557,
        "period": "2020-12-31",
        "pretaxIncome": 5969,
        "provisionforIncomeTaxes": -536,
        "researchDevelopment": 2565,
        "revenue": 75834,
        "sgaExpense": 11782,
        "totalOperatingExpense": 16904,
        "totalOtherIncomeExpenseNet": -2075,
        "year": 2020
      },
      {
        "costOfGoodsSold": 67292,
        "dilutedAverageSharesOutstanding": 1091,
        "dilutedEPS": -4.98,
        "ebit": 3528,
        "grossIncome": 22929,
        "interestExpense": 101,
        "interestIncomeExpense": 1670,
        "minorityInterest": -7,
        "netIncome": -5440,
        "netIncomeAfterTaxes": -604,
        "nonRecurringItems": -3082,
        "otherOperatingExpensesTotal": 3470,
        "period": "2019-12-31",
        "pretaxIncome": -54,
        "provisionforIncomeTaxes": 550,
        "researchDevelopment": 3118,
        "revenue": 90221,
        "sgaExpense": 12813,
        "totalOperatingExpense": 19401,
        "totalOtherIncomeExpenseNet": -2170,
        "year": 2019
      },
      {
        "costOfGoodsSold": 74700,
        "dilutedAverageSharesOutstanding": 1086.375,
        "dilutedEPS": -20.99,
        "ebit": 6593,
        "grossIncome": 22312,
        "interestExpense": 1784,
        "interestIncomeExpense": -1201,
        "minorityInterest": 90,
        "netIncome": -22809,
        "netIncomeAfterTaxes": -20869,
        "nonRecurringItems": -24130,
        "otherOperatingExpensesTotal": 3204,
        "period": "2018-12-31",
        "pretaxIncome": -20987,
        "provisionforIncomeTaxes": -118,
        "revenue": 97012,
        "sgaExpense": 12515,
        "totalOperatingExpense": 15719,
        "totalOtherIncomeExpenseNet": -2249,
        "year": 2018
      },
      {
        "costOfGoodsSold": 76938,
        "dilutedAverageSharesOutstanding": 1085.875,
        "dilutedEPS": -8.23,
        "ebit": -3944,
        "grossIncome": 22341,
        "interestExpense": 1510,
        "interestIncomeExpense": -944,
        "minorityInterest": 283,
        "netIncome": -8944,
        "netIncomeAfterTaxes": -3837,
        "nonRecurringItems": -4526,
        "otherOperatingExpensesTotal": 13228,
        "period": "2017-12-31",
        "pretaxIncome": -11344,
        "provisionforIncomeTaxes": -7507,
        "revenue": 99279,
        "sgaExpense": 13057,
        "totalOperatingExpense": 26285,
        "totalOtherIncomeExpenseNet": -1930,
        "year": 2017
      },
      {
        "costOfGoodsSold": 89142,
        "dilutedAverageSharesOutstanding": 1141.25,
        "dilutedEPS": 5.98,
        "ebit": 9892,
        "grossIncome": 30326,
        "interestExpense": 1235,
        "interestIncomeExpense": -896,
        "minorityInterest": 289,
        "netIncome": 6829,
        "netIncomeAfterTaxes": 8164,
        "nonRecurringItems": 331,
        "otherOperatingExpensesTotal": 3778,
        "period": "2016-12-31",
        "pretaxIncome": 7031,
        "provisionforIncomeTaxes": -1133,
        "revenue": 119468,
        "sgaExpense": 16656,
        "totalOperatingExpense": 20434,
        "totalOtherIncomeExpenseNet": -2296,
        "year": 2016
      },
      {
        "costOfGoodsSold": 83994,
        "dilutedAverageSharesOutstanding": 1243,
        "dilutedEPS": -4.93,
        "ebit": 8721,
        "gainLossOnDispositionOfAssets": 90,
        "grossIncome": 31164,
        "interestExpense": 1162,
        "interestIncomeExpense": -1052,
        "minorityInterest": -332,
        "netIncome": -6135,
        "netIncomeAfterTaxes": 1701,
        "nonRecurringItems": -580,
        "otherOperatingExpensesTotal": 4612,
        "period": "2015-12-31",
        "pretaxIncome": 8186,
        "provisionforIncomeTaxes": 6485,
        "revenue": 115158,
        "sgaExpense": 17831,
        "totalOperatingExpense": 22443,
        "totalOtherIncomeExpenseNet": 1007,
        "year": 2015
      }
    ],
    "symbol": "GE"
  }
}