{
  "symbol": "MRNA",
  "statement": "ic",
  "frequency": "quarterly",
  "timestamp": "2025-09-19T14:04:07.654668",
  "data": {
    "financials": [
      {
        "costOfGoodsSold": 81,
        "dilutedAverageSharesOutstanding": 388,
        "dilutedEPS": -2.1263,
        "ebit": -869,
        "grossIncome": 61,
        "interestExpense": 1,
        "interestIncomeExpense": 80,
        "netIncome": -825,
        "netIncomeAfterTaxes": -825,
        "nonRecurringItems": -38,
        "period": "2025-06-30",
        "pretaxIncome": -818,
        "provisionforIncomeTaxes": 7,
        "researchDevelopment": 700,
        "revenue": 142,
        "sgaExpense": 230,
        "totalOperatingExpense": 930,
        "totalOtherIncomeExpenseNet": 9
      },
      {
        "costOfGoodsSold": 48,
        "dilutedAverageSharesOutstanding": 386,
        "dilutedEPS": -2.5155,
        "ebit": -1008,
        "grossIncome": 60,
        "interestExpense": 1,
        "interestIncomeExpense": 82,
        "netIncome": -971,
        "netIncomeAfterTaxes": -971,
        "nonRecurringItems": -42,
        "period": "2025-03-31",
        "pretaxIncome": -964,
        "provisionforIncomeTaxes": 7,
        "researchDevelopment": 856,
        "revenue": 108,
        "sgaExpense": 212,
        "totalOperatingExpense": 1068,
        "totalOtherIncomeExpenseNet": 4
      },
      {
        "costOfGoodsSold": 546,
        "dilutedAverageSharesOutstanding": 387,
        "dilutedEPS": -2.8941,
        "ebit": -1053,
        "grossIncome": 420,
        "interestExpense": 6,
        "interestIncomeExpense": 76,
        "netIncome": -1120,
        "netIncomeAfterTaxes": -1120,
        "nonRecurringItems": -193,
        "period": "2024-12-31",
        "pretaxIncome": -1184,
        "provisionforIncomeTaxes": -64,
        "researchDevelopment": 1122,
        "revenue": 966,
        "sgaExpense": 351,
        "totalOperatingExpense": 1473,
        "totalOtherIncomeExpenseNet": -14
      },
      {
        "costOfGoodsSold": 300,
        "dilutedAverageSharesOutstanding": 399,
        "dilutedEPS": 0.0326,
        "ebit": 144,
        "grossIncome": 1562,
        "interestExpense": 6,
        "interestIncomeExpense": 88,
        "netIncome": 13,
        "netIncomeAfterTaxes": 13,
        "nonRecurringItems": -214,
        "period": "2024-09-30",
        "pretaxIncome": 21,
        "provisionforIncomeTaxes": 8,
        "researchDevelopment": 1137,
        "revenue": 1862,
        "sgaExpense": 281,
        "totalOperatingExpense": 1418,
        "totalOtherIncomeExpenseNet": 3
      },
      {
        "costOfGoodsSold": 101,
        "dilutedAverageSharesOutstanding": 384,
        "dilutedEPS": -3.33,
        "ebit": -1349,
        "grossIncome": 140,
        "interestExpense": 6,
        "interestIncomeExpense": 82,
        "netIncome": -1279,
        "netIncomeAfterTaxes": -1279,
        "nonRecurringItems": -14,
        "period": "2024-06-30",
        "pretaxIncome": -1279,
        "provisionforIncomeTaxes": 0,
        "researchDevelopment": 1221,
        "revenue": 241,
        "sgaExpense": 268,
        "totalOperatingExpense": 1489,
        "totalOtherIncomeExpenseNet": 2
      },
      {
        "costOfGoodsSold": 66,
        "dilutedAverageSharesOutstanding": 382,
        "dilutedEPS": -3.08,
        "ebit": -1236,
        "grossIncome": 101,
        "interestExpense": 6,
        "interestIncomeExpense": 99,
        "netIncome": -1175,
        "netIncomeAfterTaxes": -1175,
        "nonRecurringItems": -30,
        "period": "2024-03-31",
        "pretaxIncome": -1165,
        "provisionforIncomeTaxes": 10,
        "researchDevelopment": 1063,
        "revenue": 167,
        "sgaExpense": 274,
        "totalOperatingExpense": 1337,
        "totalOtherIncomeExpenseNet": 2
      },
      {
        "costOfGoodsSold": 629,
        "dilutedAverageSharesOutstanding": 382,
        "dilutedEPS": 0.5681,
        "ebit": 306,
        "grossIncome": 2182,
        "interestExpense": 6,
        "interestIncomeExpense": 75,
        "netIncome": 217,
        "netIncomeAfterTaxes": 217,
        "nonRecurringItems": -300,
        "period": "2023-12-31",
        "pretaxIncome": 70,
        "provisionforIncomeTaxes": -147,
        "researchDevelopment": 1406,
        "revenue": 2811,
        "sgaExpense": 470,
        "totalOperatingExpense": 1876,
        "totalOtherIncomeExpenseNet": -11
      },
      {
        "costOfGoodsSold": 2241,
        "dilutedAverageSharesOutstanding": 381,
        "dilutedEPS": -9.53,
        "ebit": -2012,
        "grossIncome": -410,
        "interestExpense": 10,
        "interestIncomeExpense": 58,
        "netIncome": -3630,
        "netIncomeAfterTaxes": -3630,
        "period": "2023-09-30",
        "pretaxIncome": -1958,
        "provisionforIncomeTaxes": 1672,
        "researchDevelopment": 1160,
        "revenue": 1831,
        "sgaExpense": 442,
        "totalOperatingExpense": 1602,
        "totalOtherIncomeExpenseNet": -4
      },
      {
        "costOfGoodsSold": 731,
        "dilutedAverageSharesOutstanding": 381,
        "dilutedEPS": -3.62,
        "ebit": -1867,
        "grossIncome": -387,
        "interestExpense": 13,
        "interestIncomeExpense": 113,
        "netIncome": -1380,
        "netIncomeAfterTaxes": -1380,
        "period": "2023-06-30",
        "pretaxIncome": -1749,
        "provisionforIncomeTaxes": -369,
        "researchDevelopment": 1148,
        "revenue": 344,
        "sgaExpense": 332,
        "totalOperatingExpense": 1480,
        "totalOtherIncomeExpenseNet": 5
      },
      {
        "costOfGoodsSold": 792,
        "dilutedAverageSharesOutstanding": 405,
        "dilutedEPS": 0.2,
        "ebit": -366,
        "grossIncome": 1070,
        "interestExpense": 9,
        "interestIncomeExpense": 65,
        "netIncome": 79,
        "netIncomeAfterTaxes": 79,
        "period": "2023-03-31",
        "pretaxIncome": -305,
        "provisionforIncomeTaxes": -384,
        "researchDevelopment": 1131,
        "revenue": 1862,
        "sgaExpense": 305,
        "totalOperatingExpense": 1436,
        "totalOtherIncomeExpenseNet": -4
      },
      {
        "costOfGoodsSold": 1918,
        "dilutedAverageSharesOutstanding": 407,
        "dilutedEPS": 3.6,
        "ebit": 1580,
        "grossIncome": 3166,
        "interestExpense": 10,
        "interestIncomeExpense": 75,
        "netIncome": 1465,
        "netIncomeAfterTaxes": 1465,
        "period": "2022-12-31",
        "pretaxIncome": 1655,
        "provisionforIncomeTaxes": 190,
        "researchDevelopment": 1211,
        "revenue": 5084,
        "sgaExpense": 375,
        "totalOperatingExpense": 1586,
        "totalOtherIncomeExpenseNet": 0
      },
      {
        "costOfGoodsSold": 1100,
        "dilutedAverageSharesOutstanding": 412,
        "dilutedEPS": 2.53,
        "ebit": 1166,
        "grossIncome": 2264,
        "interestExpense": 8,
        "interestIncomeExpense": 46,
        "netIncome": 1043,
        "netIncomeAfterTaxes": 1043,
        "period": "2022-09-30",
        "pretaxIncome": 1217,
        "provisionforIncomeTaxes": 174,
        "researchDevelopment": 820,
        "revenue": 3364,
        "sgaExpense": 278,
        "totalOperatingExpense": 1098,
        "totalOtherIncomeExpenseNet": 5
      },
      {
        "costOfGoodsSold": 1381,
        "dilutedAverageSharesOutstanding": 419,
        "dilutedEPS": 5.24,
        "ebit": 2447,
        "grossIncome": 3368,
        "interestExpense": 5,
        "interestIncomeExpense": 27,
        "netIncome": 2197,
        "netIncomeAfterTaxes": 2197,
        "period": "2022-06-30",
        "pretaxIncome": 2474,
        "provisionforIncomeTaxes": 277,
        "researchDevelopment": 710,
        "revenue": 4749,
        "sgaExpense": 211,
        "totalOperatingExpense": 921,
        "totalOtherIncomeExpenseNet": 0
      },
      {
        "costOfGoodsSold": 1017,
        "dilutedAverageSharesOutstanding": 426,
        "dilutedEPS": 8.58,
        "ebit": 4227,
        "grossIncome": 5049,
        "interestExpense": 6,
        "interestIncomeExpense": 3,
        "netIncome": 3657,
        "netIncomeAfterTaxes": 3657,
        "period": "2022-03-31",
        "pretaxIncome": 4229,
        "provisionforIncomeTaxes": 572,
        "researchDevelopment": 554,
        "revenue": 6066,
        "sgaExpense": 268,
        "totalOperatingExpense": 822,
        "totalOtherIncomeExpenseNet": -1
      },
      {
        "costOfGoodsSold": 952,
        "dilutedAverageSharesOutstanding": 431,
        "dilutedEPS": 11.29,
        "ebit": 5410,
        "grossIncome": 6259,
        "interestExpense": 6,
        "interestIncomeExpense": 0,
        "netIncome": 4868,
        "netIncomeAfterTaxes": 4868,
        "period": "2021-12-31",
        "pretaxIncome": 5410,
        "provisionforIncomeTaxes": 542,
        "researchDevelopment": 648,
        "revenue": 7211,
        "sgaExpense": 201,
        "totalOperatingExpense": 849,
        "totalOtherIncomeExpenseNet": 0
      },
      {
        "costOfGoodsSold": 722,
        "dilutedAverageSharesOutstanding": 434,
        "dilutedEPS": 7.68,
        "ebit": 3558,
        "grossIncome": 4247,
        "interestExpense": 4,
        "interestIncomeExpense": 0,
        "netIncome": 3333,
        "netIncomeAfterTaxes": 3333,
        "period": "2021-09-30",
        "pretaxIncome": 3552,
        "provisionforIncomeTaxes": 219,
        "researchDevelopment": 521,
        "revenue": 4969,
        "sgaExpense": 168,
        "totalOperatingExpense": 689,
        "totalOtherIncomeExpenseNet": -6
      },
      {
        "costOfGoodsSold": 750,
        "dilutedAverageSharesOutstanding": 431,
        "dilutedEPS": 6.45,
        "ebit": 3062,
        "grossIncome": 3604,
        "interestExpense": 5,
        "interestIncomeExpense": 0,
        "netIncome": 2780,
        "netIncomeAfterTaxes": 2780,
        "period": "2021-06-30",
        "pretaxIncome": 3063,
        "provisionforIncomeTaxes": 283,
        "researchDevelopment": 421,
        "revenue": 4354,
        "sgaExpense": 121,
        "totalOperatingExpense": 542,
        "totalOtherIncomeExpenseNet": 1
      },
      {
        "costOfGoodsSold": 193,
        "dilutedAverageSharesOutstanding": 430,
        "dilutedEPS": 2.84,
        "ebit": 1266,
        "grossIncome": 1744,
        "interestExpense": 3,
        "interestIncomeExpense": 1,
        "netIncome": 1221,
        "netIncomeAfterTaxes": 1221,
        "period": "2021-03-31",
        "pretaxIncome": 1260,
        "provisionforIncomeTaxes": 39,
        "researchDevelopment": 401,
        "revenue": 1937,
        "sgaExpense": 77,
        "totalOperatingExpense": 478,
        "totalOtherIncomeExpenseNet": -7
      },
      {
        "costOfGoodsSold": 7.9,
        "dilutedAverageSharesOutstanding": 396.8,
        "dilutedEPS": -0.69,
        "ebit": -275,
        "grossIncome": 562.8,
        "interestExpense": 3.506,
        "interestIncomeExpense": 0.9,
        "netIncome": -272.5,
        "netIncomeAfterTaxes": -272.5,
        "period": "2020-12-31",
        "pretaxIncome": -271,
        "provisionforIncomeTaxes": 1.5,
        "researchDevelopment": 758.9,
        "revenue": 570.7,
        "sgaExpense": 79,
        "totalOperatingExpense": 837.9,
        "totalOtherIncomeExpenseNet": 3.1
      },
      {
        "dilutedAverageSharesOutstanding": 394.7,
        "dilutedEPS": -0.59,
        "ebit": -235.1,
        "interestExpense": 2.843,
        "interestIncomeExpense": 2.9,
        "netIncome": -233.6,
        "netIncomeAfterTaxes": -233.6,
        "period": "2020-09-30",
        "pretaxIncome": -232.8,
        "provisionforIncomeTaxes": 0.9,
        "researchDevelopment": 344.5,
        "revenue": 157.9,
        "sgaExpense": 48.5,
        "totalOperatingExpense": 393,
        "totalOtherIncomeExpenseNet": -0.6
      },
      {
        "dilutedAverageSharesOutstanding": 380.5,
        "dilutedEPS": -0.31,
        "ebit": -122.1,
        "interestExpense": 1.878,
        "interestIncomeExpense": 5.8,
        "netIncome": -116.7,
        "netIncomeAfterTaxes": -116.7,
        "period": "2020-06-30",
        "pretaxIncome": -116.6,
        "provisionforIncomeTaxes": 0.1,
        "researchDevelopment": 151.9,
        "revenue": 66.4,
        "sgaExpense": 36.6,
        "totalOperatingExpense": 188.5,
        "totalOtherIncomeExpenseNet": -0.2
      },
      {
        "dilutedAverageSharesOutstanding": 353.1,
        "dilutedEPS": -0.35,
        "ebit": -130.9,
        "interestExpense": 1.666,
        "interestIncomeExpense": 6.5,
        "netIncome": -124.2,
        "netIncomeAfterTaxes": -124.2,
        "period": "2020-03-31",
        "pretaxIncome": -124.2,
        "provisionforIncomeTaxes": 0.1,
        "researchDevelopment": 115.1,
        "revenue": 8.4,
        "sgaExpense": 24.1,
        "totalOperatingExpense": 139.3,
        "totalOtherIncomeExpenseNet": 0.2
      },
      {
        "dilutedAverageSharesOutstanding": 334.4,
        "dilutedEPS": -0.37,
        "ebit": -129.1,
        "interestExpense": 1.995,
        "interestIncomeExpense": 6.2,
        "netIncome": -123.1,
        "netIncomeAfterTaxes": -123.1,
        "period": "2019-12-31",
        "pretaxIncome": -123.3,
        "provisionforIncomeTaxes": -0.2,
        "researchDevelopment": 117.5,
        "revenue": 14.1,
        "sgaExpense": 25.6,
        "totalOperatingExpense": 143.1,
        "totalOtherIncomeExpenseNet": -0.4
      },
      {
        "dilutedAverageSharesOutstanding": 330.8,
        "dilutedEPS": -0.37,
        "ebit": -130.8,
        "interestExpense": 1.657,
        "interestIncomeExpense": 7.7,
        "netIncome": -123.2,
        "netIncomeAfterTaxes": -123.2,
        "period": "2019-09-30",
        "pretaxIncome": -123.4,
        "provisionforIncomeTaxes": -0.2,
        "researchDevelopment": 119.6,
        "revenue": 17,
        "sgaExpense": 28.2,
        "totalOperatingExpense": 147.8,
        "totalOtherIncomeExpenseNet": -0.3
      },
      {
        "dilutedAverageSharesOutstanding": 329.2,
        "dilutedEPS": -0.41,
        "ebit": -143.7,
        "interestExpense": 1.765,
        "interestIncomeExpense": 8.6,
        "netIncome": -134.9,
        "netIncomeAfterTaxes": -134.9,
        "period": "2019-06-30",
        "pretaxIncome": -135.3,
        "provisionforIncomeTaxes": -0.3,
        "researchDevelopment": 128.3,
        "revenue": 13.1,
        "sgaExpense": 28.5,
        "totalOperatingExpense": 156.8,
        "totalOtherIncomeExpenseNet": -0.1
      },
      {
        "dilutedAverageSharesOutstanding": 328.8,
        "dilutedEPS": -0.4,
        "ebit": -141.6,
        "interestExpense": 1.533,
        "interestIncomeExpense": 9.4,
        "netIncome": -132.6,
        "netIncomeAfterTaxes": -132.6,
        "period": "2019-03-31",
        "pretaxIncome": -132.6,
        "provisionforIncomeTaxes": 0,
        "researchDevelopment": 130.4,
        "revenue": 16,
        "sgaExpense": 27.3,
        "totalOperatingExpense": 157.7,
        "totalOtherIncomeExpenseNet": -0.4
      },
      {
        "dilutedAverageSharesOutstanding": 342,
        "dilutedEPS": -0.42,
        "ebit": -153,
        "interestExpense": 1.525,
        "interestIncomeExpense": 6,
        "netIncome": -144.1,
        "netIncomeAfterTaxes": -141.4,
        "period": "2018-12-31",
        "pretaxIncome": -141.3,
        "provisionforIncomeTaxes": 0.2,
        "researchDevelopment": 150.4,
        "revenue": 35.4,
        "sgaExpense": 38,
        "totalOperatingExpense": 188.5,
        "totalOtherIncomeExpenseNet": 5.7
      },
      {
        "dilutedAverageSharesOutstanding": 324.4,
        "dilutedEPS": -0.27,
        "ebit": -85.8,
        "interestExpense": 0.968,
        "interestIncomeExpense": 6.3,
        "netIncome": -87.8,
        "netIncomeAfterTaxes": -80.3,
        "period": "2018-09-30",
        "pretaxIncome": -80.3,
        "provisionforIncomeTaxes": 0,
        "researchDevelopment": 109.1,
        "revenue": 41.8,
        "sgaExpense": 18.5,
        "totalOperatingExpense": 127.6,
        "totalOtherIncomeExpenseNet": -0.8
      },
      {
        "dilutedAverageSharesOutstanding": 324.4,
        "dilutedEPS": -0.29,
        "ebit": -97,
        "interestExpense": 0.576,
        "interestIncomeExpense": 6.4,
        "netIncome": -94.1,
        "netIncomeAfterTaxes": -90.6,
        "period": "2018-06-30",
        "pretaxIncome": -90.4,
        "provisionforIncomeTaxes": 0.2,
        "researchDevelopment": 104.5,
        "revenue": 28.9,
        "sgaExpense": 21.4,
        "totalOperatingExpense": 125.9,
        "totalOtherIncomeExpenseNet": 0.2
      },
      {
        "dilutedAverageSharesOutstanding": 324.4,
        "dilutedEPS": -0.23,
        "ebit": -77.4,
        "interestExpense": 0.027,
        "interestIncomeExpense": 5.2,
        "netIncome": -75.9,
        "netIncomeAfterTaxes": -72.4,
        "period": "2018-03-31",
        "pretaxIncome": -72.4,
        "provisionforIncomeTaxes": 0,
        "researchDevelopment": 90.1,
        "revenue": 29,
        "sgaExpense": 16.3,
        "totalOperatingExpense": 106.4,
        "totalOtherIncomeExpenseNet": -0.2
      },
      {
        "dilutedAverageSharesOutstanding": 324.4,
        "dilutedEPS": -0.13,
        "ebit": -41.8,
        "interestExpense": 0.688,
        "interestIncomeExpense": 3.2,
        "netIncome": -41.4,
        "netIncomeAfterTaxes": -37.9,
        "period": "2017-12-31",
        "pretaxIncome": -38.1,
        "provisionforIncomeTaxes": -0.2,
        "researchDevelopment": 117.8,
        "revenue": 91.9,
        "sgaExpense": 15.9,
        "totalOperatingExpense": 133.7,
        "totalOtherIncomeExpenseNet": 0.5
      },
      {
        "dilutedAverageSharesOutstanding": 324.4,
        "dilutedEPS": -0.21,
        "ebit": -67.9,
        "interestIncomeExpense": 3.4,
        "netIncome": -68.3,
        "netIncomeAfterTaxes": -64.8,
        "period": "2017-09-30",
        "pretaxIncome": -64.8,
        "provisionforIncomeTaxes": 0,
        "researchDevelopment": 93.6,
        "revenue": 42.5,
        "sgaExpense": 16.7,
        "totalOperatingExpense": 110.3,
        "totalOtherIncomeExpenseNet": -0.3
      }
    ],
    "symbol": "MRNA"
  }
}