{
  "symbol": "ALLE",
  "statement": "ic",
  "frequency": "quarterly",
  "timestamp": "2025-09-19T13:55:32.641683",
  "data": {
    "financials": [
      {
        "costOfGoodsSold": 555.5,
        "dilutedAverageSharesOutstanding": 86.4,
        "dilutedEPS": 1.8484,
        "ebit": 219.7,
        "grossIncome": 466.5,
        "interestExpense": 24.6,
        "interestIncomeExpense": -21.3,
        "netIncome": 159.7,
        "netIncomeAfterTaxes": 159.7,
        "period": "2025-06-30",
        "pretaxIncome": 200.4,
        "provisionforIncomeTaxes": 40.7,
        "revenue": 1022,
        "sgaExpense": 246.8,
        "totalOperatingExpense": 246.8,
        "totalOtherIncomeExpenseNet": 2
      },
      {
        "costOfGoodsSold": 519.4,
        "dilutedAverageSharesOutstanding": 86.7,
        "dilutedEPS": 1.7093,
        "ebit": 196.4,
        "grossIncome": 422.5,
        "interestExpense": 24.7,
        "interestIncomeExpense": -21.7,
        "minorityInterest": 0,
        "netIncome": 148.2,
        "netIncomeAfterTaxes": 148.2,
        "period": "2025-03-31",
        "pretaxIncome": 175.2,
        "provisionforIncomeTaxes": 27,
        "revenue": 941.9,
        "sgaExpense": 226.1,
        "totalOperatingExpense": 226.1,
        "totalOtherIncomeExpenseNet": 0.5
      },
      {
        "costOfGoodsSold": 528.9,
        "dilutedAverageSharesOutstanding": 87,
        "dilutedEPS": 1.6563,
        "ebit": 184.6,
        "grossIncome": 416.7,
        "interestExpense": 25.2,
        "interestIncomeExpense": -22.4,
        "minorityInterest": 0,
        "netIncome": 144.1,
        "netIncomeAfterTaxes": 144.1,
        "nonRecurringItems": 0,
        "period": "2024-12-31",
        "pretaxIncome": 162.3,
        "provisionforIncomeTaxes": 18.2,
        "revenue": 945.6,
        "sgaExpense": 232.1,
        "totalOperatingExpense": 232.1,
        "totalOtherIncomeExpenseNet": 0.1
      },
      {
        "costOfGoodsSold": 535,
        "dilutedAverageSharesOutstanding": 87.6,
        "dilutedEPS": 1.9886,
        "ebit": 215,
        "grossIncome": 432.1,
        "interestExpense": 28.8,
        "interestIncomeExpense": -20,
        "minorityInterest": 0,
        "netIncome": 174.2,
        "netIncomeAfterTaxes": 174.2,
        "period": "2024-09-30",
        "pretaxIncome": 194.6,
        "provisionforIncomeTaxes": 20.4,
        "revenue": 967.1,
        "sgaExpense": 217.1,
        "totalOperatingExpense": 217.1,
        "totalOtherIncomeExpenseNet": -0.4
      },
      {
        "costOfGoodsSold": 537.3,
        "dilutedAverageSharesOutstanding": 87.7,
        "dilutedEPS": 1.772,
        "ebit": 209,
        "grossIncome": 428.3,
        "interestExpense": 25.1,
        "interestIncomeExpense": -19.7,
        "minorityInterest": 0,
        "netIncome": 155.4,
        "netIncomeAfterTaxes": 155.4,
        "period": "2024-06-30",
        "pretaxIncome": 189,
        "provisionforIncomeTaxes": 33.6,
        "revenue": 965.6,
        "sgaExpense": 219.3,
        "totalOperatingExpense": 219.3,
        "totalOtherIncomeExpenseNet": -0.3
      },
      {
        "costOfGoodsSold": 502.5,
        "dilutedAverageSharesOutstanding": 88.1,
        "dilutedEPS": 1.4052,
        "ebit": 172.1,
        "grossIncome": 391.4,
        "interestExpense": 22.9,
        "interestIncomeExpense": -20.5,
        "minorityInterest": 0,
        "netIncome": 123.8,
        "netIncomeAfterTaxes": 123.8,
        "period": "2024-03-31",
        "pretaxIncome": 152.9,
        "provisionforIncomeTaxes": 29.1,
        "revenue": 893.9,
        "sgaExpense": 219.3,
        "totalOperatingExpense": 219.3,
        "totalOtherIncomeExpenseNet": 1.3
      },
      {
        "costOfGoodsSold": 512.1,
        "dilutedAverageSharesOutstanding": 88.3,
        "dilutedEPS": 1.3432,
        "ebit": 178.3,
        "grossIncome": 385.3,
        "interestExpense": 22.9,
        "interestIncomeExpense": -19.6,
        "minorityInterest": 0,
        "netIncome": 118.6,
        "netIncomeAfterTaxes": 118.6,
        "nonRecurringItems": -18.6,
        "period": "2023-12-31",
        "pretaxIncome": 136.9,
        "provisionforIncomeTaxes": 18.3,
        "revenue": 897.4,
        "sgaExpense": 207,
        "totalOperatingExpense": 207,
        "totalOtherIncomeExpenseNet": -3.2
      },
      {
        "costOfGoodsSold": 514.6,
        "dilutedAverageSharesOutstanding": 88.2,
        "dilutedEPS": 1.77,
        "ebit": 196.1,
        "grossIncome": 403.3,
        "interestExpense": 22.9,
        "interestIncomeExpense": -22.5,
        "minorityInterest": -0.1,
        "netIncome": 156.3,
        "netIncomeAfterTaxes": 156.4,
        "nonRecurringItems": -3,
        "period": "2023-09-30",
        "pretaxIncome": 170.1,
        "provisionforIncomeTaxes": 13.7,
        "revenue": 917.9,
        "sgaExpense": 207.2,
        "totalOperatingExpense": 207.2,
        "totalOtherIncomeExpenseNet": -0.5
      },
      {
        "costOfGoodsSold": 510.6,
        "dilutedAverageSharesOutstanding": 88.3,
        "dilutedEPS": 1.61,
        "ebit": 187.4,
        "grossIncome": 401.9,
        "interestExpense": 23.7,
        "interestIncomeExpense": -22.8,
        "minorityInterest": 0,
        "netIncome": 142,
        "netIncomeAfterTaxes": 142,
        "nonRecurringItems": -2.8,
        "period": "2023-06-30",
        "pretaxIncome": 162.5,
        "provisionforIncomeTaxes": 20.5,
        "revenue": 912.5,
        "sgaExpense": 214.5,
        "totalOperatingExpense": 214.5,
        "totalOtherIncomeExpenseNet": 0.7
      },
      {
        "costOfGoodsSold": 532,
        "dilutedAverageSharesOutstanding": 88.4,
        "dilutedEPS": 1.4,
        "ebit": 175.1,
        "grossIncome": 391,
        "interestExpense": 23.6,
        "interestIncomeExpense": -24.3,
        "minorityInterest": -0.1,
        "netIncome": 123.5,
        "netIncomeAfterTaxes": 123.6,
        "nonRecurringItems": -4.1,
        "period": "2023-03-31",
        "pretaxIncome": 147.7,
        "provisionforIncomeTaxes": 24.1,
        "revenue": 923,
        "sgaExpense": 215.9,
        "totalOperatingExpense": 215.9,
        "totalOtherIncomeExpenseNet": 1
      },
      {
        "costOfGoodsSold": 510.8,
        "dilutedAverageSharesOutstanding": 88,
        "dilutedEPS": 1.54,
        "ebit": 159.4,
        "grossIncome": 350.7,
        "interestExpense": 23.7,
        "interestIncomeExpense": -23.3,
        "minorityInterest": -0.1,
        "netIncome": 135.3,
        "netIncomeAfterTaxes": 135.4,
        "nonRecurringItems": 0,
        "period": "2022-12-31",
        "pretaxIncome": 140.2,
        "provisionforIncomeTaxes": 4.8,
        "revenue": 861.5,
        "sgaExpense": 191.3,
        "totalOperatingExpense": 191.3,
        "totalOtherIncomeExpenseNet": 4.1
      },
      {
        "costOfGoodsSold": 545.7,
        "dilutedAverageSharesOutstanding": 88.2,
        "dilutedEPS": 1.3,
        "ebit": 162.9,
        "grossIncome": 368,
        "interestExpense": 23.1,
        "interestIncomeExpense": -22.7,
        "minorityInterest": 0,
        "netIncome": 114.6,
        "netIncomeAfterTaxes": 114.6,
        "nonRecurringItems": -7.6,
        "period": "2022-09-30",
        "pretaxIncome": 133.7,
        "provisionforIncomeTaxes": 19.1,
        "revenue": 913.7,
        "sgaExpense": 205.1,
        "totalOperatingExpense": 205.1,
        "totalOtherIncomeExpenseNet": 1.1
      },
      {
        "costOfGoodsSold": 458.1,
        "dilutedAverageSharesOutstanding": 88.2,
        "dilutedEPS": 1.3,
        "ebit": 147.1,
        "grossIncome": 315,
        "interestExpense": 17.2,
        "interestIncomeExpense": -17.5,
        "minorityInterest": -0.1,
        "netIncome": 115.1,
        "netIncomeAfterTaxes": 115.2,
        "period": "2022-06-30",
        "pretaxIncome": 133.3,
        "provisionforIncomeTaxes": 18.1,
        "revenue": 773.1,
        "sgaExpense": 167.9,
        "totalOperatingExpense": 167.9,
        "totalOtherIncomeExpenseNet": 3.7
      },
      {
        "costOfGoodsSold": 434.9,
        "dilutedAverageSharesOutstanding": 88.6,
        "dilutedEPS": 1.05,
        "ebit": 117,
        "grossIncome": 288.7,
        "interestExpense": 11.9,
        "interestIncomeExpense": -12.7,
        "minorityInterest": -0.1,
        "netIncome": 93,
        "netIncomeAfterTaxes": 93.1,
        "period": "2022-03-31",
        "pretaxIncome": 107.3,
        "provisionforIncomeTaxes": 14.2,
        "revenue": 723.6,
        "sgaExpense": 171.7,
        "totalOperatingExpense": 171.7,
        "totalOtherIncomeExpenseNet": 3
      },
      {
        "costOfGoodsSold": 422.7,
        "dilutedAverageSharesOutstanding": 89.9,
        "dilutedEPS": 1.25,
        "ebit": 115.1,
        "grossIncome": 286.5,
        "interestExpense": 13.2,
        "interestIncomeExpense": -13.5,
        "minorityInterest": 0.1,
        "netIncome": 112.8,
        "netIncomeAfterTaxes": 112.7,
        "nonRecurringItems": 0,
        "period": "2021-12-31",
        "pretaxIncome": 124.5,
        "provisionforIncomeTaxes": 11.8,
        "revenue": 709.2,
        "sgaExpense": 171.4,
        "totalOperatingExpense": 171.4,
        "totalOtherIncomeExpenseNet": 22.9
      },
      {
        "costOfGoodsSold": 416.5,
        "dilutedAverageSharesOutstanding": 90.3,
        "dilutedEPS": 1.59,
        "ebit": 138.4,
        "grossIncome": 300.5,
        "interestExpense": 12.3,
        "interestIncomeExpense": -6.5,
        "minorityInterest": -0.1,
        "netIncome": 143.5,
        "netIncomeAfterTaxes": 143.6,
        "nonRecurringItems": 0,
        "period": "2021-09-30",
        "pretaxIncome": 140.8,
        "provisionforIncomeTaxes": -2.8,
        "revenue": 717,
        "sgaExpense": 162.1,
        "totalOperatingExpense": 162.1,
        "totalOtherIncomeExpenseNet": 8.9
      },
      {
        "costOfGoodsSold": 426.4,
        "dilutedAverageSharesOutstanding": 90.6,
        "dilutedEPS": 1.31,
        "ebit": 145.4,
        "grossIncome": 320.5,
        "interestExpense": 12.4,
        "interestIncomeExpense": -12.7,
        "minorityInterest": -0.1,
        "netIncome": 118.7,
        "netIncomeAfterTaxes": 118.8,
        "nonRecurringItems": 0,
        "period": "2021-06-30",
        "pretaxIncome": 136.2,
        "provisionforIncomeTaxes": 17.4,
        "revenue": 746.9,
        "sgaExpense": 175.1,
        "totalOperatingExpense": 175.1,
        "totalOtherIncomeExpenseNet": 3.5
      },
      {
        "costOfGoodsSold": 396.9,
        "dilutedAverageSharesOutstanding": 91.2,
        "dilutedEPS": 1.18,
        "ebit": 131.3,
        "grossIncome": 297.4,
        "interestExpense": 12.3,
        "interestIncomeExpense": -13.4,
        "minorityInterest": -0.2,
        "netIncome": 108,
        "netIncomeAfterTaxes": 108.2,
        "nonRecurringItems": 0,
        "period": "2021-03-31",
        "pretaxIncome": 122.5,
        "provisionforIncomeTaxes": 14.3,
        "revenue": 694.3,
        "sgaExpense": 166.1,
        "totalOperatingExpense": 166.1,
        "totalOtherIncomeExpenseNet": 4.6
      },
      {
        "costOfGoodsSold": 406.6,
        "dilutedAverageSharesOutstanding": 92.5,
        "dilutedEPS": 1.01,
        "ebit": 161.6,
        "grossIncome": 320.7,
        "interestExpense": 12.3,
        "interestIncomeExpense": -11,
        "minorityInterest": -0.1,
        "netIncome": 93.3,
        "netIncomeAfterTaxes": 93.4,
        "nonRecurringItems": -43.9,
        "period": "2020-12-31",
        "pretaxIncome": 105.8,
        "provisionforIncomeTaxes": 12.4,
        "revenue": 727.3,
        "sgaExpense": 159.1,
        "totalOperatingExpense": 159.1,
        "totalOtherIncomeExpenseNet": -0.9
      },
      {
        "costOfGoodsSold": 407.3,
        "dilutedAverageSharesOutstanding": 92.7,
        "dilutedEPS": 1.58,
        "ebit": 168.9,
        "grossIncome": 321.1,
        "interestExpense": 12.9,
        "interestIncomeExpense": -13,
        "minorityInterest": 0,
        "netIncome": 146.9,
        "netIncomeAfterTaxes": 146.9,
        "nonRecurringItems": -8.5,
        "period": "2020-09-30",
        "pretaxIncome": 159.7,
        "provisionforIncomeTaxes": 12.8,
        "revenue": 728.4,
        "sgaExpense": 152.2,
        "totalOperatingExpense": 152.2,
        "totalOtherIncomeExpenseNet": 12.3
      },
      {
        "costOfGoodsSold": 340.6,
        "dilutedAverageSharesOutstanding": 92.7,
        "dilutedEPS": 0.8,
        "ebit": 110.9,
        "grossIncome": 248.9,
        "interestExpense": 13,
        "interestIncomeExpense": -12.8,
        "minorityInterest": 0,
        "netIncome": 73.7,
        "netIncomeAfterTaxes": 73.7,
        "nonRecurringItems": -14.4,
        "period": "2020-06-30",
        "pretaxIncome": 87.9,
        "provisionforIncomeTaxes": 14.2,
        "revenue": 589.5,
        "sgaExpense": 138,
        "totalOperatingExpense": 138,
        "totalOtherIncomeExpenseNet": 4.2
      },
      {
        "costOfGoodsSold": 381.6,
        "dilutedAverageSharesOutstanding": 93.3,
        "dilutedEPS": 0,
        "ebit": 125.2,
        "grossIncome": 293.1,
        "interestExpense": 12.9,
        "interestIncomeExpense": -13.8,
        "minorityInterest": -0.1,
        "netIncome": 0.4,
        "netIncomeAfterTaxes": 0.5,
        "nonRecurringItems": -96.3,
        "period": "2020-03-31",
        "pretaxIncome": 12,
        "provisionforIncomeTaxes": 11.5,
        "revenue": 674.7,
        "sgaExpense": 167.9,
        "totalOperatingExpense": 167.9,
        "totalOtherIncomeExpenseNet": -3.1
      },
      {
        "costOfGoodsSold": 400.3,
        "dilutedAverageSharesOutstanding": 93.7,
        "dilutedEPS": 0.86,
        "ebit": 143.4,
        "grossIncome": 319.2,
        "interestExpense": 13.3,
        "interestIncomeExpense": -12.9,
        "minorityInterest": 0,
        "netIncome": 80.7,
        "netIncomeAfterTaxes": 80.7,
        "nonRecurringItems": -30.2,
        "period": "2019-12-31",
        "pretaxIncome": 97.7,
        "provisionforIncomeTaxes": 17,
        "revenue": 719.5,
        "sgaExpense": 175.8,
        "totalOperatingExpense": 175.8,
        "totalOtherIncomeExpenseNet": -2.6
      },
      {
        "costOfGoodsSold": 412.8,
        "dilutedAverageSharesOutstanding": 94,
        "dilutedEPS": 1.4,
        "ebit": 168.2,
        "grossIncome": 335.5,
        "interestExpense": 15.6,
        "interestIncomeExpense": -16.1,
        "minorityInterest": -0.1,
        "netIncome": 131.6,
        "netIncomeAfterTaxes": 131.7,
        "nonRecurringItems": -0.1,
        "period": "2019-09-30",
        "pretaxIncome": 150.5,
        "provisionforIncomeTaxes": 18.8,
        "revenue": 748.3,
        "sgaExpense": 167.3,
        "totalOperatingExpense": 167.3,
        "totalOtherIncomeExpenseNet": -1.5
      },
      {
        "costOfGoodsSold": 410.5,
        "dilutedAverageSharesOutstanding": 94.5,
        "dilutedEPS": 1.16,
        "ebit": 146.5,
        "grossIncome": 320.7,
        "interestExpense": 13.4,
        "interestIncomeExpense": -13.8,
        "minorityInterest": -0.1,
        "netIncome": 109.3,
        "netIncomeAfterTaxes": 109.4,
        "nonRecurringItems": -0.8,
        "period": "2019-06-30",
        "pretaxIncome": 131.6,
        "provisionforIncomeTaxes": 22.2,
        "revenue": 731.2,
        "sgaExpense": 174.2,
        "totalOperatingExpense": 174.2,
        "totalOtherIncomeExpenseNet": -0.3
      },
      {
        "costOfGoodsSold": 378.1,
        "dilutedAverageSharesOutstanding": 95.1,
        "dilutedEPS": 0.84,
        "ebit": 109,
        "grossIncome": 276.9,
        "interestExpense": 13.7,
        "interestIncomeExpense": -13.3,
        "minorityInterest": -0.1,
        "netIncome": 80.2,
        "netIncomeAfterTaxes": 80.3,
        "nonRecurringItems": -1,
        "period": "2019-03-31",
        "pretaxIncome": 95.4,
        "provisionforIncomeTaxes": 15.1,
        "revenue": 655,
        "sgaExpense": 167.9,
        "totalOperatingExpense": 167.9,
        "totalOtherIncomeExpenseNet": 0.7
      },
      {
        "costOfGoodsSold": 401.9,
        "dilutedAverageSharesOutstanding": 95.4,
        "dilutedEPS": 1.39,
        "ebit": 141.4,
        "grossIncome": 300.5,
        "interestExpense": 13.7,
        "interestIncomeExpense": -14.6,
        "minorityInterest": -0.1,
        "netIncome": 132.8,
        "netIncomeAfterTaxes": 111,
        "nonRecurringItems": 0,
        "period": "2018-12-31",
        "pretaxIncome": 127.2,
        "provisionforIncomeTaxes": 16.2,
        "revenue": 702.4,
        "sgaExpense": 159.1,
        "totalOperatingExpense": 159.1,
        "totalOtherIncomeExpenseNet": 0.4
      },
      {
        "costOfGoodsSold": 402.1,
        "dilutedAverageSharesOutstanding": 95.8,
        "dilutedEPS": 1.21,
        "ebit": 142.3,
        "grossIncome": 309.4,
        "interestExpense": 14,
        "interestIncomeExpense": -12.8,
        "minorityInterest": -0.1,
        "netIncome": 116,
        "netIncomeAfterTaxes": 116.1,
        "period": "2018-09-30",
        "pretaxIncome": 130.2,
        "provisionforIncomeTaxes": 14.1,
        "revenue": 711.5,
        "sgaExpense": 167.1,
        "totalOperatingExpense": 167.1,
        "totalOtherIncomeExpenseNet": 0.7
      },
      {
        "costOfGoodsSold": 399.1,
        "dilutedAverageSharesOutstanding": 95.6,
        "dilutedEPS": 1.19,
        "ebit": 143.4,
        "grossIncome": 305.6,
        "interestExpense": 13.4,
        "interestIncomeExpense": -12.6,
        "minorityInterest": -0.1,
        "netIncome": 113.9,
        "netIncomeAfterTaxes": 114,
        "period": "2018-06-30",
        "pretaxIncome": 131.6,
        "provisionforIncomeTaxes": 17.6,
        "revenue": 704.7,
        "sgaExpense": 162.2,
        "totalOperatingExpense": 162.2,
        "totalOtherIncomeExpenseNet": 0.8
      },
      {
        "costOfGoodsSold": 355.3,
        "dilutedAverageSharesOutstanding": 95.8,
        "dilutedEPS": 0.75,
        "ebit": 98.7,
        "grossIncome": 257.8,
        "interestExpense": 12.9,
        "interestIncomeExpense": -13.1,
        "minorityInterest": -0.2,
        "netIncome": 72.2,
        "netIncomeAfterTaxes": 72.4,
        "period": "2018-03-31",
        "pretaxIncome": 86.2,
        "provisionforIncomeTaxes": 13.8,
        "revenue": 613.1,
        "sgaExpense": 159.1,
        "totalOperatingExpense": 159.1,
        "totalOtherIncomeExpenseNet": 0.6
      },
      {
        "costOfGoodsSold": 346,
        "dilutedAverageSharesOutstanding": 96,
        "dilutedEPS": 0.1,
        "ebit": 133.5,
        "grossIncome": 277.1,
        "interestExpense": 56,
        "interestIncomeExpense": -55,
        "minorityInterest": -2.5,
        "netIncome": 9.6,
        "netIncomeAfterTaxes": 64.4,
        "nonRecurringItems": 0,
        "period": "2017-12-31",
        "pretaxIncome": 78.2,
        "provisionforIncomeTaxes": 13.8,
        "revenue": 623.1,
        "sgaExpense": 143.6,
        "totalOperatingExpense": 143.6,
        "totalOtherIncomeExpenseNet": -0.3
      },
      {
        "costOfGoodsSold": 332.6,
        "dilutedAverageSharesOutstanding": 95.8,
        "dilutedEPS": 0.94,
        "ebit": 133.5,
        "grossIncome": 276.8,
        "interestExpense": 17.8,
        "interestIncomeExpense": -17.3,
        "minorityInterest": -0.3,
        "netIncome": 89.8,
        "netIncomeAfterTaxes": 90.1,
        "nonRecurringItems": -7.4,
        "period": "2017-09-30",
        "pretaxIncome": 112,
        "provisionforIncomeTaxes": 21.9,
        "revenue": 609.4,
        "sgaExpense": 143.3,
        "totalOperatingExpense": 143.3,
        "totalOtherIncomeExpenseNet": 3.2
      },
      {
        "costOfGoodsSold": 345.6,
        "dilutedAverageSharesOutstanding": 95.9,
        "dilutedEPS": 1.1,
        "ebit": 134.4,
        "grossIncome": 281.4,
        "interestExpense": 16.1,
        "interestIncomeExpense": -11.1,
        "minorityInterest": -0.3,
        "netIncome": 105.5,
        "netIncomeAfterTaxes": 105.8,
        "nonRecurringItems": -0.3,
        "period": "2017-06-30",
        "pretaxIncome": 123.2,
        "provisionforIncomeTaxes": 17.4,
        "revenue": 627,
        "sgaExpense": 147,
        "totalOperatingExpense": 147,
        "totalOtherIncomeExpenseNet": 0.2
      },
      {
        "costOfGoodsSold": 308,
        "dilutedAverageSharesOutstanding": 96.1,
        "dilutedEPS": 0.71,
        "ebit": 99.6,
        "grossIncome": 240.8,
        "interestExpense": 15.9,
        "interestIncomeExpense": -16.5,
        "minorityInterest": -0.3,
        "netIncome": 68.4,
        "netIncomeAfterTaxes": 68.7,
        "nonRecurringItems": -0.8,
        "period": "2017-03-31",
        "pretaxIncome": 82.3,
        "provisionforIncomeTaxes": 13.6,
        "revenue": 548.8,
        "sgaExpense": 141.2,
        "totalOperatingExpense": 141.2,
        "totalOtherIncomeExpenseNet": 0
      },
      {
        "costOfGoodsSold": 330.9,
        "dilutedAverageSharesOutstanding": 97.2,
        "dilutedEPS": 0.77,
        "ebit": 99.5,
        "grossIncome": 238.8,
        "interestExpense": 15.9,
        "interestIncomeExpense": -15.3,
        "minorityInterest": -0.2,
        "netIncome": 74.8,
        "netIncomeAfterTaxes": 75,
        "nonRecurringItems": -2.3,
        "period": "2016-12-31",
        "pretaxIncome": 82.5,
        "provisionforIncomeTaxes": 7.5,
        "revenue": 569.7,
        "sgaExpense": 139.3,
        "totalOperatingExpense": 139.3,
        "totalOtherIncomeExpenseNet": 0.6
      },
      {
        "costOfGoodsSold": 317.6,
        "dilutedAverageSharesOutstanding": 96.9,
        "dilutedEPS": 0.02,
        "ebit": 121.9,
        "grossIncome": 263.5,
        "interestExpense": 15.6,
        "interestIncomeExpense": -15.7,
        "minorityInterest": -0.4,
        "netIncome": 1.6,
        "netIncomeAfterTaxes": 2,
        "nonRecurringItems": -84.8,
        "period": "2016-09-30",
        "pretaxIncome": 21.1,
        "provisionforIncomeTaxes": 19.1,
        "revenue": 581.1,
        "sgaExpense": 141.6,
        "totalOperatingExpense": 141.6,
        "totalOtherIncomeExpenseNet": -0.3
      },
      {
        "costOfGoodsSold": 317.4,
        "dilutedAverageSharesOutstanding": 96.8,
        "dilutedEPS": 0.98,
        "ebit": 124.5,
        "grossIncome": 267.5,
        "interestExpense": 16.5,
        "interestIncomeExpense": -14.5,
        "minorityInterest": -0.4,
        "netIncome": 95,
        "netIncomeAfterTaxes": 95.4,
        "nonRecurringItems": -0.2,
        "period": "2016-06-30",
        "pretaxIncome": 116.4,
        "provisionforIncomeTaxes": 21,
        "revenue": 584.9,
        "sgaExpense": 143,
        "totalOperatingExpense": 143,
        "totalOtherIncomeExpenseNet": 6.6
      },
      {
        "costOfGoodsSold": 285.9,
        "dilutedAverageSharesOutstanding": 96.9,
        "dilutedEPS": 0.6,
        "ebit": 82.7,
        "grossIncome": 216.4,
        "interestExpense": 16.3,
        "interestIncomeExpense": -15.3,
        "minorityInterest": -1.1,
        "netIncome": 57.7,
        "netIncomeAfterTaxes": 58.8,
        "nonRecurringItems": -0.2,
        "period": "2016-03-31",
        "pretaxIncome": 75,
        "provisionforIncomeTaxes": 16.2,
        "revenue": 502.3,
        "sgaExpense": 133.7,
        "totalOperatingExpense": 133.7,
        "totalOtherIncomeExpenseNet": 7.8
      },
      {
        "costOfGoodsSold": 315.2,
        "dilutedAverageSharesOutstanding": 96.9,
        "dilutedEPS": 0.74,
        "ebit": 92.2,
        "grossIncome": 230.2,
        "interestExpense": 16.3,
        "interestIncomeExpense": -17.1,
        "minorityInterest": -0.1,
        "netIncome": 71.9,
        "netIncomeAfterTaxes": 72,
        "nonRecurringItems": -8.2,
        "period": "2015-12-31",
        "pretaxIncome": 75.8,
        "provisionforIncomeTaxes": 3.8,
        "revenue": 545.4,
        "sgaExpense": 138,
        "totalOperatingExpense": 138,
        "totalOtherIncomeExpenseNet": 8.9
      },
      {
        "costOfGoodsSold": 304.4,
        "dilutedAverageSharesOutstanding": 95.9,
        "dilutedEPS": -0.28,
        "ebit": 111,
        "grossIncome": 240.1,
        "interestExpense": 13.7,
        "interestIncomeExpense": -13.2,
        "minorityInterest": -0.9,
        "netIncome": -27.3,
        "netIncomeAfterTaxes": -26.2,
        "nonRecurringItems": -107.3,
        "period": "2015-09-30",
        "pretaxIncome": -6.8,
        "provisionforIncomeTaxes": 19.4,
        "revenue": 544.5,
        "sgaExpense": 129.1,
        "totalOperatingExpense": 129.1,
        "totalOtherIncomeExpenseNet": 2.7
      }
    ],
    "symbol": "ALLE"
  }
}