{
  "symbol": "ORLY",
  "statement": "ic",
  "frequency": "annual",
  "timestamp": "2025-09-19T14:04:58.124970",
  "data": {
    "financials": [
      {
        "costOfGoodsSold": 8153.99,
        "depreciationAmortization": 457,
        "dilutedAverageSharesOutstanding": 880.5309,
        "dilutedEPS": 2.7105,
        "ebit": 3251.657,
        "grossIncome": 8554.489,
        "interestExpense": 222.548,
        "interestIncomeExpense": -208.153,
        "netIncome": 2386.68,
        "netIncomeAfterTaxes": 2386.68,
        "nonRecurringItems": -0.5,
        "period": "2024-12-31",
        "pretaxIncome": 3045.064,
        "provisionforIncomeTaxes": 658.384,
        "revenue": 16708.479,
        "sgaExpense": 4845.832,
        "totalOperatingExpense": 5302.832,
        "totalOtherIncomeExpenseNet": 2.06,
        "year": 2024
      },
      {
        "costOfGoodsSold": 7707.447,
        "depreciationAmortization": 404.9,
        "dilutedAverageSharesOutstanding": 914.9243,
        "dilutedEPS": 2.5648,
        "ebit": 3188.576,
        "grossIncome": 8104.803,
        "interestExpense": 201.668,
        "interestIncomeExpense": -188.368,
        "netIncome": 2346.581,
        "netIncomeAfterTaxes": 2346.581,
        "nonRecurringItems": -2.2,
        "period": "2023-12-31",
        "pretaxIncome": 3004.75,
        "provisionforIncomeTaxes": 658.169,
        "revenue": 15812.25,
        "sgaExpense": 4511.327,
        "totalOperatingExpense": 4916.227,
        "totalOtherIncomeExpenseNet": 6.742,
        "year": 2023
      },
      {
        "costOfGoodsSold": 7028,
        "depreciationAmortization": 344,
        "dilutedAverageSharesOutstanding": 974.3813,
        "dilutedEPS": 2.23,
        "ebit": 2962,
        "grossIncome": 7382,
        "interestExpense": 157.72,
        "interestIncomeExpense": -145,
        "netIncome": 2173,
        "netIncomeAfterTaxes": 2173,
        "nonRecurringItems": -8,
        "period": "2022-12-31",
        "pretaxIncome": 2799,
        "provisionforIncomeTaxes": 626,
        "revenue": 14410,
        "sgaExpense": 4076,
        "totalOperatingExpense": 4419,
        "totalOtherIncomeExpenseNet": -11,
        "year": 2022
      },
      {
        "costOfGoodsSold": 6308,
        "depreciationAmortization": 320,
        "dilutedAverageSharesOutstanding": 1044.1128,
        "dilutedEPS": 2.07,
        "ebit": 2930,
        "grossIncome": 7020,
        "interestExpense": 144.768,
        "interestIncomeExpense": -137,
        "netIncome": 2165,
        "netIncomeAfterTaxes": 2165,
        "nonRecurringItems": -13,
        "period": "2021-12-31",
        "pretaxIncome": 2782,
        "provisionforIncomeTaxes": 617,
        "revenue": 13328,
        "sgaExpense": 3770,
        "totalOperatingExpense": 4089,
        "totalOtherIncomeExpenseNet": 2,
        "year": 2021
      },
      {
        "costOfGoodsSold": 5519,
        "depreciationAmortization": 303,
        "dilutedAverageSharesOutstanding": 1116.8741,
        "dilutedEPS": 1.56,
        "ebit": 2422,
        "grossIncome": 6086,
        "interestExpense": 161.126,
        "interestIncomeExpense": -153,
        "netIncome": 1752,
        "netIncomeAfterTaxes": 1752,
        "nonRecurringItems": -3,
        "period": "2020-12-31",
        "pretaxIncome": 2266,
        "provisionforIncomeTaxes": 514,
        "revenue": 11604,
        "sgaExpense": 3360,
        "totalOperatingExpense": 3663,
        "totalOtherIncomeExpenseNet": 0,
        "year": 2020
      },
      {
        "costOfGoodsSold": 4755,
        "dilutedAverageSharesOutstanding": 1166.7617,
        "dilutedEPS": 1.19,
        "ebit": 1921,
        "grossIncome": 5395,
        "interestExpense": 139.975,
        "interestIncomeExpense": -132,
        "netIncome": 1391,
        "netIncomeAfterTaxes": 1391,
        "period": "2019-12-31",
        "pretaxIncome": 1790,
        "provisionforIncomeTaxes": 399,
        "revenue": 10150,
        "sgaExpense": 3474,
        "totalOperatingExpense": 3474,
        "totalOtherIncomeExpenseNet": 1,
        "year": 2019
      },
      {
        "costOfGoodsSold": 4496,
        "dilutedAverageSharesOutstanding": 1234.1383,
        "dilutedEPS": 1.07,
        "ebit": 1815,
        "grossIncome": 5040,
        "interestExpense": 122.129,
        "interestIncomeExpense": -120,
        "netIncome": 1324,
        "netIncomeAfterTaxes": 1323,
        "period": "2018-12-31",
        "pretaxIncome": 1694,
        "provisionforIncomeTaxes": 371,
        "revenue": 9536,
        "sgaExpense": 3225,
        "totalOperatingExpense": 3225,
        "totalOtherIncomeExpenseNet": -1,
        "year": 2018
      },
      {
        "costOfGoodsSold": 4257,
        "dilutedAverageSharesOutstanding": 1342.4629,
        "dilutedEPS": 0.84,
        "ebit": 1725,
        "grossIncome": 4721,
        "interestExpense": 91.349,
        "interestIncomeExpense": -89,
        "netIncome": 1134,
        "netIncomeAfterTaxes": 1081,
        "period": "2017-12-31",
        "pretaxIncome": 1638,
        "provisionforIncomeTaxes": 557,
        "revenue": 8978,
        "sgaExpense": 2995,
        "totalOperatingExpense": 2995,
        "totalOtherIncomeExpenseNet": 1,
        "year": 2017
      },
      {
        "costOfGoodsSold": 4084,
        "dilutedAverageSharesOutstanding": 1450.7274,
        "dilutedEPS": 0.71,
        "ebit": 1699,
        "grossIncome": 4509,
        "interestExpense": 70.931,
        "interestIncomeExpense": -67,
        "netIncome": 1038,
        "netIncomeAfterTaxes": 1038,
        "period": "2016-12-31",
        "pretaxIncome": 1637,
        "provisionforIncomeTaxes": 600,
        "revenue": 8593,
        "sgaExpense": 2810,
        "totalOperatingExpense": 2810,
        "totalOtherIncomeExpenseNet": 5,
        "year": 2016
      },
      {
        "costOfGoodsSold": 3804,
        "dilutedAverageSharesOutstanding": 1522.6339,
        "dilutedEPS": 0.61,
        "ebit": 1514,
        "grossIncome": 4163,
        "interestExpense": 57.129,
        "interestIncomeExpense": -55,
        "netIncome": 931,
        "netIncomeAfterTaxes": 931,
        "period": "2015-12-31",
        "pretaxIncome": 1460,
        "provisionforIncomeTaxes": 529,
        "revenue": 7967,
        "sgaExpense": 2649,
        "totalOperatingExpense": 2649,
        "totalOtherIncomeExpenseNet": 1,
        "year": 2015
      }
    ],
    "symbol": "ORLY"
  }
}