{
  "symbol": "CAG",
  "statement": "ic",
  "frequency": "quarterly",
  "timestamp": "2025-09-19T13:58:21.882359",
  "data": {
    "financials": [
      {
        "costOfGoodsSold": 2074.8,
        "dilutedAverageSharesOutstanding": 479.7,
        "dilutedEPS": 0.5337,
        "ebit": 390.1,
        "equityEarningsAffiliates": 57.4,
        "gainLossOnDispositionOfAssets": 0,
        "grossIncome": 707,
        "interestExpense": 102.4,
        "interestIncomeExpense": -101.8,
        "minorityInterest": 0,
        "netIncome": 256,
        "netIncomeAfterTaxes": 198.6,
        "nonRecurringItems": -52.5,
        "otherOperatingExpensesTotal": -16.6,
        "period": "2025-05-25",
        "pretaxIncome": 235.8,
        "provisionforIncomeTaxes": 37.2,
        "revenue": 2781.8,
        "sgaExpense": 333.5,
        "totalOperatingExpense": 316.9
      },
      {
        "costOfGoodsSold": 2125.9,
        "dilutedAverageSharesOutstanding": 479.3,
        "dilutedEPS": 0.3027,
        "ebit": 375.9,
        "equityEarningsAffiliates": 47.4,
        "gainLossOnDispositionOfAssets": -27.2,
        "grossIncome": 715.1,
        "interestExpense": 101.3,
        "interestIncomeExpense": -100.9,
        "minorityInterest": 0,
        "netIncome": 145.1,
        "netIncomeAfterTaxes": 97.7,
        "nonRecurringItems": -106.2,
        "otherOperatingExpensesTotal": -3.1,
        "period": "2025-02-23",
        "pretaxIncome": 141.6,
        "provisionforIncomeTaxes": 43.9,
        "revenue": 2841,
        "sgaExpense": 342.3,
        "totalOperatingExpense": 339.2
      },
      {
        "costOfGoodsSold": 2346.6,
        "dilutedAverageSharesOutstanding": 479.3,
        "dilutedEPS": 0.5936,
        "ebit": 499.7,
        "equityEarningsAffiliates": 48.5,
        "grossIncome": 848.5,
        "interestExpense": 108.8,
        "interestIncomeExpense": -108.2,
        "minorityInterest": 0,
        "netIncome": 284.5,
        "netIncomeAfterTaxes": 236,
        "nonRecurringItems": -94,
        "otherOperatingExpensesTotal": -3.1,
        "period": "2024-11-24",
        "pretaxIncome": 297.5,
        "provisionforIncomeTaxes": 61.5,
        "revenue": 3195.1,
        "sgaExpense": 351.9,
        "totalOperatingExpense": 348.8
      },
      {
        "costOfGoodsSold": 2051.4,
        "dilutedAverageSharesOutstanding": 480.3,
        "dilutedEPS": 0.9719,
        "ebit": 416.8,
        "equityEarningsAffiliates": 29.1,
        "grossIncome": 743.5,
        "interestExpense": 106.7,
        "interestIncomeExpense": -108.1,
        "minorityInterest": -0.1,
        "netIncome": 466.8,
        "netIncomeAfterTaxes": 437.8,
        "nonRecurringItems": -9.8,
        "otherOperatingExpensesTotal": -3.1,
        "period": "2024-08-25",
        "pretaxIncome": 298.9,
        "provisionforIncomeTaxes": -138.9,
        "revenue": 2794.9,
        "sgaExpense": 329.8,
        "totalOperatingExpense": 326.7
      },
      {
        "costOfGoodsSold": 2089.6,
        "dilutedAverageSharesOutstanding": 478.9,
        "dilutedEPS": -1.1846,
        "ebit": 455.6,
        "equityEarningsAffiliates": 46.6,
        "grossIncome": 816.3,
        "interestExpense": 107.1,
        "interestIncomeExpense": -104.7,
        "minorityInterest": -0.1,
        "netIncome": -567.3,
        "netIncomeAfterTaxes": -613.8,
        "nonRecurringItems": -999.3,
        "otherOperatingExpensesTotal": -12.4,
        "period": "2024-05-26",
        "pretaxIncome": -648.4,
        "provisionforIncomeTaxes": -34.6,
        "revenue": 2905.9,
        "sgaExpense": 373.1,
        "totalOperatingExpense": 360.7
      },
      {
        "costOfGoodsSold": 2173.9,
        "dilutedAverageSharesOutstanding": 480,
        "dilutedEPS": 0.6429,
        "ebit": 486.5,
        "equityEarningsAffiliates": 41.2,
        "grossIncome": 859,
        "interestExpense": 107.9,
        "interestIncomeExpense": -106.5,
        "minorityInterest": -0.2,
        "netIncome": 308.6,
        "netIncomeAfterTaxes": 267.6,
        "nonRecurringItems": -16.5,
        "otherOperatingExpensesTotal": 1.4,
        "period": "2024-02-25",
        "pretaxIncome": 363.5,
        "provisionforIncomeTaxes": 95.9,
        "revenue": 3032.9,
        "sgaExpense": 371.1,
        "totalOperatingExpense": 372.5
      },
      {
        "costOfGoodsSold": 2358.8,
        "dilutedAverageSharesOutstanding": 479.8,
        "dilutedEPS": 0.5965,
        "ebit": 497.2,
        "equityEarningsAffiliates": 54.3,
        "grossIncome": 849.3,
        "interestExpense": 114.1,
        "interestIncomeExpense": -113.3,
        "minorityInterest": 0,
        "netIncome": 286.2,
        "netIncomeAfterTaxes": 231.9,
        "nonRecurringItems": -49.1,
        "otherOperatingExpensesTotal": 0.4,
        "period": "2023-11-26",
        "pretaxIncome": 334.8,
        "provisionforIncomeTaxes": 102.9,
        "revenue": 3208.1,
        "sgaExpense": 351.7,
        "totalOperatingExpense": 352.1
      },
      {
        "costOfGoodsSold": 2073.5,
        "dilutedAverageSharesOutstanding": 479.8,
        "dilutedEPS": 0.67,
        "ebit": 527.5,
        "equityEarningsAffiliates": 35.5,
        "grossIncome": 830.5,
        "interestExpense": 107.1,
        "interestIncomeExpense": -106,
        "minorityInterest": -0.2,
        "netIncome": 319.7,
        "netIncomeAfterTaxes": 284.4,
        "nonRecurringItems": -38.8,
        "otherOperatingExpensesTotal": 0.3,
        "period": "2023-08-27",
        "pretaxIncome": 382.7,
        "provisionforIncomeTaxes": 98.3,
        "revenue": 2904,
        "sgaExpense": 302.7,
        "totalOperatingExpense": 303
      },
      {
        "costOfGoodsSold": 2187.1,
        "dilutedAverageSharesOutstanding": 479.8,
        "dilutedEPS": 0.08,
        "ebit": 423.2,
        "equityEarningsAffiliates": 63,
        "grossIncome": 786.2,
        "interestExpense": 109.3,
        "interestIncomeExpense": -108,
        "minorityInterest": 1.2,
        "netIncome": 37.5,
        "netIncomeAfterTaxes": -26.7,
        "nonRecurringItems": -360.2,
        "otherOperatingExpensesTotal": -6,
        "period": "2023-05-28",
        "pretaxIncome": -45,
        "provisionforIncomeTaxes": -18.3,
        "revenue": 2973.3,
        "sgaExpense": 369,
        "totalOperatingExpense": 363
      },
      {
        "costOfGoodsSold": 2240.5,
        "dilutedAverageSharesOutstanding": 479.4,
        "dilutedEPS": 0.71,
        "ebit": 505.4,
        "equityEarningsAffiliates": 50.5,
        "grossIncome": 846,
        "interestExpense": 105.3,
        "interestIncomeExpense": -104.2,
        "minorityInterest": -0.5,
        "netIncome": 341.7,
        "netIncomeAfterTaxes": 291.7,
        "nonRecurringItems": -9.4,
        "otherOperatingExpensesTotal": -6,
        "period": "2023-02-26",
        "pretaxIncome": 391.8,
        "provisionforIncomeTaxes": 100.1,
        "revenue": 3086.5,
        "sgaExpense": 346.6,
        "totalOperatingExpense": 340.6
      },
      {
        "costOfGoodsSold": 2382.5,
        "dilutedAverageSharesOutstanding": 480.9,
        "dilutedEPS": 0.79,
        "ebit": 566,
        "equityEarningsAffiliates": 49.3,
        "grossIncome": 930.4,
        "interestExpense": 100.9,
        "interestIncomeExpense": -100.3,
        "minorityInterest": -0.3,
        "netIncome": 381.9,
        "netIncomeAfterTaxes": 332.9,
        "nonRecurringItems": -10.3,
        "otherOperatingExpensesTotal": -6.1,
        "period": "2022-11-27",
        "pretaxIncome": 455.4,
        "provisionforIncomeTaxes": 122.5,
        "revenue": 3312.9,
        "sgaExpense": 370.5,
        "totalOperatingExpense": 364.4
      },
      {
        "costOfGoodsSold": 2181.2,
        "dilutedAverageSharesOutstanding": 480.6,
        "dilutedEPS": -0.16,
        "ebit": 404.7,
        "equityEarningsAffiliates": 49.2,
        "grossIncome": 723.1,
        "interestExpense": 98,
        "interestIncomeExpense": -97.1,
        "minorityInterest": 0,
        "netIncome": -77.5,
        "netIncomeAfterTaxes": -126.7,
        "nonRecurringItems": -419.9,
        "otherOperatingExpensesTotal": -6.1,
        "period": "2022-08-28",
        "pretaxIncome": -112.3,
        "provisionforIncomeTaxes": 14.4,
        "revenue": 2904.3,
        "sgaExpense": 324.5,
        "totalOperatingExpense": 318.4
      },
      {
        "costOfGoodsSold": 2187.5,
        "dilutedAverageSharesOutstanding": 482.2,
        "dilutedEPS": 0.33,
        "ebit": 452.3,
        "equityEarningsAffiliates": 47.5,
        "grossIncome": 722.5,
        "interestExpense": 97.2,
        "interestIncomeExpense": -96.2,
        "minorityInterest": 1.2,
        "netIncome": 158.9,
        "netIncomeAfterTaxes": 110.2,
        "nonRecurringItems": -219.2,
        "otherOperatingExpensesTotal": -19,
        "period": "2022-05-29",
        "pretaxIncome": 136.9,
        "provisionforIncomeTaxes": 26.7,
        "revenue": 2910,
        "sgaExpense": 289.2,
        "totalOperatingExpense": 270.2
      },
      {
        "costOfGoodsSold": 2207.3,
        "dilutedAverageSharesOutstanding": 482.2,
        "dilutedEPS": 0.45,
        "ebit": 422.7,
        "equityEarningsAffiliates": 48.1,
        "grossIncome": 706.4,
        "interestExpense": 95.1,
        "interestIncomeExpense": -94.6,
        "minorityInterest": -0.5,
        "netIncome": 218.4,
        "netIncomeAfterTaxes": 170.8,
        "nonRecurringItems": -47.4,
        "otherOperatingExpensesTotal": -16.1,
        "period": "2022-02-27",
        "pretaxIncome": 280.7,
        "provisionforIncomeTaxes": 109.9,
        "revenue": 2913.7,
        "sgaExpense": 299.8,
        "totalOperatingExpense": 283.7
      },
      {
        "costOfGoodsSold": 2294.2,
        "dilutedAverageSharesOutstanding": 481.9,
        "dilutedEPS": 0.57,
        "ebit": 459.2,
        "equityEarningsAffiliates": 29.5,
        "grossIncome": 764.7,
        "interestExpense": 95.2,
        "interestIncomeExpense": -91.6,
        "minorityInterest": -0.4,
        "netIncome": 275.5,
        "netIncomeAfterTaxes": 246.4,
        "nonRecurringItems": -37,
        "otherOperatingExpensesTotal": -16.1,
        "period": "2021-11-28",
        "pretaxIncome": 330.6,
        "provisionforIncomeTaxes": 84.2,
        "revenue": 3058.9,
        "sgaExpense": 321.6,
        "totalOperatingExpense": 305.5
      },
      {
        "costOfGoodsSold": 1973.5,
        "dilutedAverageSharesOutstanding": 482.3,
        "dilutedEPS": 0.49,
        "ebit": 395.2,
        "equityEarningsAffiliates": 20.2,
        "grossIncome": 679.8,
        "interestExpense": 94.5,
        "interestIncomeExpense": -94.2,
        "minorityInterest": -0.3,
        "netIncome": 235.4,
        "netIncomeAfterTaxes": 215.5,
        "nonRecurringItems": -15.8,
        "otherOperatingExpensesTotal": -16.1,
        "period": "2021-08-29",
        "pretaxIncome": 285.2,
        "provisionforIncomeTaxes": 69.7,
        "revenue": 2653.3,
        "sgaExpense": 300.7,
        "totalOperatingExpense": 284.6
      },
      {
        "costOfGoodsSold": 2009.8,
        "dilutedAverageSharesOutstanding": 483.6,
        "dilutedEPS": 0.64,
        "ebit": 404.4,
        "equityEarningsAffiliates": 33.4,
        "grossIncome": 729.7,
        "interestExpense": 98.7,
        "interestIncomeExpense": -98.4,
        "minorityInterest": -0.4,
        "netIncome": 309.5,
        "netIncomeAfterTaxes": 276.5,
        "nonRecurringItems": -104.7,
        "otherOperatingExpensesTotal": -13.3,
        "period": "2021-05-30",
        "pretaxIncome": 201.3,
        "provisionforIncomeTaxes": -75.2,
        "revenue": 2739.5,
        "sgaExpense": 338.6,
        "totalOperatingExpense": 325.3
      },
      {
        "costOfGoodsSold": 2003.5,
        "dilutedAverageSharesOutstanding": 487.6,
        "dilutedEPS": 0.58,
        "ebit": 458.3,
        "equityEarningsAffiliates": 21.5,
        "grossIncome": 767.6,
        "interestExpense": 101,
        "interestIncomeExpense": -100.6,
        "minorityInterest": -0.3,
        "netIncome": 281.4,
        "netIncomeAfterTaxes": 260.2,
        "nonRecurringItems": 4.1,
        "otherOperatingExpensesTotal": -13.7,
        "period": "2021-02-28",
        "pretaxIncome": 361.8,
        "provisionforIncomeTaxes": 101.6,
        "revenue": 2771.1,
        "sgaExpense": 323,
        "totalOperatingExpense": 309.3
      },
      {
        "costOfGoodsSold": 2096.8,
        "dilutedAverageSharesOutstanding": 490.9,
        "dilutedEPS": 0.77,
        "ebit": 605.1,
        "equityEarningsAffiliates": 23,
        "grossIncome": 898.4,
        "interestExpense": 108.1,
        "interestIncomeExpense": -107.7,
        "minorityInterest": -0.6,
        "netIncome": 378.9,
        "netIncomeAfterTaxes": 356.5,
        "nonRecurringItems": -60.2,
        "otherOperatingExpensesTotal": -13.7,
        "period": "2020-11-29",
        "pretaxIncome": 437.2,
        "provisionforIncomeTaxes": 80.7,
        "revenue": 2995.2,
        "sgaExpense": 307,
        "totalOperatingExpense": 293.3
      },
      {
        "costOfGoodsSold": 1858.3,
        "dilutedAverageSharesOutstanding": 489.9,
        "dilutedEPS": 0.67,
        "ebit": 550.3,
        "equityEarningsAffiliates": 6.5,
        "grossIncome": 820.6,
        "interestExpense": 114.5,
        "interestIncomeExpense": -113.7,
        "minorityInterest": -0.8,
        "netIncome": 329,
        "netIncomeAfterTaxes": 323.3,
        "nonRecurringItems": -26.6,
        "otherOperatingExpensesTotal": -13.8,
        "period": "2020-08-30",
        "pretaxIncome": 410,
        "provisionforIncomeTaxes": 86.7,
        "revenue": 2678.9,
        "sgaExpense": 284.1,
        "totalOperatingExpense": 270.3
      },
      {
        "costOfGoodsSold": 2353.9,
        "dilutedAverageSharesOutstanding": 489.2,
        "dilutedEPS": 0.41,
        "ebit": 539.8,
        "equityEarningsAffiliates": 22.9,
        "grossIncome": 934,
        "interestExpense": 126.1,
        "interestIncomeExpense": -125.7,
        "minorityInterest": 0.1,
        "netIncome": 201.4,
        "netIncomeAfterTaxes": 178.4,
        "nonRecurringItems": -175.9,
        "otherOperatingExpensesTotal": 27.3,
        "period": "2020-05-31",
        "pretaxIncome": 238.2,
        "provisionforIncomeTaxes": 59.8,
        "revenue": 3287.9,
        "sgaExpense": 366.9,
        "totalOperatingExpense": 394.2
      },
      {
        "costOfGoodsSold": 1854,
        "dilutedAverageSharesOutstanding": 488.8,
        "dilutedEPS": 0.42,
        "ebit": 418.4,
        "equityEarningsAffiliates": 10.4,
        "grossIncome": 701,
        "interestExpense": 119,
        "interestIncomeExpense": -123.4,
        "minorityInterest": -0.3,
        "netIncome": 204.4,
        "netIncomeAfterTaxes": 194.3,
        "nonRecurringItems": -31.8,
        "otherOperatingExpensesTotal": -16.4,
        "period": "2020-02-23",
        "pretaxIncome": 263.2,
        "provisionforIncomeTaxes": 68.9,
        "revenue": 2555,
        "sgaExpense": 299,
        "totalOperatingExpense": 282.6
      },
      {
        "costOfGoodsSold": 2015.8,
        "dilutedAverageSharesOutstanding": 488.3,
        "dilutedEPS": 0.53,
        "ebit": 495.9,
        "equityEarningsAffiliates": 27.6,
        "grossIncome": 805,
        "interestExpense": 121.8,
        "interestIncomeExpense": -120.9,
        "minorityInterest": -1,
        "netIncome": 260.5,
        "netIncomeAfterTaxes": 233.9,
        "nonRecurringItems": -57,
        "otherOperatingExpensesTotal": -11.3,
        "period": "2019-11-24",
        "pretaxIncome": 318,
        "provisionforIncomeTaxes": 84.1,
        "revenue": 2820.8,
        "sgaExpense": 320.4,
        "totalOperatingExpense": 309.1
      },
      {
        "costOfGoodsSold": 1714.4,
        "dilutedAverageSharesOutstanding": 487.9,
        "dilutedEPS": 0.36,
        "ebit": 384.3,
        "equityEarningsAffiliates": 12.3,
        "grossIncome": 676.3,
        "interestExpense": 123.3,
        "interestIncomeExpense": -130,
        "minorityInterest": -0.5,
        "netIncome": 173.8,
        "netIncomeAfterTaxes": 162,
        "nonRecurringItems": -103.8,
        "otherOperatingExpensesTotal": -9.5,
        "period": "2019-08-25",
        "pretaxIncome": 150.5,
        "provisionforIncomeTaxes": -11.5,
        "revenue": 2390.7,
        "sgaExpense": 301.5,
        "totalOperatingExpense": 292
      },
      {
        "costOfGoodsSold": 1897.5,
        "dilutedAverageSharesOutstanding": 483.1,
        "dilutedEPS": 0.26,
        "ebit": 361.8,
        "equityEarningsAffiliates": 9.2,
        "grossIncome": 715.7,
        "interestExpense": 132.7,
        "interestIncomeExpense": -141.4,
        "minorityInterest": 1.3,
        "netIncome": 126.5,
        "netIncomeAfterTaxes": 116,
        "nonRecurringItems": -32.6,
        "otherOperatingExpensesTotal": -5.4,
        "period": "2019-05-26",
        "pretaxIncome": 187.8,
        "provisionforIncomeTaxes": 71.8,
        "revenue": 2613.2,
        "sgaExpense": 359.3,
        "totalOperatingExpense": 353.9
      },
      {
        "costOfGoodsSold": 1951,
        "dilutedAverageSharesOutstanding": 487.4,
        "dilutedEPS": 0.5,
        "ebit": 424.8,
        "equityEarningsAffiliates": 12.7,
        "grossIncome": 756.1,
        "interestExpense": 132.8,
        "interestIncomeExpense": -113.1,
        "minorityInterest": -0.6,
        "netIncome": 242,
        "netIncomeAfterTaxes": 229.9,
        "nonRecurringItems": -14.6,
        "otherOperatingExpensesTotal": -9.8,
        "period": "2019-02-24",
        "pretaxIncome": 297.1,
        "provisionforIncomeTaxes": 67.2,
        "revenue": 2707.1,
        "sgaExpense": 341.1,
        "totalOperatingExpense": 331.3
      },
      {
        "costOfGoodsSold": 1708.8,
        "dilutedAverageSharesOutstanding": 421.8,
        "dilutedEPS": 0.32,
        "ebit": 397.8,
        "equityEarningsAffiliates": 37.7,
        "grossIncome": 674.9,
        "interestExpense": 83.1,
        "interestIncomeExpense": -78.3,
        "minorityInterest": -0.8,
        "netIncome": 131.6,
        "netIncomeAfterTaxes": 96.6,
        "nonRecurringItems": -200.5,
        "otherOperatingExpensesTotal": -9.7,
        "period": "2018-11-25",
        "pretaxIncome": 119,
        "provisionforIncomeTaxes": 22.4,
        "revenue": 2383.7,
        "sgaExpense": 286.8,
        "totalOperatingExpense": 277.1
      },
      {
        "costOfGoodsSold": 1310.1,
        "dilutedAverageSharesOutstanding": 394.1,
        "dilutedEPS": 0.45,
        "ebit": 277.5,
        "equityEarningsAffiliates": 16.2,
        "grossIncome": 524.3,
        "interestExpense": 49.6,
        "interestIncomeExpense": -55.5,
        "minorityInterest": 0,
        "netIncome": 178.2,
        "netIncomeAfterTaxes": 162,
        "nonRecurringItems": -2.6,
        "otherOperatingExpensesTotal": -9.6,
        "period": "2018-08-26",
        "pretaxIncome": 219.4,
        "provisionforIncomeTaxes": 57.4,
        "revenue": 1834.4,
        "sgaExpense": 256.4,
        "totalOperatingExpense": 246.8
      },
      {
        "costOfGoodsSold": 1382.8,
        "dilutedAverageSharesOutstanding": 396.3,
        "dilutedEPS": 0.18,
        "ebit": 147.9,
        "equityEarningsAffiliates": 17.7,
        "grossIncome": 583.4,
        "interestExpense": 45.5,
        "interestIncomeExpense": -49.7,
        "minorityInterest": -0.7,
        "netIncome": 69.6,
        "netIncomeAfterTaxes": 56.3,
        "nonRecurringItems": -8.8,
        "period": "2018-05-27",
        "pretaxIncome": 89.4,
        "provisionforIncomeTaxes": 33.1,
        "revenue": 1966.2,
        "sgaExpense": 435.5,
        "totalOperatingExpense": 435.5
      },
      {
        "costOfGoodsSold": 1396.3,
        "dilutedAverageSharesOutstanding": 402.5,
        "dilutedEPS": 0.9,
        "ebit": 320.2,
        "equityEarningsAffiliates": 29,
        "grossIncome": 598.2,
        "interestExpense": 40.6,
        "interestIncomeExpense": -39.3,
        "minorityInterest": -0.9,
        "netIncome": 362.8,
        "netIncomeAfterTaxes": 83.5,
        "nonRecurringItems": -52.1,
        "period": "2018-02-25",
        "pretaxIncome": 228.8,
        "provisionforIncomeTaxes": 145.3,
        "revenue": 1994.5,
        "sgaExpense": 278,
        "totalOperatingExpense": 278
      },
      {
        "costOfGoodsSold": 1514.7,
        "dilutedAverageSharesOutstanding": 410.4,
        "dilutedEPS": 0.54,
        "ebit": 362.9,
        "equityEarningsAffiliates": 20.6,
        "grossIncome": 658.7,
        "interestExpense": 39.1,
        "interestIncomeExpense": -35,
        "minorityInterest": -1,
        "netIncome": 223.5,
        "netIncomeAfterTaxes": 203.5,
        "nonRecurringItems": -14.9,
        "period": "2017-11-26",
        "pretaxIncome": 313,
        "provisionforIncomeTaxes": 109.5,
        "revenue": 2173.4,
        "sgaExpense": 295.8,
        "totalOperatingExpense": 295.8
      },
      {
        "costOfGoodsSold": 1275.5,
        "dilutedAverageSharesOutstanding": 419.2,
        "dilutedEPS": 0.36,
        "ebit": 298.5,
        "equityEarningsAffiliates": 30,
        "grossIncome": 528.7,
        "interestExpense": 37.3,
        "interestIncomeExpense": -43.5,
        "minorityInterest": -0.8,
        "netIncome": 152.5,
        "netIncomeAfterTaxes": 123.6,
        "nonRecurringItems": -11.4,
        "period": "2017-08-27",
        "pretaxIncome": 243.6,
        "provisionforIncomeTaxes": 120,
        "revenue": 1804.2,
        "sgaExpense": 230.2,
        "totalOperatingExpense": 230.2
      },
      {
        "costOfGoodsSold": 1330.8,
        "dilutedAverageSharesOutstanding": 424,
        "dilutedEPS": 0.36,
        "ebit": 152,
        "equityEarningsAffiliates": 19.1,
        "grossIncome": 530.9,
        "interestExpense": 38.4,
        "interestIncomeExpense": -33.8,
        "minorityInterest": -0.6,
        "netIncome": 151.3,
        "netIncomeAfterTaxes": 134.5,
        "nonRecurringItems": -44.5,
        "period": "2017-05-28",
        "pretaxIncome": 73.7,
        "provisionforIncomeTaxes": -60.8,
        "revenue": 1861.7,
        "sgaExpense": 378.9,
        "totalOperatingExpense": 378.9
      },
      {
        "costOfGoodsSold": 1355.2,
        "dilutedAverageSharesOutstanding": 436.4,
        "dilutedEPS": 0.41,
        "ebit": 317.4,
        "equityEarningsAffiliates": 21.8,
        "grossIncome": 626,
        "interestExpense": 46.7,
        "interestIncomeExpense": -44.3,
        "minorityInterest": -0.5,
        "netIncome": 179.7,
        "netIncomeAfterTaxes": 157.7,
        "nonRecurringItems": -47.2,
        "period": "2017-02-26",
        "pretaxIncome": 225.6,
        "provisionforIncomeTaxes": 67.9,
        "revenue": 1981.2,
        "sgaExpense": 308.6,
        "totalOperatingExpense": 308.6,
        "totalOtherIncomeExpenseNet": -0.3
      },
      {
        "costOfGoodsSold": 1436.1,
        "dilutedAverageSharesOutstanding": 441.3,
        "dilutedEPS": 0.27,
        "ebit": 557.1,
        "equityEarningsAffiliates": 17.2,
        "grossIncome": 652.3,
        "interestExpense": 54.9,
        "interestIncomeExpense": -59.6,
        "minorityInterest": -3.8,
        "netIncome": 121.8,
        "netIncomeAfterTaxes": 97.1,
        "nonRecurringItems": -322,
        "period": "2016-11-27",
        "pretaxIncome": 175.5,
        "provisionforIncomeTaxes": 78.4,
        "revenue": 2088.4,
        "sgaExpense": 95.2,
        "totalOperatingExpense": 95.2
      },
      {
        "costOfGoodsSold": 1345.5,
        "dilutedAverageSharesOutstanding": 442.7,
        "dilutedEPS": 0.41,
        "ebit": 293.9,
        "equityEarningsAffiliates": 13.1,
        "grossIncome": 550.1,
        "interestExpense": 58.9,
        "interestIncomeExpense": -59.7,
        "minorityInterest": -3.8,
        "netIncome": 185.7,
        "netIncomeAfterTaxes": 85.5,
        "nonRecurringItems": 20.5,
        "period": "2016-08-28",
        "pretaxIncome": 254.7,
        "provisionforIncomeTaxes": 169.2,
        "revenue": 1895.6,
        "sgaExpense": 256.2,
        "totalOperatingExpense": 256.2
      },
      {
        "costOfGoodsSold": 1452.5,
        "dilutedAverageSharesOutstanding": 437.7,
        "dilutedEPS": 0.26,
        "ebit": -139.4,
        "equityEarningsAffiliates": 15.4,
        "grossIncome": 600.5,
        "interestExpense": 60.7,
        "interestIncomeExpense": -72.2,
        "minorityInterest": -3.3,
        "netIncome": 117.2,
        "netIncomeAfterTaxes": -132,
        "period": "2016-05-29",
        "pretaxIncome": -211.6,
        "provisionforIncomeTaxes": -79.6,
        "revenue": 2053,
        "sgaExpense": 739.9,
        "totalOperatingExpense": 739.9
      },
      {
        "costOfGoodsSold": 1582.8,
        "dilutedAverageSharesOutstanding": 439.6,
        "dilutedEPS": 0.45,
        "ebit": 170.2,
        "equityEarningsAffiliates": 8.6,
        "grossIncome": 616.5,
        "interestExpense": 76.9,
        "interestIncomeExpense": -73.8,
        "minorityInterest": -1.7,
        "netIncome": 201.1,
        "netIncomeAfterTaxes": 62.8,
        "period": "2016-02-28",
        "pretaxIncome": 96.4,
        "provisionforIncomeTaxes": 33.6,
        "revenue": 2199.3,
        "sgaExpense": 446.3,
        "totalOperatingExpense": 446.3
      },
      {
        "costOfGoodsSold": 1694.6,
        "dilutedAverageSharesOutstanding": 437.9,
        "dilutedEPS": 0.35,
        "ebit": 181.3,
        "equityEarningsAffiliates": 17.6,
        "grossIncome": 664.2,
        "interestExpense": 79.2,
        "interestIncomeExpense": -75.7,
        "minorityInterest": -4.4,
        "netIncome": 154.4,
        "netIncomeAfterTaxes": 62.5,
        "period": "2015-11-29",
        "pretaxIncome": 105.6,
        "provisionforIncomeTaxes": 43.1,
        "revenue": 2358.8,
        "sgaExpense": 482.9,
        "totalOperatingExpense": 482.9
      },
      {
        "costOfGoodsSold": 1497.6,
        "dilutedAverageSharesOutstanding": 433,
        "dilutedEPS": -2.66,
        "ebit": 197,
        "equityEarningsAffiliates": 24.5,
        "grossIncome": 555.4,
        "interestExpense": 80.2,
        "interestIncomeExpense": -78.6,
        "minorityInterest": -1.7,
        "netIncome": -1154.5,
        "netIncomeAfterTaxes": 69.1,
        "period": "2015-08-30",
        "pretaxIncome": 118.4,
        "provisionforIncomeTaxes": 49.3,
        "revenue": 2053,
        "sgaExpense": 358.4,
        "totalOperatingExpense": 358.4
      }
    ],
    "symbol": "CAG"
  }
}