{
  "symbol": "DUK",
  "statement": "ic",
  "frequency": "quarterly",
  "timestamp": "2025-09-19T13:59:27.691533",
  "data": {
    "financials": [
      {
        "costOfGoodsSold": 2036,
        "depreciationAmortization": 1583,
        "dilutedAverageSharesOutstanding": 777,
        "dilutedEPS": 1.25,
        "ebit": 1819,
        "grossIncome": 5472,
        "interestIncomeExpense": -886,
        "minorityInterest": -23,
        "netIncome": 971,
        "netIncomeAfterTaxes": 1008,
        "nonRecurringItems": 11,
        "operationsMaintenance": 1655,
        "otherOperatingExpensesTotal": 415,
        "period": "2025-06-30",
        "pretaxIncome": 1127,
        "provisionforIncomeTaxes": 119,
        "revenue": 7508,
        "totalOperatingExpense": 3653,
        "totalOtherIncomeExpenseNet": 183
      },
      {
        "costOfGoodsSold": 2473,
        "depreciationAmortization": 1512,
        "dilutedAverageSharesOutstanding": 777,
        "dilutedEPS": 1.76,
        "ebit": 2337,
        "grossIncome": 5776,
        "interestExpense": 889,
        "interestIncomeExpense": -878,
        "minorityInterest": -25,
        "netIncome": 1365,
        "netIncomeAfterTaxes": 1404,
        "nonRecurringItems": 6,
        "operationsMaintenance": 1499,
        "otherOperatingExpensesTotal": 428,
        "period": "2025-03-31",
        "pretaxIncome": 1597,
        "provisionforIncomeTaxes": 193,
        "revenue": 8249,
        "totalOperatingExpense": 3439,
        "totalOtherIncomeExpenseNet": 132
      },
      {
        "costOfGoodsSold": 2184,
        "depreciationAmortization": 1481,
        "dilutedAverageSharesOutstanding": 772,
        "dilutedEPS": 1.55,
        "ebit": 2112,
        "grossIncome": 5176,
        "interestExpense": 871,
        "interestIncomeExpense": -933,
        "minorityInterest": -22,
        "netIncome": 1191,
        "netIncomeAfterTaxes": 1229,
        "nonRecurringItems": 0,
        "operationsMaintenance": 1279,
        "otherOperatingExpensesTotal": 304,
        "period": "2024-12-31",
        "pretaxIncome": 1338,
        "provisionforIncomeTaxes": 109,
        "revenue": 7360,
        "totalOperatingExpense": 3064,
        "totalOtherIncomeExpenseNet": 159
      },
      {
        "costOfGoodsSold": 2714,
        "depreciationAmortization": 1516,
        "dilutedAverageSharesOutstanding": 773,
        "dilutedEPS": 1.58,
        "ebit": 2132,
        "grossIncome": 5440,
        "interestExpense": 872,
        "interestIncomeExpense": -857,
        "minorityInterest": -34,
        "netIncome": 1226,
        "netIncomeAfterTaxes": 1290,
        "nonRecurringItems": 12,
        "operationsMaintenance": 1409,
        "otherOperatingExpensesTotal": 383,
        "period": "2024-09-30",
        "pretaxIncome": 1453,
        "provisionforIncomeTaxes": 163,
        "revenue": 8154,
        "totalOperatingExpense": 3308,
        "totalOtherIncomeExpenseNet": 166
      },
      {
        "costOfGoodsSold": 2306,
        "depreciationAmortization": 1409,
        "dilutedAverageSharesOutstanding": 772,
        "dilutedEPS": 1.16,
        "ebit": 1744,
        "grossIncome": 4866,
        "interestExpense": 824,
        "interestIncomeExpense": -803,
        "minorityInterest": -21,
        "netIncome": 886,
        "netIncomeAfterTaxes": 931,
        "nonRecurringItems": -37,
        "operationsMaintenance": 1320,
        "otherOperatingExpensesTotal": 393,
        "period": "2024-06-30",
        "pretaxIncome": 1071,
        "provisionforIncomeTaxes": 140,
        "revenue": 7172,
        "totalOperatingExpense": 3122,
        "totalOtherIncomeExpenseNet": 167
      },
      {
        "costOfGoodsSold": 2567,
        "depreciationAmortization": 1387,
        "dilutedAverageSharesOutstanding": 771,
        "dilutedEPS": 1.43,
        "ebit": 1952,
        "grossIncome": 5104,
        "interestExpense": 817,
        "interestIncomeExpense": -800,
        "minorityInterest": -13,
        "netIncome": 1099,
        "netIncomeAfterTaxes": 1154,
        "nonRecurringItems": 11,
        "operationsMaintenance": 1379,
        "otherOperatingExpensesTotal": 386,
        "period": "2024-03-31",
        "pretaxIncome": 1332,
        "provisionforIncomeTaxes": 178,
        "revenue": 7671,
        "totalOperatingExpense": 3152,
        "totalOtherIncomeExpenseNet": 169
      },
      {
        "costOfGoodsSold": 2258,
        "depreciationAmortization": 1340,
        "dilutedAverageSharesOutstanding": 771,
        "dilutedEPS": 1.28,
        "ebit": 1838,
        "grossIncome": 4954,
        "interestExpense": 793,
        "interestIncomeExpense": -765,
        "minorityInterest": 9,
        "netIncome": 991,
        "netIncomeAfterTaxes": 1135,
        "nonRecurringItems": 17,
        "operationsMaintenance": 1512,
        "otherOperatingExpensesTotal": 264,
        "period": "2023-12-31",
        "pretaxIncome": 1257,
        "provisionforIncomeTaxes": 122,
        "revenue": 7212,
        "totalOperatingExpense": 3116,
        "totalOtherIncomeExpenseNet": 167
      },
      {
        "costOfGoodsSold": 2628,
        "depreciationAmortization": 1353,
        "dilutedAverageSharesOutstanding": 771,
        "dilutedEPS": 1.57,
        "ebit": 2207,
        "grossIncome": 5366,
        "interestExpense": 774,
        "interestIncomeExpense": -729,
        "minorityInterest": -69,
        "netIncome": 1213,
        "netIncomeAfterTaxes": 1473,
        "nonRecurringItems": -96,
        "operationsMaintenance": 1412,
        "otherOperatingExpensesTotal": 394,
        "period": "2023-09-30",
        "pretaxIncome": 1515,
        "provisionforIncomeTaxes": 42,
        "revenue": 7994,
        "totalOperatingExpense": 3159,
        "totalOtherIncomeExpenseNet": 133
      },
      {
        "costOfGoodsSold": 2118,
        "depreciationAmortization": 1333,
        "dilutedAverageSharesOutstanding": 771,
        "dilutedEPS": -0.3,
        "ebit": 1399,
        "grossIncome": 4460,
        "interestExpense": 727,
        "interestIncomeExpense": -707,
        "minorityInterest": -16,
        "netIncome": -234,
        "netIncomeAfterTaxes": 751,
        "nonRecurringItems": 31,
        "operationsMaintenance": 1375,
        "otherOperatingExpensesTotal": 353,
        "period": "2023-06-30",
        "pretaxIncome": 870,
        "provisionforIncomeTaxes": 119,
        "revenue": 6578,
        "totalOperatingExpense": 3061,
        "totalOtherIncomeExpenseNet": 147
      },
      {
        "costOfGoodsSold": 2675,
        "depreciationAmortization": 1227,
        "dilutedAverageSharesOutstanding": 770,
        "dilutedEPS": 0.99,
        "ebit": 1675,
        "grossIncome": 4601,
        "interestExpense": 720,
        "interestIncomeExpense": -700,
        "minorityInterest": 43,
        "netIncome": 765,
        "netIncomeAfterTaxes": 970,
        "nonRecurringItems": -1,
        "operationsMaintenance": 1310,
        "otherOperatingExpensesTotal": 389,
        "period": "2023-03-31",
        "pretaxIncome": 1125,
        "provisionforIncomeTaxes": 155,
        "revenue": 7276,
        "totalOperatingExpense": 2926,
        "totalOtherIncomeExpenseNet": 151
      },
      {
        "costOfGoodsSold": 2781,
        "depreciationAmortization": 1100,
        "dilutedAverageSharesOutstanding": 770,
        "dilutedEPS": -0.84,
        "ebit": 1522,
        "grossIncome": 4202,
        "interestExpense": 624,
        "interestIncomeExpense": -598,
        "minorityInterest": 22,
        "netIncome": -650,
        "netIncomeAfterTaxes": 688,
        "nonRecurringItems": -226,
        "operationsMaintenance": 1263,
        "otherOperatingExpensesTotal": 317,
        "period": "2022-12-31",
        "pretaxIncome": 797,
        "provisionforIncomeTaxes": 109,
        "revenue": 6983,
        "totalOperatingExpense": 2680,
        "totalOtherIncomeExpenseNet": 99
      },
      {
        "costOfGoodsSold": 2821,
        "depreciationAmortization": 1299,
        "dilutedAverageSharesOutstanding": 770,
        "dilutedEPS": 1.79,
        "ebit": 2050,
        "grossIncome": 5021,
        "interestExpense": 603,
        "interestIncomeExpense": -575,
        "minorityInterest": 9,
        "netIncome": 1383,
        "netIncomeAfterTaxes": 1410,
        "nonRecurringItems": 6,
        "operationsMaintenance": 1308,
        "otherOperatingExpensesTotal": 364,
        "period": "2022-09-30",
        "pretaxIncome": 1568,
        "provisionforIncomeTaxes": 158,
        "revenue": 7842,
        "totalOperatingExpense": 2971,
        "totalOtherIncomeExpenseNet": 87
      },
      {
        "costOfGoodsSold": 2161,
        "depreciationAmortization": 1237,
        "dilutedAverageSharesOutstanding": 770,
        "dilutedEPS": 1.15,
        "ebit": 1431,
        "grossIncome": 4403,
        "interestExpense": 588,
        "interestIncomeExpense": -550,
        "minorityInterest": 27,
        "netIncome": 893,
        "netIncomeAfterTaxes": 898,
        "nonRecurringItems": 17,
        "operationsMaintenance": 1367,
        "otherOperatingExpensesTotal": 368,
        "period": "2022-06-30",
        "pretaxIncome": 1012,
        "provisionforIncomeTaxes": 114,
        "revenue": 6564,
        "totalOperatingExpense": 2972,
        "totalOtherIncomeExpenseNet": 114
      },
      {
        "costOfGoodsSold": 2298,
        "depreciationAmortization": 1257,
        "dilutedAverageSharesOutstanding": 770,
        "dilutedEPS": 1.08,
        "ebit": 1526,
        "grossIncome": 4713,
        "interestExpense": 569,
        "interestIncomeExpense": -543,
        "minorityInterest": 37,
        "netIncome": 818,
        "netIncomeAfterTaxes": 835,
        "nonRecurringItems": -212,
        "operationsMaintenance": 1548,
        "otherOperatingExpensesTotal": 382,
        "period": "2022-03-31",
        "pretaxIncome": 860,
        "provisionforIncomeTaxes": 25,
        "revenue": 7011,
        "totalOperatingExpense": 3187,
        "totalOtherIncomeExpenseNet": 89
      },
      {
        "costOfGoodsSold": 1828,
        "depreciationAmortization": 1064,
        "dilutedAverageSharesOutstanding": 769,
        "dilutedEPS": 0.95,
        "ebit": 1204,
        "grossIncome": 3934,
        "interestExpense": 519,
        "interestIncomeExpense": -471,
        "minorityInterest": 82,
        "netIncome": 732,
        "netIncomeAfterTaxes": 808,
        "nonRecurringItems": -10,
        "operationsMaintenance": 1384,
        "otherOperatingExpensesTotal": 282,
        "period": "2021-12-31",
        "pretaxIncome": 866,
        "provisionforIncomeTaxes": 58,
        "revenue": 5762,
        "totalOperatingExpense": 2730,
        "totalOtherIncomeExpenseNet": 143
      },
      {
        "costOfGoodsSold": 1919,
        "depreciationAmortization": 1265,
        "dilutedAverageSharesOutstanding": 769,
        "dilutedEPS": 1.78,
        "ebit": 1889,
        "grossIncome": 5032,
        "interestExpense": 581,
        "interestIncomeExpense": -559,
        "minorityInterest": 129,
        "netIncome": 1366,
        "netIncomeAfterTaxes": 1276,
        "nonRecurringItems": -202,
        "operationsMaintenance": 1507,
        "otherOperatingExpensesTotal": 371,
        "period": "2021-09-30",
        "pretaxIncome": 1366,
        "provisionforIncomeTaxes": 90,
        "revenue": 6951,
        "totalOperatingExpense": 3143,
        "totalOtherIncomeExpenseNet": 238
      },
      {
        "costOfGoodsSold": 1494,
        "depreciationAmortization": 1207,
        "dilutedAverageSharesOutstanding": 769,
        "dilutedEPS": 0.98,
        "ebit": 1298,
        "grossIncome": 4264,
        "interestExpense": 572,
        "interestIncomeExpense": -563,
        "minorityInterest": 67,
        "netIncome": 751,
        "netIncomeAfterTaxes": 698,
        "nonRecurringItems": -129,
        "operationsMaintenance": 1410,
        "otherOperatingExpensesTotal": 349,
        "period": "2021-06-30",
        "pretaxIncome": 734,
        "provisionforIncomeTaxes": 36,
        "revenue": 5758,
        "totalOperatingExpense": 2966,
        "totalOtherIncomeExpenseNet": 128
      },
      {
        "costOfGoodsSold": 1719,
        "depreciationAmortization": 1226,
        "dilutedAverageSharesOutstanding": 769,
        "dilutedEPS": 1.24,
        "ebit": 1450,
        "grossIncome": 4431,
        "interestExpense": 535,
        "interestIncomeExpense": -552,
        "minorityInterest": 51,
        "netIncome": 953,
        "netIncomeAfterTaxes": 941,
        "nonRecurringItems": 0,
        "operationsMaintenance": 1402,
        "otherOperatingExpensesTotal": 353,
        "period": "2021-03-31",
        "pretaxIncome": 1025,
        "provisionforIncomeTaxes": 84,
        "revenue": 6150,
        "totalOperatingExpense": 2981,
        "totalOtherIncomeExpenseNet": 127
      },
      {
        "costOfGoodsSold": 1567,
        "depreciationAmortization": 1007,
        "dilutedAverageSharesOutstanding": 743,
        "dilutedEPS": -0.09,
        "ebit": 1033,
        "grossIncome": 3708,
        "interestExpense": 470,
        "interestIncomeExpense": -471,
        "minorityInterest": 87,
        "netIncome": -77,
        "netIncomeAfterTaxes": -143,
        "nonRecurringItems": -941,
        "operationsMaintenance": 1360,
        "otherOperatingExpensesTotal": 308,
        "period": "2020-12-31",
        "pretaxIncome": -238,
        "provisionforIncomeTaxes": -95,
        "revenue": 5275,
        "totalOperatingExpense": 2675,
        "totalOtherIncomeExpenseNet": 141
      },
      {
        "costOfGoodsSold": 1890,
        "depreciationAmortization": 1217,
        "dilutedAverageSharesOutstanding": 735,
        "dilutedEPS": 1.72,
        "ebit": 1908,
        "grossIncome": 4831,
        "interestExpense": 522,
        "interestIncomeExpense": -602,
        "minorityInterest": 70,
        "netIncome": 1265,
        "netIncomeAfterTaxes": 1234,
        "nonRecurringItems": -94,
        "operationsMaintenance": 1382,
        "otherOperatingExpensesTotal": 324,
        "period": "2020-09-30",
        "pretaxIncome": 1339,
        "provisionforIncomeTaxes": 105,
        "revenue": 6721,
        "totalOperatingExpense": 2923,
        "totalOtherIncomeExpenseNet": 127
      },
      {
        "costOfGoodsSold": 1408,
        "depreciationAmortization": 1150,
        "dilutedAverageSharesOutstanding": 735,
        "dilutedEPS": -1.11,
        "ebit": 1235,
        "grossIncome": 4013,
        "interestExpense": 554,
        "interestIncomeExpense": -2522,
        "minorityInterest": 90,
        "netIncome": -817,
        "netIncomeAfterTaxes": -892,
        "nonRecurringItems": -58,
        "operationsMaintenance": 1294,
        "otherOperatingExpensesTotal": 334,
        "period": "2020-06-30",
        "pretaxIncome": -1208,
        "provisionforIncomeTaxes": -316,
        "revenue": 5421,
        "totalOperatingExpense": 2778,
        "totalOtherIncomeExpenseNet": 137
      },
      {
        "costOfGoodsSold": 1646,
        "depreciationAmortization": 1130,
        "dilutedAverageSharesOutstanding": 736,
        "dilutedEPS": 1.22,
        "ebit": 1489,
        "grossIncome": 4303,
        "interestExpense": 551,
        "interestIncomeExpense": -507,
        "minorityInterest": 48,
        "netIncome": 899,
        "netIncomeAfterTaxes": 890,
        "nonRecurringItems": -1,
        "operationsMaintenance": 1339,
        "otherOperatingExpensesTotal": 345,
        "period": "2020-03-31",
        "pretaxIncome": 1027,
        "provisionforIncomeTaxes": 137,
        "revenue": 5949,
        "totalOperatingExpense": 2814,
        "totalOtherIncomeExpenseNet": 46
      },
      {
        "costOfGoodsSold": 1774,
        "depreciationAmortization": 1184,
        "dilutedAverageSharesOutstanding": 732,
        "dilutedEPS": 0.91,
        "ebit": 1121,
        "grossIncome": 4329,
        "interestExpense": 547,
        "interestIncomeExpense": -522,
        "minorityInterest": 67,
        "netIncome": 660,
        "netIncomeAfterTaxes": 614,
        "nonRecurringItems": -12,
        "operationsMaintenance": 1729,
        "otherOperatingExpensesTotal": 295,
        "period": "2019-12-31",
        "pretaxIncome": 709,
        "provisionforIncomeTaxes": 95,
        "revenue": 6103,
        "totalOperatingExpense": 3208,
        "totalOtherIncomeExpenseNet": 122
      },
      {
        "costOfGoodsSold": 2026,
        "depreciationAmortization": 1186,
        "dilutedAverageSharesOutstanding": 729,
        "dilutedEPS": 1.82,
        "ebit": 1909,
        "grossIncome": 4914,
        "interestExpense": 572,
        "interestIncomeExpense": -522,
        "minorityInterest": 19,
        "netIncome": 1327,
        "netIncomeAfterTaxes": 1323,
        "nonRecurringItems": 20,
        "operationsMaintenance": 1484,
        "otherOperatingExpensesTotal": 335,
        "period": "2019-09-30",
        "pretaxIncome": 1511,
        "provisionforIncomeTaxes": 188,
        "revenue": 6940,
        "totalOperatingExpense": 3005,
        "totalOtherIncomeExpenseNet": 104
      },
      {
        "costOfGoodsSold": 1717,
        "depreciationAmortization": 1089,
        "dilutedAverageSharesOutstanding": 728,
        "dilutedEPS": 1.13,
        "ebit": 1299,
        "grossIncome": 4156,
        "interestExpense": 542,
        "interestIncomeExpense": -498,
        "minorityInterest": 84,
        "netIncome": 820,
        "netIncomeAfterTaxes": 748,
        "nonRecurringItems": -1,
        "operationsMaintenance": 1434,
        "otherOperatingExpensesTotal": 334,
        "period": "2019-06-30",
        "pretaxIncome": 889,
        "provisionforIncomeTaxes": 141,
        "revenue": 5873,
        "totalOperatingExpense": 2857,
        "totalOtherIncomeExpenseNet": 89
      },
      {
        "costOfGoodsSold": 1936,
        "depreciationAmortization": 1089,
        "dilutedAverageSharesOutstanding": 727,
        "dilutedEPS": 1.24,
        "ebit": 1376,
        "grossIncome": 4227,
        "interestExpense": 543,
        "interestIncomeExpense": -500,
        "minorityInterest": 7,
        "netIncome": 900,
        "netIncomeAfterTaxes": 893,
        "nonRecurringItems": -3,
        "operationsMaintenance": 1419,
        "otherOperatingExpensesTotal": 343,
        "period": "2019-03-31",
        "pretaxIncome": 988,
        "provisionforIncomeTaxes": 95,
        "revenue": 6163,
        "totalOperatingExpense": 2851,
        "totalOtherIncomeExpenseNet": 115
      },
      {
        "costOfGoodsSold": 1887,
        "depreciationAmortization": 1095,
        "dilutedAverageSharesOutstanding": 708,
        "dilutedEPS": 0.66,
        "ebit": 936,
        "grossIncome": 4228,
        "interestExpense": 544,
        "interestIncomeExpense": -510,
        "minorityInterest": 10,
        "netIncome": 464,
        "netIncomeAfterTaxes": 454,
        "nonRecurringItems": -65,
        "operationsMaintenance": 1871,
        "otherOperatingExpensesTotal": 326,
        "period": "2018-12-31",
        "pretaxIncome": 433,
        "provisionforIncomeTaxes": -21,
        "revenue": 6115,
        "totalOperatingExpense": 3292,
        "totalOtherIncomeExpenseNet": 72
      },
      {
        "costOfGoodsSold": 1989,
        "depreciationAmortization": 1039,
        "dilutedAverageSharesOutstanding": 714,
        "dilutedEPS": 1.51,
        "ebit": 1693,
        "grossIncome": 4639,
        "interestExpense": 517,
        "interestIncomeExpense": -480,
        "minorityInterest": 16,
        "netIncome": 1082,
        "netIncomeAfterTaxes": 1062,
        "nonRecurringItems": -114,
        "operationsMaintenance": 1584,
        "otherOperatingExpensesTotal": 323,
        "period": "2018-09-30",
        "pretaxIncome": 1230,
        "provisionforIncomeTaxes": 168,
        "revenue": 6628,
        "totalOperatingExpense": 2946,
        "totalOtherIncomeExpenseNet": 131
      },
      {
        "costOfGoodsSold": 1663,
        "depreciationAmortization": 973,
        "dilutedAverageSharesOutstanding": 704,
        "dilutedEPS": 0.72,
        "ebit": 1148,
        "grossIncome": 3980,
        "interestExpense": 518,
        "interestIncomeExpense": -482,
        "minorityInterest": -2,
        "netIncome": 500,
        "netIncomeAfterTaxes": 507,
        "nonRecurringItems": -169,
        "operationsMaintenance": 1544,
        "otherOperatingExpensesTotal": 315,
        "period": "2018-06-30",
        "pretaxIncome": 607,
        "provisionforIncomeTaxes": 100,
        "revenue": 5643,
        "totalOperatingExpense": 2832,
        "totalOtherIncomeExpenseNet": 110
      },
      {
        "costOfGoodsSold": 1989,
        "depreciationAmortization": 967,
        "dilutedAverageSharesOutstanding": 701,
        "dilutedEPS": 0.88,
        "ebit": 1399,
        "grossIncome": 4146,
        "interestExpense": 515,
        "interestIncomeExpense": -539,
        "minorityInterest": -2,
        "netIncome": 620,
        "netIncomeAfterTaxes": 622,
        "nonRecurringItems": -143,
        "operationsMaintenance": 1464,
        "otherOperatingExpensesTotal": 316,
        "period": "2018-03-31",
        "pretaxIncome": 803,
        "provisionforIncomeTaxes": 181,
        "revenue": 6135,
        "totalOperatingExpense": 2747,
        "totalOtherIncomeExpenseNet": 86
      },
      {
        "costOfGoodsSold": 1727,
        "depreciationAmortization": 933,
        "dilutedAverageSharesOutstanding": 700,
        "dilutedEPS": 1,
        "ebit": 1271,
        "grossIncome": 4072,
        "interestExpense": 511,
        "interestIncomeExpense": -493,
        "minorityInterest": 0,
        "netIncome": 703,
        "netIncomeAfterTaxes": 593,
        "nonRecurringItems": -62,
        "operationsMaintenance": 1559,
        "otherOperatingExpensesTotal": 309,
        "period": "2017-12-31",
        "pretaxIncome": 866,
        "provisionforIncomeTaxes": 273,
        "revenue": 5799,
        "totalOperatingExpense": 2801,
        "totalOtherIncomeExpenseNet": 150
      },
      {
        "costOfGoodsSold": 1931,
        "depreciationAmortization": 900,
        "dilutedAverageSharesOutstanding": 700,
        "dilutedEPS": 1.37,
        "ebit": 1862,
        "grossIncome": 4551,
        "interestExpense": 498,
        "interestIncomeExpense": -462,
        "minorityInterest": -1,
        "netIncome": 954,
        "netIncomeAfterTaxes": 957,
        "nonRecurringItems": -201,
        "operationsMaintenance": 1476,
        "otherOperatingExpensesTotal": 313,
        "period": "2017-09-30",
        "pretaxIncome": 1321,
        "provisionforIncomeTaxes": 364,
        "revenue": 6482,
        "totalOperatingExpense": 2689,
        "totalOtherIncomeExpenseNet": 122
      },
      {
        "costOfGoodsSold": 1617,
        "depreciationAmortization": 835,
        "dilutedAverageSharesOutstanding": 700,
        "dilutedEPS": 0.98,
        "ebit": 1355,
        "grossIncome": 3938,
        "interestExpense": 486,
        "interestIncomeExpense": -450,
        "minorityInterest": -3,
        "netIncome": 686,
        "netIncomeAfterTaxes": 691,
        "nonRecurringItems": -2,
        "operationsMaintenance": 1441,
        "otherOperatingExpensesTotal": 307,
        "period": "2017-06-30",
        "pretaxIncome": 1018,
        "provisionforIncomeTaxes": 327,
        "revenue": 5555,
        "totalOperatingExpense": 2583,
        "totalOtherIncomeExpenseNet": 115
      },
      {
        "costOfGoodsSold": 1707,
        "depreciationAmortization": 859,
        "dilutedAverageSharesOutstanding": 700,
        "dilutedEPS": 1.02,
        "ebit": 1391,
        "grossIncome": 4022,
        "interestExpense": 491,
        "interestIncomeExpense": -462,
        "minorityInterest": -1,
        "netIncome": 716,
        "netIncomeAfterTaxes": 717,
        "nonRecurringItems": 11,
        "operationsMaintenance": 1468,
        "otherOperatingExpensesTotal": 304,
        "period": "2017-03-31",
        "pretaxIncome": 1061,
        "provisionforIncomeTaxes": 344,
        "revenue": 5729,
        "totalOperatingExpense": 2631,
        "totalOtherIncomeExpenseNet": 121
      },
      {
        "costOfGoodsSold": 1690,
        "depreciationAmortization": 830,
        "dilutedAverageSharesOutstanding": 697,
        "dilutedEPS": -0.32,
        "ebit": 644,
        "gainLossOnDispositionOfAssets": 7,
        "grossIncome": 3126,
        "interestExpense": 423,
        "interestIncomeExpense": -401,
        "minorityInterest": -5,
        "netIncome": -227,
        "netIncomeAfterTaxes": 310,
        "nonRecurringItems": 190,
        "operationsMaintenance": 1618,
        "otherOperatingExpensesTotal": 249,
        "period": "2016-12-31",
        "pretaxIncome": 494,
        "provisionforIncomeTaxes": 184,
        "purchasedFuelPowerGas": -215,
        "revenue": 4816,
        "totalOperatingExpense": 2482,
        "totalOtherIncomeExpenseNet": 54
      },
      {
        "costOfGoodsSold": 2037,
        "depreciationAmortization": 819,
        "dilutedAverageSharesOutstanding": 691,
        "dilutedEPS": 1.7,
        "ebit": 1958,
        "grossIncome": 4539,
        "interestExpense": 464,
        "interestIncomeExpense": -524,
        "minorityInterest": -5,
        "netIncome": 1176,
        "netIncomeAfterTaxes": 1001,
        "nonRecurringItems": -4,
        "operationsMaintenance": 1460,
        "otherOperatingExpensesTotal": 302,
        "period": "2016-09-30",
        "pretaxIncome": 1516,
        "provisionforIncomeTaxes": 515,
        "revenue": 6576,
        "totalOperatingExpense": 2581,
        "totalOtherIncomeExpenseNet": 86
      },
      {
        "costOfGoodsSold": 1530,
        "depreciationAmortization": 790,
        "dilutedAverageSharesOutstanding": 690,
        "dilutedEPS": 0.73,
        "ebit": 1252,
        "grossIncome": 3683,
        "interestExpense": 478,
        "interestIncomeExpense": -463,
        "minorityInterest": -3,
        "netIncome": 509,
        "netIncomeAfterTaxes": 624,
        "nonRecurringItems": 7,
        "operationsMaintenance": 1351,
        "otherOperatingExpensesTotal": 290,
        "period": "2016-06-30",
        "pretaxIncome": 877,
        "provisionforIncomeTaxes": 253,
        "revenue": 5213,
        "totalOperatingExpense": 2431,
        "totalOtherIncomeExpenseNet": 81
      },
      {
        "costOfGoodsSold": 1637,
        "depreciationAmortization": 793,
        "dilutedAverageSharesOutstanding": 689,
        "dilutedEPS": 1,
        "ebit": 1236,
        "grossIncome": 3740,
        "interestExpense": 489,
        "interestIncomeExpense": -481,
        "minorityInterest": -5,
        "netIncome": 694,
        "netIncomeAfterTaxes": 577,
        "nonRecurringItems": 4,
        "operationsMaintenance": 1416,
        "otherOperatingExpensesTotal": 295,
        "period": "2016-03-31",
        "pretaxIncome": 829,
        "provisionforIncomeTaxes": 252,
        "revenue": 5377,
        "totalOperatingExpense": 2504,
        "totalOtherIncomeExpenseNet": 70
      },
      {
        "costOfGoodsSold": 1563,
        "depreciationAmortization": 712,
        "dilutedAverageSharesOutstanding": 688,
        "dilutedEPS": 0.69,
        "ebit": 684,
        "gainLossOnDispositionOfAssets": -1,
        "grossIncome": 2671,
        "interestExpense": 319,
        "interestIncomeExpense": -303,
        "minorityInterest": -5,
        "netIncome": 477,
        "netIncomeAfterTaxes": 334,
        "nonRecurringItems": 5,
        "operationsMaintenance": 1265,
        "otherOperatingExpensesTotal": 293,
        "period": "2015-12-31",
        "pretaxIncome": 472,
        "provisionforIncomeTaxes": 138,
        "purchasedFuelPowerGas": -283,
        "revenue": 4234,
        "totalOperatingExpense": 1987,
        "totalOtherIncomeExpenseNet": 87
      },
      {
        "costOfGoodsSold": 2134,
        "depreciationAmortization": 774,
        "dilutedAverageSharesOutstanding": 688,
        "dilutedEPS": 1.36,
        "ebit": 1795,
        "gainLossOnDispositionOfAssets": 4,
        "grossIncome": 4349,
        "interestExpense": 402,
        "interestIncomeExpense": -385,
        "minorityInterest": -3,
        "netIncome": 932,
        "netIncomeAfterTaxes": 940,
        "nonRecurringItems": -111,
        "operationsMaintenance": 1426,
        "otherOperatingExpensesTotal": 293,
        "period": "2015-09-30",
        "pretaxIncome": 1360,
        "provisionforIncomeTaxes": 420,
        "purchasedFuelPowerGas": 61,
        "revenue": 6483,
        "totalOperatingExpense": 2554,
        "totalOtherIncomeExpenseNet": 57
      }
    ],
    "symbol": "DUK"
  }
}