{
  "symbol": "VZ",
  "statement": "ic",
  "frequency": "annual",
  "timestamp": "2025-09-19T14:08:16.208270",
  "data": {
    "financials": [
      {
        "costOfGoodsSold": 53908,
        "depreciationAmortization": 17075,
        "dilutedAverageSharesOutstanding": 4223,
        "dilutedEPS": 4.15,
        "ebit": 31716,
        "grossIncome": 80880,
        "interestExpense": 6649,
        "interestIncomeExpense": -6366,
        "minorityInterest": -443,
        "netIncome": 17506,
        "netIncomeAfterTaxes": 17949,
        "nonRecurringItems": -2113,
        "period": "2024-12-31",
        "pretaxIncome": 22979,
        "provisionforIncomeTaxes": 5030,
        "revenue": 134788,
        "sgaExpense": 32089,
        "totalOperatingExpense": 49164,
        "totalOtherIncomeExpenseNet": -258,
        "year": 2024
      },
      {
        "costOfGoodsSold": 54805,
        "depreciationAmortization": 16738,
        "dilutedAverageSharesOutstanding": 4215,
        "dilutedEPS": 2.76,
        "ebit": 31051,
        "grossIncome": 79169,
        "interestExpense": 5524,
        "interestIncomeExpense": -5223,
        "minorityInterest": -481,
        "netIncome": 11614,
        "netIncomeAfterTaxes": 12095,
        "nonRecurringItems": -6874,
        "period": "2023-12-31",
        "pretaxIncome": 16987,
        "provisionforIncomeTaxes": 4892,
        "revenue": 133974,
        "sgaExpense": 31380,
        "totalOperatingExpense": 48118,
        "totalOtherIncomeExpenseNet": -1967,
        "year": 2023
      },
      {
        "costOfGoodsSold": 59133,
        "depreciationAmortization": 17099,
        "dilutedAverageSharesOutstanding": 4204,
        "dilutedEPS": 5.06,
        "ebit": 30771,
        "grossIncome": 77702,
        "interestExpense": 3613,
        "interestIncomeExpense": -3423,
        "minorityInterest": -492,
        "netIncome": 21256,
        "netIncomeAfterTaxes": 21748,
        "nonRecurringItems": 130,
        "period": "2022-12-31",
        "pretaxIncome": 28271,
        "provisionforIncomeTaxes": 6523,
        "revenue": 136835,
        "sgaExpense": 29832,
        "totalOperatingExpense": 46931,
        "totalOtherIncomeExpenseNet": 793,
        "year": 2022
      },
      {
        "costOfGoodsSold": 56301,
        "depreciationAmortization": 16206,
        "dilutedAverageSharesOutstanding": 4150,
        "dilutedEPS": 5.32,
        "ebit": 32174,
        "grossIncome": 77312,
        "interestExpense": 3485,
        "interestIncomeExpense": -3292,
        "minorityInterest": -553,
        "netIncome": 22065,
        "netIncomeAfterTaxes": 22618,
        "nonRecurringItems": -888,
        "period": "2021-12-31",
        "pretaxIncome": 29420,
        "provisionforIncomeTaxes": 6802,
        "revenue": 133613,
        "sgaExpense": 28932,
        "totalOperatingExpense": 45138,
        "totalOtherIncomeExpenseNet": 1426,
        "year": 2021
      },
      {
        "costOfGoodsSold": 51201,
        "depreciationAmortization": 16720,
        "dilutedAverageSharesOutstanding": 4142,
        "dilutedEPS": 4.3,
        "ebit": 30340,
        "gainLossOnDispositionOfAssets": 7,
        "grossIncome": 77091,
        "interestExpense": 4274,
        "interestIncomeExpense": -4254,
        "minorityInterest": -547,
        "netIncome": 17801,
        "netIncomeAfterTaxes": 18348,
        "nonRecurringItems": -3254,
        "period": "2020-12-31",
        "pretaxIncome": 23967,
        "provisionforIncomeTaxes": 5619,
        "revenue": 128292,
        "sgaExpense": 30031,
        "totalOperatingExpense": 46751,
        "totalOtherIncomeExpenseNet": 1128,
        "year": 2020
      },
      {
        "costOfGoodsSold": 54726,
        "depreciationAmortization": 16682,
        "dilutedAverageSharesOutstanding": 4140,
        "dilutedEPS": 4.65,
        "ebit": 30507,
        "grossIncome": 77142,
        "interestExpense": 4730,
        "interestIncomeExpense": -4624,
        "minorityInterest": -523,
        "netIncome": 19265,
        "netIncomeAfterTaxes": 19788,
        "nonRecurringItems": -3859,
        "period": "2019-12-31",
        "pretaxIncome": 22733,
        "provisionforIncomeTaxes": 2945,
        "revenue": 131868,
        "sgaExpense": 29953,
        "totalOperatingExpense": 46635,
        "totalOtherIncomeExpenseNet": 709,
        "year": 2019
      },
      {
        "costOfGoodsSold": 55205,
        "depreciationAmortization": 17380,
        "dilutedAverageSharesOutstanding": 4132,
        "dilutedEPS": 3.76,
        "ebit": 30030,
        "grossIncome": 75658,
        "interestExpense": 4833,
        "interestIncomeExpense": -4925,
        "minorityInterest": -511,
        "netIncome": 15528,
        "netIncomeAfterTaxes": 16039,
        "nonRecurringItems": -6370,
        "period": "2018-12-31",
        "pretaxIncome": 19623,
        "provisionforIncomeTaxes": 3584,
        "revenue": 130863,
        "sgaExpense": 28248,
        "totalOperatingExpense": 45628,
        "totalOtherIncomeExpenseNet": 888,
        "year": 2018
      },
      {
        "costOfGoodsSold": 52892,
        "depreciationAmortization": 16730,
        "dilutedAverageSharesOutstanding": 4089,
        "dilutedEPS": 7.36,
        "ebit": 27444,
        "grossIncome": 73142,
        "interestExpense": 4733,
        "interestIncomeExpense": -4728,
        "minorityInterest": -449,
        "netIncome": 30101,
        "netIncomeAfterTaxes": 13789,
        "nonRecurringItems": -2896,
        "period": "2017-12-31",
        "pretaxIncome": 20594,
        "provisionforIncomeTaxes": 6805,
        "revenue": 126034,
        "sgaExpense": 28968,
        "totalOperatingExpense": 45698,
        "totalOtherIncomeExpenseNet": 774,
        "year": 2017
      },
      {
        "costOfGoodsSold": 52701,
        "depreciationAmortization": 15928,
        "dilutedAverageSharesOutstanding": 4086,
        "dilutedEPS": 3.21,
        "ebit": 28521,
        "grossIncome": 73279,
        "interestExpense": 4376,
        "interestIncomeExpense": -4415,
        "minorityInterest": -481,
        "netIncome": 13127,
        "netIncomeAfterTaxes": 13608,
        "nonRecurringItems": -3596,
        "period": "2016-12-31",
        "pretaxIncome": 20986,
        "provisionforIncomeTaxes": 7378,
        "revenue": 125980,
        "sgaExpense": 28830,
        "totalOperatingExpense": 44758,
        "totalOtherIncomeExpenseNet": 476,
        "year": 2016
      },
      {
        "costOfGoodsSold": 52557,
        "depreciationAmortization": 16017,
        "dilutedAverageSharesOutstanding": 4093,
        "dilutedEPS": 4.37,
        "ebit": 30550,
        "grossIncome": 79063,
        "interestExpense": 4920,
        "interestIncomeExpense": -4891,
        "minorityInterest": -496,
        "netIncome": 17879,
        "netIncomeAfterTaxes": 18375,
        "nonRecurringItems": 2510,
        "period": "2015-12-31",
        "pretaxIncome": 28240,
        "provisionforIncomeTaxes": 9865,
        "revenue": 131620,
        "sgaExpense": 32496,
        "totalOperatingExpense": 48513,
        "totalOtherIncomeExpenseNet": 71,
        "year": 2015
      }
    ],
    "symbol": "VZ"
  }
}