{
  "symbol": "KMB",
  "statement": "ic",
  "frequency": "annual",
  "timestamp": "2025-09-19T14:02:46.357539",
  "data": {
    "financials": [
      {
        "costOfGoodsSold": 12734,
        "dilutedAverageSharesOutstanding": 337,
        "dilutedEPS": 7.5519,
        "ebit": 3763,
        "equityEarningsAffiliates": 216,
        "grossIncome": 7324,
        "interestExpense": 270,
        "interestIncomeExpense": -222,
        "minorityInterest": -33,
        "netIncome": 2545,
        "netIncomeAfterTaxes": 2362,
        "nonRecurringItems": -554,
        "otherOperatingExpensesTotal": -522,
        "period": "2024-12-31",
        "pretaxIncome": 2927,
        "provisionforIncomeTaxes": 565,
        "revenue": 20058,
        "sgaExpense": 4083,
        "totalOperatingExpense": 3561,
        "totalOtherIncomeExpenseNet": -60,
        "year": 2024
      },
      {
        "costOfGoodsSold": 13384,
        "dilutedAverageSharesOutstanding": 338.8,
        "dilutedEPS": 5.2066,
        "ebit": 2958,
        "equityEarningsAffiliates": 196,
        "grossIncome": 7047,
        "interestExpense": 293,
        "interestIncomeExpense": -227,
        "minorityInterest": 0,
        "netIncome": 1764,
        "netIncomeAfterTaxes": 1568,
        "nonRecurringItems": -614,
        "otherOperatingExpensesTotal": 143,
        "period": "2023-12-31",
        "pretaxIncome": 2021,
        "provisionforIncomeTaxes": 453,
        "revenue": 20431,
        "sgaExpense": 3946,
        "totalOperatingExpense": 4089,
        "totalOtherIncomeExpenseNet": -96,
        "year": 2023
      },
      {
        "costOfGoodsSold": 13956,
        "dilutedAverageSharesOutstanding": 338,
        "dilutedEPS": 5.72,
        "ebit": 2681,
        "equityEarningsAffiliates": 116,
        "grossIncome": 6219,
        "interestExpense": 282,
        "interestIncomeExpense": -268,
        "minorityInterest": -27,
        "netIncome": 1934,
        "netIncomeAfterTaxes": 1845,
        "otherOperatingExpensesTotal": -43,
        "period": "2022-12-31",
        "pretaxIncome": 2340,
        "provisionforIncomeTaxes": 495,
        "revenue": 20175,
        "sgaExpense": 3581,
        "totalOperatingExpense": 3538,
        "totalOtherIncomeExpenseNet": -73,
        "year": 2022
      },
      {
        "costOfGoodsSold": 13298,
        "dilutedAverageSharesOutstanding": 339,
        "dilutedEPS": 5.35,
        "ebit": 2836,
        "equityEarningsAffiliates": 98,
        "grossIncome": 6142,
        "interestExpense": 256,
        "interestIncomeExpense": -250,
        "minorityInterest": -30,
        "netIncome": 1814,
        "netIncomeAfterTaxes": 1746,
        "nonRecurringItems": -354,
        "otherOperatingExpensesTotal": 18,
        "period": "2021-12-31",
        "pretaxIncome": 2225,
        "provisionforIncomeTaxes": 479,
        "revenue": 19440,
        "sgaExpense": 3288,
        "totalOperatingExpense": 3306,
        "totalOtherIncomeExpenseNet": -7,
        "year": 2021
      },
      {
        "costOfGoodsSold": 12035,
        "dilutedAverageSharesOutstanding": 343,
        "dilutedEPS": 6.87,
        "ebit": 3691,
        "equityEarningsAffiliates": 142,
        "grossIncome": 7105,
        "interestExpense": 252,
        "interestIncomeExpense": -244,
        "minorityInterest": -44,
        "netIncome": 2352,
        "netIncomeAfterTaxes": 2254,
        "nonRecurringItems": -483,
        "otherOperatingExpensesTotal": 32,
        "period": "2020-12-31",
        "pretaxIncome": 2930,
        "provisionforIncomeTaxes": 676,
        "revenue": 19140,
        "sgaExpense": 3382,
        "totalOperatingExpense": 3414,
        "totalOtherIncomeExpenseNet": -34,
        "year": 2020
      },
      {
        "costOfGoodsSold": 11999,
        "dilutedAverageSharesOutstanding": 346,
        "dilutedEPS": 6.24,
        "ebit": 3281,
        "equityEarningsAffiliates": 123,
        "grossIncome": 6451,
        "interestExpense": 261,
        "interestIncomeExpense": -250,
        "minorityInterest": -40,
        "netIncome": 2157,
        "netIncomeAfterTaxes": 2074,
        "nonRecurringItems": -335,
        "otherOperatingExpensesTotal": 15,
        "period": "2019-12-31",
        "pretaxIncome": 2650,
        "provisionforIncomeTaxes": 576,
        "revenue": 18450,
        "sgaExpense": 3155,
        "totalOperatingExpense": 3170,
        "totalOtherIncomeExpenseNet": -46,
        "year": 2019
      },
      {
        "costOfGoodsSold": 12348,
        "dilutedAverageSharesOutstanding": 350,
        "dilutedEPS": 4.02,
        "ebit": 3138,
        "equityEarningsAffiliates": 103,
        "grossIncome": 6138,
        "interestExpense": 263,
        "interestIncomeExpense": -253,
        "minorityInterest": -35,
        "netIncome": 1410,
        "netIncomeAfterTaxes": 1459,
        "nonRecurringItems": -1036,
        "otherOperatingExpensesTotal": 13,
        "period": "2018-12-31",
        "pretaxIncome": 1813,
        "provisionforIncomeTaxes": 354,
        "revenue": 18486,
        "sgaExpense": 2987,
        "totalOperatingExpense": 3000,
        "totalOtherIncomeExpenseNet": -36,
        "year": 2018
      },
      {
        "costOfGoodsSold": 11761,
        "dilutedAverageSharesOutstanding": 356,
        "dilutedEPS": 6.39,
        "ebit": 3358,
        "equityEarningsAffiliates": 104,
        "grossIncome": 6587,
        "interestExpense": 318,
        "interestIncomeExpense": -308,
        "minorityInterest": -41,
        "netIncome": 2278,
        "netIncomeAfterTaxes": 2139,
        "otherOperatingExpensesTotal": 27,
        "period": "2017-12-31",
        "pretaxIncome": 2991,
        "provisionforIncomeTaxes": 852,
        "revenue": 18348,
        "sgaExpense": 3202,
        "totalOperatingExpense": 3229,
        "totalOtherIncomeExpenseNet": -59,
        "year": 2017
      },
      {
        "costOfGoodsSold": 11596,
        "dilutedAverageSharesOutstanding": 362,
        "dilutedEPS": 5.99,
        "ebit": 3383,
        "equityEarningsAffiliates": 132,
        "grossIncome": 6691,
        "interestExpense": 319,
        "interestIncomeExpense": -308,
        "minorityInterest": -53,
        "netIncome": 2166,
        "netIncomeAfterTaxes": 2087,
        "otherOperatingExpensesTotal": 8,
        "period": "2016-12-31",
        "pretaxIncome": 3009,
        "provisionforIncomeTaxes": 922,
        "revenue": 18287,
        "sgaExpense": 3300,
        "totalOperatingExpense": 3308,
        "totalOtherIncomeExpenseNet": -66,
        "year": 2016
      },
      {
        "costOfGoodsSold": 11967,
        "dilutedAverageSharesOutstanding": 366,
        "dilutedEPS": 2.77,
        "ebit": 1613,
        "equityEarningsAffiliates": 149,
        "grossIncome": 6624,
        "interestExpense": 295,
        "interestIncomeExpense": -278,
        "minorityInterest": -53,
        "netIncome": 1013,
        "netIncomeAfterTaxes": 917,
        "otherOperatingExpensesTotal": 1568,
        "period": "2015-12-31",
        "pretaxIncome": 1335,
        "provisionforIncomeTaxes": 418,
        "revenue": 18591,
        "sgaExpense": 3443,
        "totalOperatingExpense": 5011,
        "year": 2015
      }
    ],
    "symbol": "KMB"
  }
}