{
  "symbol": "AWK",
  "statement": "ic",
  "frequency": "annual",
  "timestamp": "2025-09-19T13:55:53.683523",
  "data": {
    "financials": [
      {
        "depreciationAmortization": 788,
        "dilutedAverageSharesOutstanding": 195,
        "dilutedEPS": 5.3897,
        "ebit": 1718,
        "interestExpense": 523,
        "interestIncomeExpense": -429,
        "netIncome": 1051,
        "netIncomeAfterTaxes": 1051,
        "nonRecurringItems": 0,
        "operationsMaintenance": 1858,
        "otherOperatingExpensesTotal": 320,
        "period": "2024-12-31",
        "pretaxIncome": 1359,
        "provisionforIncomeTaxes": 308,
        "revenue": 4684,
        "totalOperatingExpense": 2966,
        "totalOtherIncomeExpenseNet": 70,
        "year": 2024
      },
      {
        "depreciationAmortization": 704,
        "dilutedAverageSharesOutstanding": 193,
        "dilutedEPS": 4.8912,
        "ebit": 1504,
        "interestExpense": 460,
        "interestIncomeExpense": -387,
        "netIncome": 944,
        "netIncomeAfterTaxes": 944,
        "nonRecurringItems": 0,
        "operationsMaintenance": 1720,
        "otherOperatingExpensesTotal": 306,
        "period": "2023-12-31",
        "pretaxIncome": 1196,
        "provisionforIncomeTaxes": 252,
        "revenue": 4234,
        "totalOperatingExpense": 2730,
        "totalOtherIncomeExpenseNet": 79,
        "year": 2023
      },
      {
        "depreciationAmortization": 649,
        "dilutedAverageSharesOutstanding": 182,
        "dilutedEPS": 4.51,
        "ebit": 1273,
        "interestExpense": 433,
        "interestIncomeExpense": -381,
        "netIncome": 820,
        "netIncomeAfterTaxes": 820,
        "nonRecurringItems": 19,
        "operationsMaintenance": 1589,
        "otherOperatingExpensesTotal": 281,
        "period": "2022-12-31",
        "pretaxIncome": 1008,
        "provisionforIncomeTaxes": 188,
        "revenue": 3792,
        "totalOperatingExpense": 2519,
        "totalOtherIncomeExpenseNet": 97,
        "year": 2022
      },
      {
        "depreciationAmortization": 636,
        "dilutedAverageSharesOutstanding": 182,
        "dilutedEPS": 6.94,
        "ebit": 1196,
        "interestExpense": 403,
        "interestIncomeExpense": -399,
        "netIncome": 1263,
        "netIncomeAfterTaxes": 1263,
        "nonRecurringItems": 747,
        "operationsMaintenance": 1777,
        "otherOperatingExpensesTotal": 321,
        "period": "2021-12-31",
        "pretaxIncome": 1640,
        "provisionforIncomeTaxes": 377,
        "revenue": 3930,
        "totalOperatingExpense": 2734,
        "totalOtherIncomeExpenseNet": 96,
        "year": 2021
      },
      {
        "depreciationAmortization": 604,
        "dilutedAverageSharesOutstanding": 182,
        "dilutedEPS": 3.9,
        "ebit": 1248,
        "interestExpense": 395,
        "interestIncomeExpense": -395,
        "minorityInterest": 0,
        "netIncome": 709,
        "netIncomeAfterTaxes": 709,
        "nonRecurringItems": 0,
        "operationsMaintenance": 1622,
        "otherOperatingExpensesTotal": 303,
        "period": "2020-12-31",
        "pretaxIncome": 924,
        "provisionforIncomeTaxes": 215,
        "revenue": 3777,
        "totalOperatingExpense": 2529,
        "totalOtherIncomeExpenseNet": 71,
        "year": 2020
      },
      {
        "depreciationAmortization": 582,
        "dilutedAverageSharesOutstanding": 181,
        "dilutedEPS": 3.43,
        "ebit": 1214,
        "interestExpense": 386,
        "interestIncomeExpense": -382,
        "netIncome": 621,
        "netIncomeAfterTaxes": 621,
        "nonRecurringItems": -44,
        "operationsMaintenance": 1544,
        "otherOperatingExpensesTotal": 270,
        "period": "2019-12-31",
        "pretaxIncome": 833,
        "provisionforIncomeTaxes": 212,
        "revenue": 3610,
        "totalOperatingExpense": 2396,
        "totalOtherIncomeExpenseNet": 45,
        "year": 2019
      },
      {
        "depreciationAmortization": 545,
        "dilutedAverageSharesOutstanding": 180,
        "dilutedEPS": 3.15,
        "ebit": 1139,
        "interestExpense": 350,
        "interestIncomeExpense": -350,
        "minorityInterest": 2,
        "netIncome": 567,
        "netIncomeAfterTaxes": 577,
        "nonRecurringItems": -41,
        "operationsMaintenance": 1479,
        "otherOperatingExpensesTotal": 277,
        "period": "2018-12-31",
        "pretaxIncome": 787,
        "provisionforIncomeTaxes": 210,
        "revenue": 3440,
        "totalOperatingExpense": 2301,
        "totalOtherIncomeExpenseNet": 39,
        "year": 2018
      },
      {
        "depreciationAmortization": 492,
        "dilutedAverageSharesOutstanding": 179,
        "dilutedEPS": 2.37,
        "ebit": 1237,
        "interestExpense": 342,
        "interestIncomeExpense": -342,
        "minorityInterest": 0,
        "netIncome": 426,
        "netIncomeAfterTaxes": 551,
        "nonRecurringItems": 9,
        "operationsMaintenance": 1369,
        "otherOperatingExpensesTotal": 259,
        "period": "2017-12-31",
        "pretaxIncome": 912,
        "provisionforIncomeTaxes": 361,
        "revenue": 3357,
        "totalOperatingExpense": 2120,
        "totalOtherIncomeExpenseNet": 8,
        "year": 2017
      },
      {
        "depreciationAmortization": 470,
        "dilutedAverageSharesOutstanding": 179,
        "dilutedEPS": 2.61,
        "ebit": 1075,
        "interestExpense": 325,
        "interestIncomeExpense": -325,
        "minorityInterest": 0,
        "netIncome": 468,
        "netIncomeAfterTaxes": 468,
        "nonRecurringItems": 10,
        "operationsMaintenance": 1499,
        "otherOperatingExpensesTotal": 258,
        "period": "2016-12-31",
        "pretaxIncome": 770,
        "provisionforIncomeTaxes": 302,
        "revenue": 3302,
        "totalOperatingExpense": 2227,
        "totalOtherIncomeExpenseNet": 10,
        "year": 2016
      },
      {
        "depreciationAmortization": 440,
        "dilutedAverageSharesOutstanding": 180,
        "dilutedEPS": 2.64,
        "ebit": 1072,
        "interestExpense": 308,
        "interestIncomeExpense": -308,
        "netIncome": 476,
        "netIncomeAfterTaxes": 476,
        "nonRecurringItems": 3,
        "operationsMaintenance": 1404,
        "otherOperatingExpensesTotal": 243,
        "period": "2015-12-31",
        "pretaxIncome": 782,
        "provisionforIncomeTaxes": 306,
        "revenue": 3159,
        "totalOperatingExpense": 2087,
        "totalOtherIncomeExpenseNet": 15,
        "year": 2015
      }
    ],
    "symbol": "AWK"
  }
}