{
  "symbol": "WELL",
  "statement": "ic",
  "frequency": "quarterly",
  "timestamp": "2025-09-19T14:08:47.202537",
  "data": {
    "financials": [
      {
        "costOfGoodsSold": 1488.825,
        "depreciationAmortization": 496.235,
        "dilutedAverageSharesOutstanding": 668.14,
        "dilutedEPS": 0.45,
        "ebit": 458.837,
        "equityEarningsAffiliates": -7.392,
        "grossIncome": 1059.419,
        "interestExpense": 141.157,
        "interestIncomeExpense": -140.748,
        "minorityInterest": -2.73,
        "netIncome": 301.888,
        "netIncomeAfterTaxes": 297.16,
        "nonRecurringItems": -19.876,
        "otherOperatingExpensesTotal": 16.598,
        "period": "2025-06-30",
        "pretaxIncome": 298.213,
        "provisionforIncomeTaxes": 1.053,
        "revenue": 2548.244,
        "sgaExpense": 87.749,
        "totalOperatingExpense": 600.582
      },
      {
        "costOfGoodsSold": 1437.755,
        "depreciationAmortization": 487.098,
        "dilutedAverageSharesOutstanding": 653.795,
        "dilutedEPS": 0.39,
        "ebit": 399.017,
        "equityEarningsAffiliates": 1.263,
        "grossIncome": 985.332,
        "interestExpense": 144.962,
        "interestIncomeExpense": -141.752,
        "minorityInterest": 0.691,
        "netIncome": 257.957,
        "netIncomeAfterTaxes": 204.226,
        "nonRecurringItems": -58.558,
        "otherOperatingExpensesTotal": 14.06,
        "period": "2025-03-31",
        "pretaxIncome": 198.707,
        "provisionforIncomeTaxes": -5.519,
        "revenue": 2423.087,
        "sgaExpense": 85.157,
        "totalOperatingExpense": 586.315
      },
      {
        "costOfGoodsSold": 1382.453,
        "depreciationAmortization": 482.98,
        "dilutedAverageSharesOutstanding": 634.427,
        "dilutedEPS": 0.18,
        "ebit": 278.257,
        "equityEarningsAffiliates": 6.429,
        "grossIncome": 868.377,
        "interestExpense": 154.469,
        "interestIncomeExpense": -145.367,
        "minorityInterest": -3.782,
        "netIncome": 119.971,
        "netIncomeAfterTaxes": 109.129,
        "nonRecurringItems": -23.647,
        "otherOperatingExpensesTotal": 34.405,
        "period": "2024-12-31",
        "pretaxIncome": 109.243,
        "provisionforIncomeTaxes": 0.114,
        "revenue": 2250.83,
        "sgaExpense": 72.735,
        "totalOperatingExpense": 590.12
      },
      {
        "costOfGoodsSold": 1205.581,
        "depreciationAmortization": 404.892,
        "dilutedAverageSharesOutstanding": 618.306,
        "dilutedEPS": 0.72,
        "ebit": 336.85,
        "equityEarningsAffiliates": -4.038,
        "grossIncome": 850.082,
        "interestExpense": 139.05,
        "interestIncomeExpense": -129.144,
        "minorityInterest": -6.951,
        "netIncome": 449.849,
        "netIncomeAfterTaxes": 188.572,
        "nonRecurringItems": -23.84,
        "otherOperatingExpensesTotal": 20.239,
        "period": "2024-09-30",
        "pretaxIncome": 183.866,
        "provisionforIncomeTaxes": -4.706,
        "revenue": 2055.663,
        "sgaExpense": 88.101,
        "totalOperatingExpense": 513.232
      },
      {
        "costOfGoodsSold": 1104.023,
        "depreciationAmortization": 383.182,
        "dilutedAverageSharesOutstanding": 604.563,
        "dilutedEPS": 0.42,
        "ebit": 222.13,
        "equityEarningsAffiliates": 4.896,
        "grossIncome": 720.861,
        "interestExpense": 133.424,
        "interestIncomeExpense": -127.599,
        "minorityInterest": -5.956,
        "netIncome": 254.714,
        "netIncomeAfterTaxes": 89.331,
        "nonRecurringItems": -4.099,
        "otherOperatingExpensesTotal": 48.684,
        "period": "2024-06-30",
        "pretaxIncome": 90.432,
        "provisionforIncomeTaxes": 1.101,
        "revenue": 1824.884,
        "sgaExpense": 66.865,
        "totalOperatingExpense": 498.731
      },
      {
        "costOfGoodsSold": 1090.192,
        "depreciationAmortization": 366.891,
        "dilutedAverageSharesOutstanding": 577.53,
        "dilutedEPS": 0.21,
        "ebit": 328.502,
        "equityEarningsAffiliates": -7.783,
        "grossIncome": 769.549,
        "interestExpense": 147.318,
        "interestIncomeExpense": -144.264,
        "minorityInterest": -4.488,
        "netIncome": 127.146,
        "netIncomeAfterTaxes": 134.71,
        "nonRecurringItems": -43.337,
        "otherOperatingExpensesTotal": 14.131,
        "period": "2024-03-31",
        "pretaxIncome": 140.901,
        "provisionforIncomeTaxes": 6.191,
        "revenue": 1859.741,
        "sgaExpense": 60.025,
        "totalOperatingExpense": 441.047
      },
      {
        "costOfGoodsSold": 1029.691,
        "depreciationAmortization": 381.81,
        "dilutedAverageSharesOutstanding": 552.745,
        "dilutedEPS": 0.16,
        "ebit": 249.816,
        "equityEarningsAffiliates": -2.008,
        "grossIncome": 720.084,
        "interestExpense": 154.574,
        "interestIncomeExpense": -147.359,
        "minorityInterest": -4.529,
        "netIncome": 83.911,
        "netIncomeAfterTaxes": 92.231,
        "nonRecurringItems": -14.994,
        "otherOperatingExpensesTotal": 36.307,
        "period": "2023-12-31",
        "pretaxIncome": 87.463,
        "provisionforIncomeTaxes": -4.768,
        "revenue": 1749.775,
        "sgaExpense": 52.151,
        "totalOperatingExpense": 470.268
      },
      {
        "costOfGoodsSold": 988.557,
        "depreciationAmortization": 340.46,
        "dilutedAverageSharesOutstanding": 525.138,
        "dilutedEPS": 0.24,
        "ebit": 239.041,
        "equityEarningsAffiliates": -4.031,
        "grossIncome": 673.456,
        "interestExpense": 156.532,
        "interestIncomeExpense": -159.417,
        "minorityInterest": -7.252,
        "netIncome": 127.47,
        "netIncomeAfterTaxes": 67.651,
        "nonRecurringItems": -7.389,
        "otherOperatingExpensesTotal": 38.22,
        "period": "2023-09-30",
        "pretaxIncome": 72.235,
        "provisionforIncomeTaxes": 4.584,
        "revenue": 1662.013,
        "sgaExpense": 55.735,
        "totalOperatingExpense": 434.415
      },
      {
        "costOfGoodsSold": 951.755,
        "depreciationAmortization": 343.289,
        "dilutedAverageSharesOutstanding": 501.97,
        "dilutedEPS": 0.21,
        "ebit": 307.049,
        "equityEarningsAffiliates": -40.332,
        "grossIncome": 713.723,
        "interestExpense": 152.337,
        "interestIncomeExpense": -153.617,
        "minorityInterest": -3.302,
        "netIncome": 103.04,
        "netIncomeAfterTaxes": 148.842,
        "nonRecurringItems": -1.087,
        "otherOperatingExpensesTotal": 11.069,
        "period": "2023-06-30",
        "pretaxIncome": 152.345,
        "provisionforIncomeTaxes": 3.503,
        "revenue": 1665.478,
        "sgaExpense": 52.316,
        "totalOperatingExpense": 406.674
      },
      {
        "costOfGoodsSold": 949.949,
        "depreciationAmortization": 341.396,
        "dilutedAverageSharesOutstanding": 494.494,
        "dilutedEPS": 0.05,
        "ebit": 195.971,
        "equityEarningsAffiliates": -7.071,
        "grossIncome": 610.78,
        "interestExpense": 144.403,
        "interestIncomeExpense": -145.333,
        "minorityInterest": -2.962,
        "netIncome": 25.673,
        "netIncomeAfterTaxes": 34.959,
        "nonRecurringItems": -12.634,
        "otherOperatingExpensesTotal": 22.745,
        "period": "2023-03-31",
        "pretaxIncome": 38.004,
        "provisionforIncomeTaxes": 3.045,
        "revenue": 1560.729,
        "sgaExpense": 50.668,
        "totalOperatingExpense": 414.809
      },
      {
        "costOfGoodsSold": 931.545,
        "depreciationAmortization": 344.196,
        "dilutedAverageSharesOutstanding": 483.518,
        "dilutedEPS": 0,
        "ebit": 160.665,
        "equityEarningsAffiliates": -4.65,
        "grossIncome": 586.986,
        "interestExpense": 140.391,
        "interestIncomeExpense": -140.649,
        "minorityInterest": -5.526,
        "netIncome": -3.728,
        "netIncomeAfterTaxes": 10.871,
        "nonRecurringItems": -13.233,
        "otherOperatingExpensesTotal": 24.954,
        "period": "2022-12-31",
        "pretaxIncome": 6.783,
        "provisionforIncomeTaxes": -4.088,
        "revenue": 1518.531,
        "sgaExpense": 57.171,
        "totalOperatingExpense": 426.321
      },
      {
        "costOfGoodsSold": 904.866,
        "depreciationAmortization": 355.455,
        "dilutedAverageSharesOutstanding": 463.366,
        "dilutedEPS": -0.02,
        "ebit": 157.183,
        "equityEarningsAffiliates": -6.698,
        "grossIncome": 568.978,
        "interestExpense": 139.682,
        "interestIncomeExpense": -146.587,
        "minorityInterest": -4.114,
        "netIncome": -6.767,
        "netIncomeAfterTaxes": 2.981,
        "nonRecurringItems": -4.358,
        "otherOperatingExpensesTotal": 15.481,
        "period": "2022-09-30",
        "pretaxIncome": 6.238,
        "provisionforIncomeTaxes": 3.257,
        "revenue": 1473.844,
        "sgaExpense": 40.859,
        "totalOperatingExpense": 411.795
      },
      {
        "costOfGoodsSold": 846.675,
        "depreciationAmortization": 312.31,
        "dilutedAverageSharesOutstanding": 457.082,
        "dilutedEPS": 0.2,
        "ebit": 236.273,
        "equityEarningsAffiliates": -7.058,
        "grossIncome": 625.861,
        "interestExpense": 127.75,
        "interestIncomeExpense": -126.343,
        "minorityInterest": -5.888,
        "netIncome": 89.784,
        "netIncomeAfterTaxes": 106.262,
        "nonRecurringItems": -0.603,
        "otherOperatingExpensesTotal": 35.166,
        "period": "2022-06-30",
        "pretaxIncome": 109.327,
        "provisionforIncomeTaxes": 3.065,
        "revenue": 1472.536,
        "sgaExpense": 42.112,
        "totalOperatingExpense": 389.588
      },
      {
        "costOfGoodsSold": 846.697,
        "depreciationAmortization": 305.244,
        "dilutedAverageSharesOutstanding": 449.802,
        "dilutedEPS": 0.13,
        "ebit": 174.976,
        "equityEarningsAffiliates": -2.884,
        "grossIncome": 549.007,
        "interestExpense": 121.696,
        "interestIncomeExpense": -124.274,
        "minorityInterest": -3.826,
        "netIncome": 61.925,
        "netIncomeAfterTaxes": 45.701,
        "nonRecurringItems": 0.012,
        "otherOperatingExpensesTotal": 26.069,
        "period": "2022-03-31",
        "pretaxIncome": 50.714,
        "provisionforIncomeTaxes": 5.013,
        "revenue": 1395.704,
        "sgaExpense": 42.718,
        "totalOperatingExpense": 374.031
      },
      {
        "costOfGoodsSold": 776.982,
        "depreciationAmortization": 286.486,
        "dilutedAverageSharesOutstanding": 451.323,
        "dilutedEPS": 0.13,
        "ebit": 191.031,
        "equityEarningsAffiliates": -12.174,
        "grossIncome": 532.282,
        "interestExpense": 121.848,
        "interestIncomeExpense": -121.018,
        "minorityInterest": -7.522,
        "netIncome": 58.672,
        "netIncomeAfterTaxes": 66.695,
        "nonRecurringItems": -1.267,
        "otherOperatingExpensesTotal": 15.483,
        "period": "2021-12-31",
        "pretaxIncome": 68.746,
        "provisionforIncomeTaxes": 2.051,
        "revenue": 1309.264,
        "sgaExpense": 39.282,
        "totalOperatingExpense": 341.251
      },
      {
        "costOfGoodsSold": 700.423,
        "depreciationAmortization": 269.763,
        "dilutedAverageSharesOutstanding": 429.983,
        "dilutedEPS": 0.41,
        "ebit": 207.083,
        "equityEarningsAffiliates": -15.832,
        "grossIncome": 539.374,
        "interestExpense": 122.522,
        "interestIncomeExpense": -114.444,
        "minorityInterest": -10.673,
        "netIncome": 179.663,
        "netIncomeAfterTaxes": 86.214,
        "nonRecurringItems": -1.485,
        "otherOperatingExpensesTotal": 3.575,
        "period": "2021-09-30",
        "pretaxIncome": 91.154,
        "provisionforIncomeTaxes": 4.94,
        "revenue": 1239.797,
        "sgaExpense": 58.953,
        "totalOperatingExpense": 332.291
      },
      {
        "costOfGoodsSold": 635.401,
        "depreciationAmortization": 242.961,
        "dilutedAverageSharesOutstanding": 417.452,
        "dilutedEPS": 0.06,
        "ebit": 208.13,
        "equityEarningsAffiliates": -7.976,
        "grossIncome": 505.591,
        "interestExpense": 122.341,
        "interestIncomeExpense": -121.982,
        "minorityInterest": -19.5,
        "netIncome": 26.257,
        "netIncomeAfterTaxes": 9.065,
        "nonRecurringItems": -79.304,
        "otherOperatingExpensesTotal": 11.687,
        "period": "2021-06-30",
        "pretaxIncome": 6.844,
        "provisionforIncomeTaxes": -2.221,
        "revenue": 1140.992,
        "sgaExpense": 42.813,
        "totalOperatingExpense": 297.461
      },
      {
        "costOfGoodsSold": 609.933,
        "depreciationAmortization": 246.461,
        "dilutedAverageSharesOutstanding": 419.079,
        "dilutedEPS": 0.17,
        "ebit": 148.007,
        "equityEarningsAffiliates": 13.049,
        "grossIncome": 442.129,
        "interestExpense": 123.142,
        "interestIncomeExpense": -125.076,
        "minorityInterest": -0.646,
        "netIncome": 71.546,
        "netIncomeAfterTaxes": 0.063,
        "nonRecurringItems": -18.925,
        "otherOperatingExpensesTotal": 10.994,
        "period": "2021-03-31",
        "pretaxIncome": 4.006,
        "provisionforIncomeTaxes": 3.943,
        "revenue": 1052.062,
        "sgaExpense": 36.667,
        "totalOperatingExpense": 294.122
      },
      {
        "costOfGoodsSold": 612.512,
        "depreciationAmortization": 244.707,
        "dilutedAverageSharesOutstanding": 417.338,
        "dilutedEPS": 0.39,
        "ebit": 114.701,
        "equityEarningsAffiliates": 0.258,
        "grossIncome": 509.504,
        "interestExpense": 121.173,
        "interestIncomeExpense": -121.742,
        "minorityInterest": 8.451,
        "netIncome": 163.729,
        "netIncomeAfterTaxes": -30.444,
        "nonRecurringItems": -23.113,
        "otherOperatingExpensesTotal": 33.088,
        "period": "2020-12-31",
        "pretaxIncome": -30.154,
        "provisionforIncomeTaxes": 0.29,
        "revenue": 1122.016,
        "sgaExpense": 117.008,
        "totalOperatingExpense": 394.803
      },
      {
        "costOfGoodsSold": 627.65,
        "depreciationAmortization": 257.718,
        "dilutedAverageSharesOutstanding": 417.027,
        "dilutedEPS": 0.78,
        "ebit": 101.221,
        "equityEarningsAffiliates": -5.981,
        "grossIncome": 409.224,
        "interestExpense": 124.851,
        "interestIncomeExpense": -126.246,
        "minorityInterest": -69.393,
        "netIncome": 325.585,
        "netIncomeAfterTaxes": -83.345,
        "nonRecurringItems": -56.317,
        "otherOperatingExpensesTotal": 11.544,
        "period": "2020-09-30",
        "pretaxIncome": -81.342,
        "provisionforIncomeTaxes": 2.003,
        "revenue": 1036.874,
        "sgaExpense": 38.741,
        "totalOperatingExpense": 308.003
      },
      {
        "costOfGoodsSold": 652.94,
        "depreciationAmortization": 267.171,
        "dilutedAverageSharesOutstanding": 419.121,
        "dilutedEPS": 0.42,
        "ebit": 207.445,
        "equityEarningsAffiliates": 1.332,
        "grossIncome": 535.535,
        "interestExpense": 126.357,
        "interestIncomeExpense": -127.791,
        "minorityInterest": 20.03,
        "netIncome": 179.246,
        "netIncomeAfterTaxes": 2.021,
        "nonRecurringItems": -75.4,
        "otherOperatingExpensesTotal": 19.411,
        "period": "2020-06-30",
        "pretaxIncome": 4.254,
        "provisionforIncomeTaxes": 2.233,
        "revenue": 1188.475,
        "sgaExpense": 41.508,
        "totalOperatingExpense": 328.09
      },
      {
        "costOfGoodsSold": 673.046,
        "depreciationAmortization": 277.044,
        "dilutedAverageSharesOutstanding": 412.42,
        "dilutedEPS": 0.75,
        "ebit": 253.175,
        "equityEarningsAffiliates": -3.692,
        "grossIncome": 585.556,
        "interestExpense": 142.007,
        "interestIncomeExpense": -149.658,
        "minorityInterest": -19.096,
        "netIncome": 310.284,
        "netIncomeAfterTaxes": 70.248,
        "nonRecurringItems": -27.827,
        "otherOperatingExpensesTotal": 6.292,
        "period": "2020-03-31",
        "pretaxIncome": 75.69,
        "provisionforIncomeTaxes": 5.442,
        "revenue": 1258.602,
        "sgaExpense": 49.045,
        "totalOperatingExpense": 332.381
      },
      {
        "costOfGoodsSold": 654.434,
        "depreciationAmortization": 263.89,
        "dilutedAverageSharesOutstanding": 407.996,
        "dilutedEPS": 0.54,
        "ebit": 295.109,
        "equityEarningsAffiliates": 57.42,
        "grossIncome": 608.388,
        "interestExpense": 131.648,
        "interestIncomeExpense": -126.579,
        "minorityInterest": -15.812,
        "netIncome": 224.324,
        "netIncomeAfterTaxes": 170.652,
        "nonRecurringItems": -2.71,
        "otherOperatingExpensesTotal": 16.042,
        "period": "2019-12-31",
        "pretaxIncome": 165.82,
        "provisionforIncomeTaxes": -4.832,
        "revenue": 1262.822,
        "sgaExpense": 33.347,
        "totalOperatingExpense": 313.279
      },
      {
        "costOfGoodsSold": 649.637,
        "depreciationAmortization": 274.749,
        "dilutedAverageSharesOutstanding": 406.891,
        "dilutedEPS": 1.44,
        "ebit": 300.895,
        "equityEarningsAffiliates": 3.262,
        "grossIncome": 616.496,
        "interestExpense": 137.343,
        "interestIncomeExpense": -138.587,
        "minorityInterest": -58.056,
        "netIncome": 589.876,
        "netIncomeAfterTaxes": 74.42,
        "nonRecurringItems": -83.92,
        "otherOperatingExpensesTotal": 6.186,
        "period": "2019-09-30",
        "pretaxIncome": 78.388,
        "provisionforIncomeTaxes": 3.968,
        "revenue": 1266.133,
        "sgaExpense": 34.666,
        "totalOperatingExpense": 315.601
      },
      {
        "costOfGoodsSold": 691.707,
        "depreciationAmortization": 250.205,
        "dilutedAverageSharesOutstanding": 406.673,
        "dilutedEPS": 0.34,
        "ebit": 315.558,
        "equityEarningsAffiliates": -9.049,
        "grossIncome": 628.399,
        "interestExpense": 141.336,
        "interestIncomeExpense": -143.249,
        "minorityInterest": -12.278,
        "netIncome": 137.762,
        "netIncomeAfterTaxes": 160.771,
        "nonRecurringItems": -9.939,
        "otherOperatingExpensesTotal": 21.628,
        "period": "2019-06-30",
        "pretaxIncome": 162.37,
        "provisionforIncomeTaxes": 1.599,
        "revenue": 1320.106,
        "sgaExpense": 41.008,
        "totalOperatingExpense": 312.841
      },
      {
        "costOfGoodsSold": 661.303,
        "depreciationAmortization": 246.024,
        "dilutedAverageSharesOutstanding": 393.452,
        "dilutedEPS": 0.71,
        "ebit": 294.778,
        "equityEarningsAffiliates": -9.199,
        "grossIncome": 610.942,
        "interestExpense": 145.232,
        "interestIncomeExpense": -142.745,
        "minorityInterest": -11.832,
        "netIncome": 280.47,
        "netIncomeAfterTaxes": 134.092,
        "nonRecurringItems": -15.719,
        "otherOperatingExpensesTotal": 8.756,
        "period": "2019-03-31",
        "pretaxIncome": 136.314,
        "provisionforIncomeTaxes": 2.222,
        "revenue": 1272.245,
        "sgaExpense": 61.384,
        "totalOperatingExpense": 316.164
      },
      {
        "costOfGoodsSold": 650.644,
        "depreciationAmortization": 242.834,
        "dilutedAverageSharesOutstanding": 380.086,
        "dilutedEPS": 0.26,
        "ebit": 306.162,
        "equityEarningsAffiliates": 0.195,
        "grossIncome": 590.599,
        "interestExpense": 144.369,
        "interestIncomeExpense": -145.995,
        "minorityInterest": -11.257,
        "netIncome": 101.763,
        "netIncomeAfterTaxes": 82.588,
        "nonRecurringItems": -76.075,
        "otherOperatingExpensesTotal": 10.502,
        "period": "2018-12-31",
        "pretaxIncome": 84.092,
        "provisionforIncomeTaxes": 1.504,
        "revenue": 1241.243,
        "sgaExpense": 31.101,
        "totalOperatingExpense": 284.437
      },
      {
        "costOfGoodsSold": 657.157,
        "depreciationAmortization": 243.149,
        "dilutedAverageSharesOutstanding": 374.487,
        "dilutedEPS": 0.17,
        "ebit": 218.701,
        "equityEarningsAffiliates": 0.344,
        "grossIncome": 579.222,
        "interestExpense": 138.032,
        "interestIncomeExpense": -147.023,
        "minorityInterest": -8.166,
        "netIncome": 64.384,
        "netIncomeAfterTaxes": 59.159,
        "nonRecurringItems": -10.778,
        "otherOperatingExpensesTotal": 88.626,
        "period": "2018-09-30",
        "pretaxIncome": 60.9,
        "provisionforIncomeTaxes": 1.741,
        "revenue": 1236.379,
        "sgaExpense": 28.746,
        "totalOperatingExpense": 360.521
      },
      {
        "costOfGoodsSold": 568.751,
        "depreciationAmortization": 236.275,
        "dilutedAverageSharesOutstanding": 373.075,
        "dilutedEPS": 0.41,
        "ebit": 277.997,
        "equityEarningsAffiliates": 1.249,
        "grossIncome": 557.161,
        "interestExpense": 121.416,
        "interestIncomeExpense": -113.956,
        "minorityInterest": -1.165,
        "netIncome": 154.432,
        "netIncomeAfterTaxes": 155.269,
        "nonRecurringItems": -4.931,
        "otherOperatingExpensesTotal": 10.058,
        "period": "2018-06-30",
        "pretaxIncome": 159.11,
        "provisionforIncomeTaxes": 3.841,
        "revenue": 1125.912,
        "sgaExpense": 32.831,
        "totalOperatingExpense": 279.164
      },
      {
        "costOfGoodsSold": 556.465,
        "depreciationAmortization": 228.201,
        "dilutedAverageSharesOutstanding": 373.257,
        "dilutedEPS": 1.17,
        "ebit": 274.882,
        "equityEarningsAffiliates": -2.429,
        "grossIncome": 540.5,
        "interestExpense": 122.775,
        "interestIncomeExpense": -115.602,
        "minorityInterest": -4.208,
        "netIncome": 437.671,
        "netIncomeAfterTaxes": 117.8,
        "nonRecurringItems": -39.892,
        "otherOperatingExpensesTotal": 3.712,
        "period": "2018-03-31",
        "pretaxIncome": 119.388,
        "provisionforIncomeTaxes": 1.588,
        "revenue": 1096.965,
        "sgaExpense": 33.705,
        "totalOperatingExpense": 265.618
      },
      {
        "costOfGoodsSold": 547.904,
        "depreciationAmortization": 238.458,
        "dilutedAverageSharesOutstanding": 370.66,
        "dilutedEPS": -0.3,
        "ebit": 166.397,
        "equityEarningsAffiliates": -59.449,
        "grossIncome": 556.354,
        "interestExpense": 127.217,
        "interestIncomeExpense": -127.217,
        "minorityInterest": -10.104,
        "netIncome": -111.523,
        "netIncomeAfterTaxes": -86.675,
        "nonRecurringItems": -100.192,
        "otherOperatingExpensesTotal": 60.168,
        "period": "2017-12-31",
        "pretaxIncome": -61.012,
        "provisionforIncomeTaxes": 25.663,
        "revenue": 1104.258,
        "sgaExpense": 91.331,
        "totalOperatingExpense": 389.957
      },
      {
        "costOfGoodsSold": 523.997,
        "depreciationAmortization": 230.138,
        "dilutedAverageSharesOutstanding": 370.74,
        "dilutedEPS": 0.2,
        "ebit": 207.84,
        "equityEarningsAffiliates": 3.408,
        "grossIncome": 567.486,
        "interestExpense": 122.578,
        "interestIncomeExpense": -122.902,
        "minorityInterest": -3.58,
        "netIncome": 74.043,
        "netIncomeAfterTaxes": 84.269,
        "nonRecurringItems": 0,
        "otherOperatingExpensesTotal": 99.595,
        "period": "2017-09-30",
        "pretaxIncome": 84.938,
        "provisionforIncomeTaxes": 0.669,
        "revenue": 1091.483,
        "sgaExpense": 29.913,
        "totalOperatingExpense": 359.646
      },
      {
        "costOfGoodsSold": 501.855,
        "depreciationAmortization": 224.848,
        "dilutedAverageSharesOutstanding": 378.04,
        "dilutedEPS": 0.49,
        "ebit": 292.932,
        "equityEarningsAffiliates": -3.978,
        "grossIncome": 556.747,
        "interestExpense": 116.23,
        "interestIncomeExpense": -116.966,
        "minorityInterest": -3.332,
        "netIncome": 188.436,
        "netIncomeAfterTaxes": 165.27,
        "nonRecurringItems": -19.145,
        "otherOperatingExpensesTotal": 6.338,
        "period": "2017-06-30",
        "pretaxIncome": 156.821,
        "provisionforIncomeTaxes": -8.449,
        "revenue": 1058.602,
        "sgaExpense": 32.629,
        "totalOperatingExpense": 263.815
      },
      {
        "costOfGoodsSold": 510.169,
        "depreciationAmortization": 228.276,
        "dilutedAverageSharesOutstanding": 364.652,
        "dilutedEPS": 0.85,
        "ebit": 281.077,
        "equityEarningsAffiliates": -23.106,
        "grossIncome": 552.129,
        "interestExpense": 118.597,
        "interestIncomeExpense": -119.821,
        "minorityInterest": -0.823,
        "netIncome": 312.639,
        "netIncomeAfterTaxes": 116.624,
        "nonRecurringItems": -42.387,
        "otherOperatingExpensesTotal": 11.675,
        "period": "2017-03-31",
        "pretaxIncome": 118.869,
        "provisionforIncomeTaxes": 2.245,
        "revenue": 1062.298,
        "sgaExpense": 31.101,
        "totalOperatingExpense": 271.052
      },
      {
        "costOfGoodsSold": 494.835,
        "depreciationAmortization": 227.916,
        "dilutedAverageSharesOutstanding": 364.652,
        "dilutedEPS": 0.91,
        "ebit": 303.712,
        "equityEarningsAffiliates": -2.829,
        "grossIncome": 583.487,
        "interestExpense": 126.36,
        "interestIncomeExpense": -126.428,
        "minorityInterest": -1.714,
        "netIncome": 333.044,
        "netIncomeAfterTaxes": 153.773,
        "nonRecurringItems": -40.096,
        "otherOperatingExpensesTotal": 8.837,
        "period": "2016-12-31",
        "pretaxIncome": 137.188,
        "provisionforIncomeTaxes": -16.585,
        "revenue": 1078.322,
        "sgaExpense": 43.022,
        "totalOperatingExpense": 279.775
      },
      {
        "costOfGoodsSold": 473.68,
        "depreciationAmortization": 218.061,
        "dilutedAverageSharesOutstanding": 361.237,
        "dilutedEPS": 0.92,
        "ebit": 350.564,
        "equityEarningsAffiliates": -1.749,
        "grossIncome": 605.453,
        "interestExpense": 129.699,
        "interestIncomeExpense": -127.183,
        "minorityInterest": -3.479,
        "netIncome": 334.91,
        "netIncomeAfterTaxes": 194.139,
        "nonRecurringItems": -29.547,
        "otherOperatingExpensesTotal": 0,
        "period": "2016-09-30",
        "pretaxIncome": 193.834,
        "provisionforIncomeTaxes": -0.305,
        "revenue": 1079.133,
        "sgaExpense": 36.828,
        "totalOperatingExpense": 254.889
      },
      {
        "costOfGoodsSold": 458.832,
        "depreciationAmortization": 226.569,
        "dilutedAverageSharesOutstanding": 358.891,
        "dilutedEPS": 0.54,
        "ebit": 348.181,
        "equityEarningsAffiliates": -1.959,
        "grossIncome": 617.825,
        "interestExpense": 132.326,
        "interestIncomeExpense": -132.326,
        "minorityInterest": 1.077,
        "netIncome": 195.474,
        "netIncomeAfterTaxes": 211.178,
        "nonRecurringItems": -5.19,
        "otherOperatingExpensesTotal": 3.161,
        "period": "2016-06-30",
        "pretaxIncome": 210.665,
        "provisionforIncomeTaxes": -0.513,
        "revenue": 1076.657,
        "sgaExpense": 39.914,
        "totalOperatingExpense": 269.644
      },
      {
        "costOfGoodsSold": 449.636,
        "depreciationAmortization": 228.696,
        "dilutedAverageSharesOutstanding": 356.051,
        "dilutedEPS": 0.42,
        "ebit": 323.027,
        "equityEarningsAffiliates": -3.82,
        "grossIncome": 597.414,
        "interestExpense": 132.96,
        "interestIncomeExpense": -132.96,
        "minorityInterest": -0.153,
        "netIncome": 148.969,
        "netIncomeAfterTaxes": 169.294,
        "nonRecurringItems": -22.498,
        "period": "2016-03-31",
        "pretaxIncome": 167.569,
        "provisionforIncomeTaxes": -1.725,
        "revenue": 1047.05,
        "sgaExpense": 45.691,
        "totalOperatingExpense": 274.387
      },
      {
        "costOfGoodsSold": 438.738,
        "depreciationAmortization": 222.809,
        "dilutedAverageSharesOutstanding": 355.055,
        "dilutedEPS": 0.37,
        "ebit": 295.435,
        "equityEarningsAffiliates": -3.273,
        "grossIncome": 590.746,
        "interestExpense": 131.098,
        "interestIncomeExpense": -131.098,
        "minorityInterest": -0.133,
        "netIncome": 132.931,
        "netIncomeAfterTaxes": 121.303,
        "nonRecurringItems": -40.352,
        "otherOperatingExpensesTotal": 35.648,
        "period": "2015-12-31",
        "pretaxIncome": 123.985,
        "provisionforIncomeTaxes": 2.682,
        "revenue": 1029.484,
        "sgaExpense": 36.854,
        "totalOperatingExpense": 295.311
      },
      {
        "costOfGoodsSold": 408.703,
        "depreciationAmortization": 205.799,
        "dilutedAverageSharesOutstanding": 353.107,
        "dilutedEPS": 0.51,
        "ebit": 327.545,
        "equityEarningsAffiliates": -2.631,
        "grossIncome": 570.294,
        "interestExpense": 121.13,
        "interestIncomeExpense": -121.13,
        "minorityInterest": -0.862,
        "netIncome": 182.043,
        "netIncomeAfterTaxes": 199.842,
        "nonRecurringItems": -9.917,
        "otherOperatingExpensesTotal": 0,
        "period": "2015-09-30",
        "pretaxIncome": 196.498,
        "provisionforIncomeTaxes": -3.344,
        "revenue": 978.997,
        "sgaExpense": 36.95,
        "totalOperatingExpense": 242.749
      }
    ],
    "symbol": "WELL"
  }
}