{
  "symbol": "TDY",
  "statement": "ic",
  "frequency": "quarterly",
  "timestamp": "2025-09-19T14:07:22.189087",
  "data": {
    "financials": [
      {
        "costOfGoodsSold": 869.1,
        "depreciationAmortization": 54.6,
        "dilutedAverageSharesOutstanding": 47.4,
        "dilutedEPS": 4.4283,
        "ebit": 278.2,
        "grossIncome": 644.6,
        "interestIncomeExpense": -17.6,
        "minorityInterest": -0.5,
        "netIncome": 209.9,
        "netIncomeAfterTaxes": 210.4,
        "period": "2025-06-29",
        "pretaxIncome": 260.6,
        "provisionforIncomeTaxes": 50.2,
        "researchDevelopment": 82.4,
        "revenue": 1513.7,
        "sgaExpense": 229.4,
        "totalOperatingExpense": 366.4,
        "totalOtherIncomeExpenseNet": 0
      },
      {
        "costOfGoodsSold": 830.4,
        "depreciationAmortization": 52,
        "dilutedAverageSharesOutstanding": 47.3,
        "dilutedEPS": 3.9873,
        "ebit": 259.3,
        "grossIncome": 619.5,
        "interestIncomeExpense": -17.3,
        "minorityInterest": -0.2,
        "netIncome": 188.6,
        "netIncomeAfterTaxes": 188.8,
        "period": "2025-03-30",
        "pretaxIncome": 238.9,
        "provisionforIncomeTaxes": 50.1,
        "researchDevelopment": 74.3,
        "revenue": 1449.9,
        "sgaExpense": 233.9,
        "totalOperatingExpense": 360.2,
        "totalOtherIncomeExpenseNet": -3.1
      },
      {
        "costOfGoodsSold": 859.6,
        "depreciationAmortization": 49.7,
        "dilutedAverageSharesOutstanding": 47.3,
        "dilutedEPS": 4.1966,
        "ebit": 289.6,
        "grossIncome": 642.7,
        "interestIncomeExpense": -13.7,
        "minorityInterest": -0.6,
        "netIncome": 198.5,
        "netIncomeAfterTaxes": 199.1,
        "nonRecurringItems": -52.5,
        "period": "2024-12-29",
        "pretaxIncome": 225.6,
        "provisionforIncomeTaxes": 26.5,
        "researchDevelopment": 292.6,
        "revenue": 1502.3,
        "sgaExpense": 10.8,
        "totalOperatingExpense": 353.1,
        "totalOtherIncomeExpenseNet": 2.2
      },
      {
        "costOfGoodsSold": 823.9,
        "depreciationAmortization": 49.8,
        "dilutedAverageSharesOutstanding": 47.3,
        "dilutedEPS": 5.5391,
        "ebit": 270.7,
        "grossIncome": 619.6,
        "interestIncomeExpense": -15.7,
        "minorityInterest": -0.2,
        "netIncome": 262,
        "netIncomeAfterTaxes": 262.2,
        "period": "2024-09-30",
        "pretaxIncome": 255.1,
        "provisionforIncomeTaxes": -7.1,
        "revenue": 1443.5,
        "sgaExpense": 299.1,
        "totalOperatingExpense": 348.9,
        "totalOtherIncomeExpenseNet": 0.1
      },
      {
        "costOfGoodsSold": 781.5,
        "depreciationAmortization": 49.1,
        "dilutedAverageSharesOutstanding": 47.8,
        "dilutedEPS": 3.7699,
        "ebit": 247,
        "grossIncome": 592.6,
        "interestIncomeExpense": -15.8,
        "minorityInterest": -0.1,
        "netIncome": 180.2,
        "netIncomeAfterTaxes": 180.3,
        "nonRecurringItems": 0,
        "period": "2024-06-30",
        "pretaxIncome": 231.7,
        "provisionforIncomeTaxes": 51.4,
        "revenue": 1374.1,
        "sgaExpense": 296.5,
        "totalOperatingExpense": 345.6,
        "totalOtherIncomeExpenseNet": 0.5
      },
      {
        "costOfGoodsSold": 770.2,
        "depreciationAmortization": 49.4,
        "dilutedAverageSharesOutstanding": 48,
        "dilutedEPS": 3.7188,
        "ebit": 234.3,
        "grossIncome": 579.9,
        "interestIncomeExpense": -12.7,
        "minorityInterest": -0.6,
        "netIncome": 178.5,
        "netIncomeAfterTaxes": 179.1,
        "period": "2024-03-31",
        "pretaxIncome": 225.5,
        "provisionforIncomeTaxes": 46.4,
        "revenue": 1350.1,
        "sgaExpense": 296.2,
        "totalOperatingExpense": 345.6,
        "totalOtherIncomeExpenseNet": 3.9
      },
      {
        "costOfGoodsSold": 801.9,
        "depreciationAmortization": 48.6,
        "dilutedAverageSharesOutstanding": 47.9,
        "dilutedEPS": 6.7453,
        "ebit": 271.5,
        "grossIncome": 623.1,
        "interestIncomeExpense": -15.6,
        "minorityInterest": -0.4,
        "netIncome": 323.1,
        "netIncomeAfterTaxes": 323.5,
        "nonRecurringItems": 0,
        "period": "2023-12-31",
        "pretaxIncome": 254.2,
        "provisionforIncomeTaxes": -69.3,
        "revenue": 1425,
        "sgaExpense": 303,
        "totalOperatingExpense": 351.6,
        "totalOtherIncomeExpenseNet": -1.7
      },
      {
        "costOfGoodsSold": 797.2,
        "depreciationAmortization": 49.1,
        "dilutedAverageSharesOutstanding": 47.9,
        "dilutedEPS": 4.1461,
        "ebit": 264.3,
        "grossIncome": 605.3,
        "interestIncomeExpense": -18.4,
        "minorityInterest": -0.2,
        "netIncome": 198.6,
        "netIncomeAfterTaxes": 198.8,
        "nonRecurringItems": 0,
        "period": "2023-10-01",
        "pretaxIncome": 246.1,
        "provisionforIncomeTaxes": 47.3,
        "revenue": 1402.5,
        "sgaExpense": 291.9,
        "totalOperatingExpense": 341,
        "totalOtherIncomeExpenseNet": 0.2
      },
      {
        "costOfGoodsSold": 806.3,
        "depreciationAmortization": 49.3,
        "dilutedAverageSharesOutstanding": 47.9,
        "dilutedEPS": 3.8685,
        "ebit": 256.1,
        "grossIncome": 618.4,
        "interestIncomeExpense": -22.3,
        "minorityInterest": -0.2,
        "netIncome": 185.3,
        "netIncomeAfterTaxes": 185.5,
        "nonRecurringItems": 1.6,
        "period": "2023-07-02",
        "pretaxIncome": 234.9,
        "provisionforIncomeTaxes": 49.4,
        "revenue": 1424.7,
        "sgaExpense": 313,
        "totalOperatingExpense": 362.3,
        "totalOtherIncomeExpenseNet": -0.5
      },
      {
        "costOfGoodsSold": 790.7,
        "depreciationAmortization": 49.7,
        "dilutedAverageSharesOutstanding": 47.9,
        "dilutedEPS": 3.7307,
        "ebit": 242.5,
        "grossIncome": 592.6,
        "interestIncomeExpense": -21,
        "minorityInterest": -0.1,
        "netIncome": 178.7,
        "netIncomeAfterTaxes": 178.8,
        "period": "2023-04-02",
        "pretaxIncome": 223.7,
        "provisionforIncomeTaxes": 44.9,
        "revenue": 1383.3,
        "sgaExpense": 300.4,
        "totalOperatingExpense": 350.1,
        "totalOtherIncomeExpenseNet": 2.2
      },
      {
        "costOfGoodsSold": 801.3,
        "depreciationAmortization": 47.9,
        "dilutedAverageSharesOutstanding": 47.7,
        "dilutedEPS": 4.7463,
        "ebit": 273.8,
        "grossIncome": 616.9,
        "interestIncomeExpense": -22.5,
        "minorityInterest": -0.4,
        "netIncome": 226.4,
        "netIncomeAfterTaxes": 226.8,
        "nonRecurringItems": 0,
        "period": "2023-01-01",
        "pretaxIncome": 252.3,
        "provisionforIncomeTaxes": 25.5,
        "revenue": 1418.2,
        "sgaExpense": 295.2,
        "totalOperatingExpense": 343.1,
        "totalOtherIncomeExpenseNet": 1
      },
      {
        "costOfGoodsSold": 785.8,
        "depreciationAmortization": 48.9,
        "dilutedAverageSharesOutstanding": 47.7,
        "dilutedEPS": 3.738,
        "ebit": 245.2,
        "grossIncome": 577.8,
        "interestIncomeExpense": -22,
        "minorityInterest": 0.1,
        "netIncome": 178.3,
        "netIncomeAfterTaxes": 178.2,
        "nonRecurringItems": 0,
        "period": "2022-10-02",
        "pretaxIncome": 231.3,
        "provisionforIncomeTaxes": 53.1,
        "revenue": 1363.6,
        "sgaExpense": 283.7,
        "totalOperatingExpense": 332.6,
        "totalOtherIncomeExpenseNet": 8.1
      },
      {
        "costOfGoodsSold": 788.6,
        "depreciationAmortization": 51.3,
        "dilutedAverageSharesOutstanding": 47.7,
        "dilutedEPS": 3.5912,
        "ebit": 229.5,
        "grossIncome": 567.2,
        "interestIncomeExpense": -22.5,
        "netIncome": 171.3,
        "netIncomeAfterTaxes": 171.3,
        "nonRecurringItems": 10.6,
        "period": "2022-07-03",
        "pretaxIncome": 221.5,
        "provisionforIncomeTaxes": 50.2,
        "revenue": 1355.8,
        "sgaExpense": 286.4,
        "totalOperatingExpense": 337.7,
        "totalOtherIncomeExpenseNet": 3.9
      },
      {
        "costOfGoodsSold": 752.6,
        "depreciationAmortization": 53.6,
        "dilutedAverageSharesOutstanding": 47.7,
        "dilutedEPS": 4.457,
        "ebit": 223.5,
        "grossIncome": 568.4,
        "interestIncomeExpense": -22.3,
        "netIncome": 212.6,
        "netIncomeAfterTaxes": 212.6,
        "period": "2022-04-03",
        "pretaxIncome": 203,
        "provisionforIncomeTaxes": -9.6,
        "revenue": 1321,
        "sgaExpense": 291.3,
        "totalOperatingExpense": 344.9,
        "totalOtherIncomeExpenseNet": 1.8
      },
      {
        "costOfGoodsSold": 829.6,
        "depreciationAmortization": 51.4,
        "dilutedAverageSharesOutstanding": 47.9,
        "dilutedEPS": 3.3779,
        "ebit": 195.1,
        "grossIncome": 546.1,
        "interestExpense": 54.5,
        "interestIncomeExpense": -6.3,
        "netIncome": 161.8,
        "netIncomeAfterTaxes": 161.8,
        "nonRecurringItems": -17.2,
        "period": "2022-01-02",
        "pretaxIncome": 172.5,
        "provisionforIncomeTaxes": 10.7,
        "revenue": 1375.7,
        "sgaExpense": 299.6,
        "totalOperatingExpense": 351,
        "totalOtherIncomeExpenseNet": 0.9
      },
      {
        "costOfGoodsSold": 787.7,
        "depreciationAmortization": 55.3,
        "dilutedAverageSharesOutstanding": 47.7,
        "dilutedEPS": 2.8113,
        "ebit": 189.6,
        "grossIncome": 524.2,
        "interestIncomeExpense": -23.8,
        "netIncome": 134.1,
        "netIncomeAfterTaxes": 134.1,
        "period": "2021-10-03",
        "pretaxIncome": 167.9,
        "provisionforIncomeTaxes": 33.8,
        "revenue": 1311.9,
        "sgaExpense": 279.3,
        "totalOperatingExpense": 334.6,
        "totalOtherIncomeExpenseNet": 2.1
      },
      {
        "costOfGoodsSold": 663.1,
        "depreciationAmortization": 32.8,
        "dilutedAverageSharesOutstanding": 43.6,
        "dilutedEPS": 1.4839,
        "ebit": 104.4,
        "grossIncome": 457.9,
        "interestIncomeExpense": -21.2,
        "netIncome": 64.7,
        "netIncomeAfterTaxes": 64.7,
        "nonRecurringItems": 0,
        "period": "2021-07-04",
        "pretaxIncome": 92.1,
        "provisionforIncomeTaxes": 27.4,
        "revenue": 1121,
        "sgaExpense": 320.7,
        "totalOperatingExpense": 353.5,
        "totalOtherIncomeExpenseNet": 8.9
      },
      {
        "costOfGoodsSold": 492.5,
        "dilutedAverageSharesOutstanding": 38,
        "dilutedEPS": 2.23,
        "ebit": 135.2,
        "grossIncome": 313.2,
        "interestExpense": 19.7,
        "interestIncomeExpense": -22.3,
        "netIncome": 84.7,
        "netIncomeAfterTaxes": 84.7,
        "nonRecurringItems": -13.4,
        "period": "2021-04-04",
        "pretaxIncome": 101.3,
        "provisionforIncomeTaxes": 16.6,
        "revenue": 805.7,
        "sgaExpense": 178,
        "totalOperatingExpense": 178,
        "totalOtherIncomeExpenseNet": 1.8
      },
      {
        "costOfGoodsSold": 493.6,
        "dilutedAverageSharesOutstanding": 38.2,
        "dilutedEPS": 3.46,
        "ebit": 143.8,
        "grossIncome": 315.7,
        "interestIncomeExpense": -3.4,
        "netIncome": 132.1,
        "netIncomeAfterTaxes": 132.1,
        "period": "2021-01-03",
        "pretaxIncome": 141.1,
        "provisionforIncomeTaxes": 9,
        "revenue": 809.3,
        "sgaExpense": 171.9,
        "totalOperatingExpense": 171.9,
        "totalOtherIncomeExpenseNet": 0.7
      },
      {
        "costOfGoodsSold": 458.5,
        "dilutedAverageSharesOutstanding": 37.8,
        "dilutedEPS": 2.48,
        "ebit": 122.5,
        "grossIncome": 290.5,
        "interestIncomeExpense": -4.1,
        "netIncome": 93.9,
        "netIncomeAfterTaxes": 93.9,
        "period": "2020-09-27",
        "pretaxIncome": 119.7,
        "provisionforIncomeTaxes": 25.8,
        "revenue": 749,
        "sgaExpense": 168,
        "totalOperatingExpense": 168,
        "totalOtherIncomeExpenseNet": 1.3
      },
      {
        "costOfGoodsSold": 460.6,
        "dilutedAverageSharesOutstanding": 37.8,
        "dilutedEPS": 2.48,
        "ebit": 109.8,
        "grossIncome": 282.7,
        "interestIncomeExpense": -3.7,
        "netIncome": 93.7,
        "netIncomeAfterTaxes": 93.7,
        "period": "2020-06-28",
        "pretaxIncome": 107.9,
        "provisionforIncomeTaxes": 14.2,
        "revenue": 743.3,
        "sgaExpense": 172.9,
        "totalOperatingExpense": 172.9,
        "totalOtherIncomeExpenseNet": 1.8
      },
      {
        "costOfGoodsSold": 492.6,
        "dilutedAverageSharesOutstanding": 37.8,
        "dilutedEPS": 2.17,
        "ebit": 104,
        "grossIncome": 292,
        "interestIncomeExpense": -4.1,
        "netIncome": 82.2,
        "netIncomeAfterTaxes": 82.2,
        "period": "2020-03-29",
        "pretaxIncome": 101,
        "provisionforIncomeTaxes": 18.8,
        "revenue": 784.6,
        "sgaExpense": 188,
        "totalOperatingExpense": 188,
        "totalOtherIncomeExpenseNet": 1.1
      },
      {
        "costOfGoodsSold": 505.1,
        "dilutedAverageSharesOutstanding": 37.8,
        "dilutedEPS": 3.06,
        "ebit": 133.8,
        "grossIncome": 329.1,
        "interestIncomeExpense": -4.7,
        "netIncome": 115.7,
        "netIncomeAfterTaxes": 115.7,
        "period": "2019-12-29",
        "pretaxIncome": 129.5,
        "provisionforIncomeTaxes": 13.8,
        "revenue": 834.2,
        "sgaExpense": 195.3,
        "totalOperatingExpense": 195.3,
        "totalOtherIncomeExpenseNet": 0.4
      },
      {
        "costOfGoodsSold": 487.7,
        "dilutedAverageSharesOutstanding": 37.6,
        "dilutedEPS": 2.84,
        "ebit": 128.7,
        "grossIncome": 314.5,
        "interestIncomeExpense": -5.6,
        "netIncome": 106.7,
        "netIncomeAfterTaxes": 106.7,
        "period": "2019-09-29",
        "pretaxIncome": 123.4,
        "provisionforIncomeTaxes": 16.7,
        "revenue": 802.2,
        "sgaExpense": 185.8,
        "totalOperatingExpense": 185.8,
        "totalOtherIncomeExpenseNet": 0.3
      },
      {
        "costOfGoodsSold": 463.6,
        "dilutedAverageSharesOutstanding": 37.4,
        "dilutedEPS": 2.8,
        "ebit": 131.9,
        "grossIncome": 318.4,
        "interestIncomeExpense": -5.6,
        "netIncome": 104.6,
        "netIncomeAfterTaxes": 104.6,
        "period": "2019-06-30",
        "pretaxIncome": 127.9,
        "provisionforIncomeTaxes": 23.3,
        "revenue": 782,
        "sgaExpense": 186.5,
        "totalOperatingExpense": 186.5,
        "totalOtherIncomeExpenseNet": 1.6
      },
      {
        "costOfGoodsSold": 463.9,
        "dilutedAverageSharesOutstanding": 37.2,
        "dilutedEPS": 2.02,
        "ebit": 97.3,
        "grossIncome": 281.3,
        "interestIncomeExpense": -5.6,
        "netIncome": 75.3,
        "netIncomeAfterTaxes": 75.3,
        "period": "2019-03-31",
        "pretaxIncome": 92.9,
        "provisionforIncomeTaxes": 17.6,
        "revenue": 745.2,
        "sgaExpense": 184,
        "totalOperatingExpense": 184,
        "totalOtherIncomeExpenseNet": 1.2
      },
      {
        "costOfGoodsSold": 459.6,
        "dilutedAverageSharesOutstanding": 37,
        "dilutedEPS": 2.46,
        "ebit": 111.2,
        "grossIncome": 288.8,
        "interestIncomeExpense": -5.8,
        "netIncome": 91.1,
        "netIncomeAfterTaxes": 90.3,
        "period": "2018-12-30",
        "pretaxIncome": 107.1,
        "provisionforIncomeTaxes": 16.8,
        "revenue": 748.4,
        "sgaExpense": 177.6,
        "totalOperatingExpense": 177.6,
        "totalOtherIncomeExpenseNet": 1.7
      },
      {
        "costOfGoodsSold": 446.2,
        "dilutedAverageSharesOutstanding": 37.2,
        "dilutedEPS": 2.41,
        "ebit": 105.5,
        "grossIncome": 279.1,
        "interestIncomeExpense": -6.2,
        "netIncome": 90.3,
        "netIncomeAfterTaxes": 89.7,
        "period": "2018-09-30",
        "pretaxIncome": 100.2,
        "provisionforIncomeTaxes": 10.5,
        "revenue": 725.3,
        "sgaExpense": 173.6,
        "totalOperatingExpense": 173.6,
        "totalOtherIncomeExpenseNet": 0.9
      },
      {
        "costOfGoodsSold": 447,
        "dilutedAverageSharesOutstanding": 37,
        "dilutedEPS": 2.32,
        "ebit": 111.5,
        "grossIncome": 285.5,
        "interestIncomeExpense": -6.9,
        "netIncome": 85.9,
        "netIncomeAfterTaxes": 85.9,
        "period": "2018-07-01",
        "pretaxIncome": 104.4,
        "provisionforIncomeTaxes": 18.5,
        "revenue": 732.5,
        "sgaExpense": 174,
        "totalOperatingExpense": 174,
        "totalOtherIncomeExpenseNet": -0.2
      },
      {
        "costOfGoodsSold": 438.2,
        "dilutedAverageSharesOutstanding": 36.8,
        "dilutedEPS": 1.82,
        "ebit": 88.4,
        "grossIncome": 257.4,
        "interestIncomeExpense": -7.1,
        "netIncome": 66.5,
        "netIncomeAfterTaxes": 67.1,
        "period": "2018-04-01",
        "pretaxIncome": 82.2,
        "provisionforIncomeTaxes": 15.1,
        "revenue": 695.6,
        "sgaExpense": 169,
        "totalOperatingExpense": 169,
        "totalOtherIncomeExpenseNet": 0.9
      },
      {
        "costOfGoodsSold": 438.3,
        "dilutedAverageSharesOutstanding": 36.6,
        "dilutedEPS": 1.84,
        "ebit": 93.5,
        "grossIncome": 266.1,
        "interestIncomeExpense": -7.5,
        "netIncome": 67.6,
        "netIncomeAfterTaxes": 72.3,
        "nonRecurringItems": 1.1,
        "period": "2017-12-31",
        "pretaxIncome": 88.3,
        "provisionforIncomeTaxes": 16,
        "revenue": 704.4,
        "sgaExpense": 172.6,
        "totalOperatingExpense": 172.6,
        "totalOtherIncomeExpenseNet": 1.2
      },
      {
        "costOfGoodsSold": 405.9,
        "dilutedAverageSharesOutstanding": 36.4,
        "dilutedEPS": 1.9,
        "ebit": 92.4,
        "grossIncome": 256.3,
        "interestIncomeExpense": -7.4,
        "netIncome": 69,
        "netIncomeAfterTaxes": 69,
        "nonRecurringItems": -2.9,
        "period": "2017-10-01",
        "pretaxIncome": 81.7,
        "provisionforIncomeTaxes": 12.7,
        "revenue": 662.2,
        "sgaExpense": 163.9,
        "totalOperatingExpense": 163.9,
        "totalOtherIncomeExpenseNet": -0.4
      },
      {
        "costOfGoodsSold": 418.5,
        "dilutedAverageSharesOutstanding": 36.2,
        "dilutedEPS": 1.66,
        "ebit": 86.8,
        "grossIncome": 252.6,
        "interestIncomeExpense": -9.4,
        "netIncome": 60.1,
        "netIncomeAfterTaxes": 60.1,
        "nonRecurringItems": -4,
        "period": "2017-07-02",
        "pretaxIncome": 76.4,
        "provisionforIncomeTaxes": 16.3,
        "revenue": 671.1,
        "sgaExpense": 165.8,
        "totalOperatingExpense": 165.8,
        "totalOtherIncomeExpenseNet": 3
      },
      {
        "costOfGoodsSold": 355.6,
        "dilutedAverageSharesOutstanding": 36.1,
        "dilutedEPS": 0.84,
        "ebit": 67.7,
        "grossIncome": 210.5,
        "interestIncomeExpense": -10.6,
        "netIncome": 30.5,
        "netIncomeAfterTaxes": 30.5,
        "nonRecurringItems": -4.6,
        "period": "2017-04-02",
        "pretaxIncome": 40.6,
        "provisionforIncomeTaxes": 10.1,
        "revenue": 566.1,
        "sgaExpense": 142.8,
        "totalOperatingExpense": 142.8,
        "totalOtherIncomeExpenseNet": -11.9
      },
      {
        "costOfGoodsSold": 351.5,
        "dilutedAverageSharesOutstanding": 35.9,
        "dilutedEPS": 1.48,
        "ebit": 57.2,
        "grossIncome": 201.4,
        "interestIncomeExpense": -6,
        "netIncome": 53,
        "netIncomeAfterTaxes": 53,
        "period": "2017-01-01",
        "pretaxIncome": 60.1,
        "provisionforIncomeTaxes": 7.1,
        "revenue": 552.9,
        "sgaExpense": 144.2,
        "totalOperatingExpense": 144.2,
        "totalOtherIncomeExpenseNet": 8.9
      },
      {
        "costOfGoodsSold": 317,
        "dilutedAverageSharesOutstanding": 35.6,
        "dilutedEPS": 1.46,
        "ebit": 68.8,
        "grossIncome": 209.8,
        "interestIncomeExpense": -5.6,
        "netIncome": 52,
        "netIncomeAfterTaxes": 52,
        "period": "2016-10-02",
        "pretaxIncome": 62.4,
        "provisionforIncomeTaxes": 10.4,
        "revenue": 526.8,
        "sgaExpense": 141,
        "totalOperatingExpense": 141,
        "totalOtherIncomeExpenseNet": -0.8
      },
      {
        "costOfGoodsSold": 336.2,
        "dilutedAverageSharesOutstanding": 35.3,
        "dilutedEPS": 1.33,
        "ebit": 53.6,
        "grossIncome": 203.5,
        "interestIncomeExpense": -5.9,
        "netIncome": 46.9,
        "netIncomeAfterTaxes": 46.9,
        "period": "2016-07-03",
        "pretaxIncome": 64.9,
        "provisionforIncomeTaxes": 18,
        "revenue": 539.7,
        "sgaExpense": 149.9,
        "totalOperatingExpense": 149.9,
        "totalOtherIncomeExpenseNet": 17.2
      },
      {
        "costOfGoodsSold": 324.8,
        "dilutedAverageSharesOutstanding": 35.2,
        "dilutedEPS": 1.11,
        "ebit": 60.9,
        "grossIncome": 205.7,
        "interestIncomeExpense": -5.7,
        "netIncome": 39,
        "netIncomeAfterTaxes": 39,
        "period": "2016-04-03",
        "pretaxIncome": 53.9,
        "provisionforIncomeTaxes": 14.9,
        "revenue": 530.5,
        "sgaExpense": 144.8,
        "totalOperatingExpense": 144.8,
        "totalOtherIncomeExpenseNet": -1.3
      },
      {
        "costOfGoodsSold": 378.4,
        "dilutedAverageSharesOutstanding": 35.4,
        "dilutedEPS": 1.57,
        "ebit": 76,
        "grossIncome": 221.6,
        "interestIncomeExpense": -6,
        "minorityInterest": 0,
        "netIncome": 55.5,
        "netIncomeAfterTaxes": 55.5,
        "period": "2016-01-03",
        "pretaxIncome": 68.3,
        "provisionforIncomeTaxes": 12.8,
        "revenue": 600,
        "sgaExpense": 145.6,
        "totalOperatingExpense": 145.6,
        "totalOtherIncomeExpenseNet": -1.7
      },
      {
        "costOfGoodsSold": 340.3,
        "dilutedAverageSharesOutstanding": 36.1,
        "dilutedEPS": 1.33,
        "ebit": 71.8,
        "grossIncome": 211.4,
        "interestIncomeExpense": -6,
        "minorityInterest": 0,
        "netIncome": 48.3,
        "netIncomeAfterTaxes": 49.8,
        "period": "2015-09-27",
        "pretaxIncome": 63.7,
        "provisionforIncomeTaxes": 13.9,
        "revenue": 551.7,
        "sgaExpense": 139.6,
        "totalOperatingExpense": 139.6,
        "totalOtherIncomeExpenseNet": -2.1
      }
    ],
    "symbol": "TDY"
  }
}