{
  "symbol": "ELV",
  "statement": "ic",
  "frequency": "annual",
  "timestamp": "2025-09-19T13:59:42.288157",
  "data": {
    "financials": [
      {
        "benefitsClaimsLossAdjustment": 127567,
        "depreciationAmortization": 580,
        "dilutedAverageSharesOutstanding": 232.9,
        "dilutedEPS": 25.6763,
        "ebit": 9156,
        "grossPremiumsEarned": 175204,
        "interestExpense": 1185,
        "interestIncomeExpense": -1185,
        "minorityInterest": 9,
        "netIncome": 5980,
        "netIncomeAfterTaxes": 5971,
        "nonRecurringItems": -67,
        "otherOperatingExpensesTotal": 39507,
        "period": "2024-12-31",
        "pretaxIncome": 7904,
        "provisionforIncomeTaxes": 1933,
        "revenue": 176810,
        "totalOperatingExpense": 167654,
        "year": 2024
      },
      {
        "benefitsClaimsLossAdjustment": 124330,
        "depreciationAmortization": 885,
        "dilutedAverageSharesOutstanding": 237.4,
        "dilutedEPS": 25.219,
        "ebit": 9497,
        "grossPremiumsEarned": 170209,
        "interestExpense": 1030,
        "interestIncomeExpense": -1030,
        "minorityInterest": -4,
        "netIncome": 5987,
        "netIncomeAfterTaxes": 5991,
        "nonRecurringItems": -752,
        "otherOperatingExpensesTotal": 36628,
        "period": "2023-12-31",
        "pretaxIncome": 7715,
        "provisionforIncomeTaxes": 1724,
        "revenue": 171340,
        "totalOperatingExpense": 161843,
        "year": 2023
      },
      {
        "benefitsClaimsLossAdjustment": 116642,
        "depreciationAmortization": 767,
        "dilutedAverageSharesOutstanding": 242.8,
        "dilutedEPS": 24.2751,
        "ebit": 8490,
        "grossPremiumsEarned": 155660,
        "interestExpense": 851,
        "interestIncomeExpense": -851,
        "minorityInterest": 6,
        "netIncome": 5894,
        "netIncomeAfterTaxes": 5888,
        "nonRecurringItems": -39,
        "otherOperatingExpensesTotal": 13049,
        "period": "2022-12-31",
        "pretaxIncome": 7600,
        "provisionforIncomeTaxes": 1712,
        "revenue": 156595,
        "sgaExpense": 17647,
        "totalOperatingExpense": 148105,
        "year": 2022
      },
      {
        "benefitsClaimsLossAdjustment": 102645,
        "depreciationAmortization": 441,
        "dilutedAverageSharesOutstanding": 247,
        "dilutedEPS": 24.73,
        "ebit": 9155,
        "grossPremiumsEarned": 136943,
        "interestExpense": 798,
        "interestIncomeExpense": -798,
        "minorityInterest": 9,
        "netIncome": 6104,
        "netIncomeAfterTaxes": 6095,
        "nonRecurringItems": -432,
        "otherOperatingExpensesTotal": 10895,
        "period": "2021-12-31",
        "pretaxIncome": 7925,
        "provisionforIncomeTaxes": 1830,
        "revenue": 138639,
        "sgaExpense": 15503,
        "totalOperatingExpense": 129484,
        "year": 2021
      },
      {
        "benefitsClaimsLossAdjustment": 88045,
        "depreciationAmortization": 361,
        "dilutedAverageSharesOutstanding": 254,
        "dilutedEPS": 17.98,
        "ebit": 7711,
        "grossPremiumsEarned": 120808,
        "interestExpense": 784,
        "interestIncomeExpense": -784,
        "netIncome": 4572,
        "netIncomeAfterTaxes": 4572,
        "nonRecurringItems": -689,
        "otherOperatingExpensesTotal": 8953,
        "period": "2020-12-31",
        "pretaxIncome": 6238,
        "provisionforIncomeTaxes": 1666,
        "revenue": 121867,
        "sgaExpense": 16797,
        "totalOperatingExpense": 114156,
        "year": 2020
      },
      {
        "benefitsClaimsLossAdjustment": 81786,
        "depreciationAmortization": 338,
        "dilutedAverageSharesOutstanding": 260,
        "dilutedEPS": 18.47,
        "ebit": 6780,
        "grossPremiumsEarned": 103141,
        "interestExpense": 746,
        "interestIncomeExpense": -746,
        "netIncome": 4807,
        "netIncomeAfterTaxes": 4807,
        "nonRecurringItems": -49,
        "otherOperatingExpensesTotal": 1992,
        "period": "2019-12-31",
        "pretaxIncome": 5985,
        "provisionforIncomeTaxes": 1178,
        "revenue": 104260,
        "sgaExpense": 13364,
        "totalOperatingExpense": 97480,
        "year": 2019
      },
      {
        "benefitsClaimsLossAdjustment": 71895,
        "depreciationAmortization": 358,
        "dilutedAverageSharesOutstanding": 264,
        "dilutedEPS": 14.2,
        "ebit": 5858,
        "grossPremiumsEarned": 91341,
        "interestExpense": 753,
        "interestIncomeExpense": -753,
        "netIncome": 3750,
        "netIncomeAfterTaxes": 3722,
        "nonRecurringItems": -37,
        "period": "2018-12-31",
        "pretaxIncome": 5068,
        "provisionforIncomeTaxes": 1346,
        "revenue": 92131,
        "sgaExpense": 14020,
        "totalOperatingExpense": 86273,
        "year": 2018
      },
      {
        "benefitsClaimsLossAdjustment": 72236,
        "depreciationAmortization": 168,
        "dilutedAverageSharesOutstanding": 268,
        "dilutedEPS": 14.33,
        "ebit": 5019,
        "grossPremiumsEarned": 89061,
        "interestExpense": 739,
        "interestIncomeExpense": -739,
        "netIncome": 3843,
        "netIncomeAfterTaxes": 2735,
        "nonRecurringItems": -316,
        "period": "2017-12-31",
        "pretaxIncome": 3964,
        "provisionforIncomeTaxes": 1229,
        "revenue": 90073,
        "sgaExpense": 12650,
        "totalOperatingExpense": 85054,
        "year": 2017
      },
      {
        "benefitsClaimsLossAdjustment": 66834,
        "depreciationAmortization": 192,
        "dilutedAverageSharesOutstanding": 268,
        "dilutedEPS": 9.21,
        "ebit": 5393,
        "grossPremiumsEarned": 84194,
        "interestExpense": 723,
        "interestIncomeExpense": -723,
        "netIncome": 2470,
        "netIncomeAfterTaxes": 2470,
        "nonRecurringItems": -115,
        "period": "2016-12-31",
        "pretaxIncome": 4555,
        "provisionforIncomeTaxes": 2086,
        "revenue": 84978,
        "sgaExpense": 12558,
        "totalOperatingExpense": 79585,
        "year": 2016
      },
      {
        "benefitsClaimsLossAdjustment": 61117,
        "depreciationAmortization": 230,
        "dilutedAverageSharesOutstanding": 273,
        "dilutedEPS": 9.38,
        "ebit": 5358,
        "grossPremiumsEarned": 78405,
        "interestExpense": 653,
        "interestIncomeExpense": -653,
        "netIncome": 2560,
        "netIncomeAfterTaxes": 2560,
        "nonRecurringItems": -74,
        "period": "2015-12-31",
        "pretaxIncome": 4631,
        "provisionforIncomeTaxes": 2071,
        "revenue": 79240,
        "sgaExpense": 12535,
        "totalOperatingExpense": 73882,
        "year": 2015
      }
    ],
    "symbol": "ELV"
  }
}