{
  "symbol": "LEN",
  "statement": "ic",
  "frequency": "quarterly",
  "timestamp": "2025-09-19T14:03:08.735282",
  "data": {
    "financials": [
      {
        "costOfGoodsSold": 7531.226,
        "dilutedAverageSharesOutstanding": 260.286,
        "dilutedEPS": 1.8102,
        "ebit": 701.051,
        "grossIncome": 846.276,
        "interestExpense": 41.846,
        "interestIncomeExpense": -59.17,
        "minorityInterest": -4.371,
        "netIncome": 471.172,
        "netIncomeAfterTaxes": 481.82,
        "otherOperatingExpensesTotal": -10.628,
        "period": "2025-05-31",
        "pretaxIncome": 641.881,
        "provisionforIncomeTaxes": 160.061,
        "revenue": 8377.502,
        "sgaExpense": 155.853,
        "totalOperatingExpense": 145.225
      },
      {
        "costOfGoodsSold": 6739.005,
        "dilutedAverageSharesOutstanding": 262.733,
        "dilutedEPS": 1.96,
        "ebit": 758.996,
        "grossIncome": 892.54,
        "interestExpense": 31.489,
        "interestIncomeExpense": -60.758,
        "minorityInterest": -9.187,
        "netIncome": 514.709,
        "netIncomeAfterTaxes": 528.713,
        "otherOperatingExpensesTotal": -13.834,
        "period": "2025-02-28",
        "pretaxIncome": 698.238,
        "provisionforIncomeTaxes": 169.525,
        "revenue": 7631.545,
        "sgaExpense": 147.378,
        "totalOperatingExpense": 133.544
      },
      {
        "costOfGoodsSold": 8329.978,
        "dilutedAverageSharesOutstanding": 267.264,
        "dilutedEPS": 4.06,
        "ebit": 1493.684,
        "grossIncome": 1616.91,
        "interestExpense": 60.792,
        "interestIncomeExpense": -35.752,
        "minorityInterest": -3.66,
        "netIncome": 1085.919,
        "netIncomeAfterTaxes": 1099.874,
        "otherOperatingExpensesTotal": -46.785,
        "period": "2024-11-30",
        "pretaxIncome": 1457.932,
        "provisionforIncomeTaxes": 358.058,
        "revenue": 9946.888,
        "sgaExpense": 170.011,
        "totalOperatingExpense": 123.226
      },
      {
        "costOfGoodsSold": 7914.015,
        "dilutedAverageSharesOutstanding": 270.164,
        "dilutedEPS": 4.26,
        "ebit": 1339.17,
        "grossIncome": 1502.027,
        "interestExpense": 29.781,
        "interestIncomeExpense": 195.963,
        "minorityInterest": -24.6,
        "netIncome": 1151.782,
        "netIncomeAfterTaxes": 1187.274,
        "otherOperatingExpensesTotal": -1.815,
        "period": "2024-08-31",
        "pretaxIncome": 1535.133,
        "provisionforIncomeTaxes": 347.859,
        "revenue": 9416.042,
        "sgaExpense": 164.672,
        "totalOperatingExpense": 162.857
      },
      {
        "costOfGoodsSold": 7336.448,
        "dilutedAverageSharesOutstanding": 273.703,
        "dilutedEPS": 3.45,
        "ebit": 1320.644,
        "grossIncome": 1429.144,
        "interestExpense": 33.764,
        "interestIncomeExpense": -59.587,
        "minorityInterest": -6.275,
        "netIncome": 943.611,
        "netIncomeAfterTaxes": 960.586,
        "otherOperatingExpensesTotal": -48.482,
        "period": "2024-05-31",
        "pretaxIncome": 1261.057,
        "provisionforIncomeTaxes": 300.471,
        "revenue": 8765.592,
        "sgaExpense": 156.982,
        "totalOperatingExpense": 108.5
      },
      {
        "costOfGoodsSold": 6201.204,
        "dilutedAverageSharesOutstanding": 274.514,
        "dilutedEPS": 2.6,
        "ebit": 1002.979,
        "grossIncome": 1111.726,
        "interestExpense": 36.511,
        "interestIncomeExpense": -72.193,
        "minorityInterest": -0.587,
        "netIncome": 712.396,
        "netIncomeAfterTaxes": 719.921,
        "otherOperatingExpensesTotal": -48.574,
        "period": "2024-02-29",
        "pretaxIncome": 930.786,
        "provisionforIncomeTaxes": 210.865,
        "revenue": 7312.93,
        "sgaExpense": 157.321,
        "totalOperatingExpense": 108.747
      },
      {
        "costOfGoodsSold": 8826.653,
        "dilutedAverageSharesOutstanding": 279.44,
        "dilutedEPS": 4.82,
        "ebit": 1954.405,
        "grossIncome": 2141.53,
        "interestExpense": 94.665,
        "interestIncomeExpense": -170.336,
        "minorityInterest": -6.002,
        "netIncome": 1345.971,
        "netIncomeAfterTaxes": 1367.289,
        "otherOperatingExpensesTotal": 50.789,
        "period": "2023-11-30",
        "pretaxIncome": 1784.069,
        "provisionforIncomeTaxes": 416.78,
        "revenue": 10968.183,
        "sgaExpense": 136.336,
        "totalOperatingExpense": 187.125
      },
      {
        "costOfGoodsSold": 7079.264,
        "dilutedAverageSharesOutstanding": 282.854,
        "dilutedEPS": 3.87,
        "ebit": 1561.787,
        "grossIncome": 1650.339,
        "interestExpense": 46.924,
        "interestIncomeExpense": -86.626,
        "minorityInterest": -7.956,
        "netIncome": 1095.775,
        "netIncomeAfterTaxes": 1116.952,
        "otherOperatingExpensesTotal": -25.592,
        "period": "2023-08-31",
        "pretaxIncome": 1475.161,
        "provisionforIncomeTaxes": 358.209,
        "revenue": 8729.603,
        "sgaExpense": 114.144,
        "totalOperatingExpense": 88.552
      },
      {
        "costOfGoodsSold": 6660.781,
        "dilutedAverageSharesOutstanding": 285.383,
        "dilutedEPS": 3,
        "ebit": 1232.584,
        "grossIncome": 1384.37,
        "interestExpense": 49.705,
        "interestIncomeExpense": -73.963,
        "minorityInterest": -6.048,
        "netIncome": 858.179,
        "netIncomeAfterTaxes": 877.742,
        "otherOperatingExpensesTotal": 27.034,
        "period": "2023-05-31",
        "pretaxIncome": 1158.621,
        "provisionforIncomeTaxes": 280.879,
        "revenue": 8045.151,
        "sgaExpense": 124.752,
        "totalOperatingExpense": 151.786
      },
      {
        "costOfGoodsSold": 5484.813,
        "dilutedAverageSharesOutstanding": 285.201,
        "dilutedEPS": 2.07,
        "ebit": 889.171,
        "grossIncome": 1005.616,
        "interestExpense": 49.577,
        "interestIncomeExpense": -104.718,
        "minorityInterest": -2.774,
        "netIncome": 590.05,
        "netIncomeAfterTaxes": 599.308,
        "otherOperatingExpensesTotal": -9.661,
        "period": "2023-02-28",
        "pretaxIncome": 784.453,
        "provisionforIncomeTaxes": 185.145,
        "revenue": 6490.429,
        "sgaExpense": 126.106,
        "totalOperatingExpense": 116.445
      },
      {
        "costOfGoodsSold": 8115.999,
        "dilutedAverageSharesOutstanding": 287.361,
        "dilutedEPS": 4.55,
        "ebit": 1967.081,
        "grossIncome": 2058.368,
        "interestExpense": 112.236,
        "interestIncomeExpense": -208.358,
        "minorityInterest": -21.49,
        "netIncome": 1308.899,
        "netIncomeAfterTaxes": 1343.934,
        "nonRecurringItems": 0,
        "otherOperatingExpensesTotal": 11.214,
        "period": "2022-11-30",
        "pretaxIncome": 1758.723,
        "provisionforIncomeTaxes": 414.789,
        "revenue": 10174.367,
        "sgaExpense": 80.073,
        "totalOperatingExpense": 91.287
      },
      {
        "costOfGoodsSold": 6799.77,
        "dilutedAverageSharesOutstanding": 288.109,
        "dilutedEPS": 5.04,
        "ebit": 1994.973,
        "grossIncome": 2134.661,
        "interestExpense": 59.137,
        "interestIncomeExpense": -170.699,
        "minorityInterest": -5.35,
        "netIncome": 1451.601,
        "netIncomeAfterTaxes": 1472.694,
        "otherOperatingExpensesTotal": 24.131,
        "period": "2022-08-31",
        "pretaxIncome": 1824.274,
        "provisionforIncomeTaxes": 351.58,
        "revenue": 8934.431,
        "sgaExpense": 115.557,
        "totalOperatingExpense": 139.688
      },
      {
        "costOfGoodsSold": 6322.973,
        "dilutedAverageSharesOutstanding": 291.03,
        "dilutedEPS": 4.47,
        "ebit": 1916.687,
        "grossIncome": 2035.723,
        "interestExpense": 61.799,
        "interestIncomeExpense": -161.853,
        "minorityInterest": -1.802,
        "netIncome": 1303.053,
        "netIncomeAfterTaxes": 1322.558,
        "otherOperatingExpensesTotal": 13.829,
        "period": "2022-05-31",
        "pretaxIncome": 1754.834,
        "provisionforIncomeTaxes": 432.276,
        "revenue": 8358.696,
        "sgaExpense": 105.207,
        "totalOperatingExpense": 119.036
      },
      {
        "costOfGoodsSold": 4937.019,
        "dilutedAverageSharesOutstanding": 290.904,
        "dilutedEPS": 1.71,
        "ebit": 1140.127,
        "grossIncome": 1266.497,
        "interestExpense": 59.933,
        "interestIncomeExpense": -463.392,
        "minorityInterest": -5.734,
        "netIncome": 498.592,
        "netIncomeAfterTaxes": 509.315,
        "otherOperatingExpensesTotal": 12.709,
        "period": "2022-02-28",
        "pretaxIncome": 676.735,
        "provisionforIncomeTaxes": 167.42,
        "revenue": 6203.516,
        "sgaExpense": 113.661,
        "totalOperatingExpense": 126.37
      },
      {
        "costOfGoodsSold": 6424.995,
        "dilutedAverageSharesOutstanding": 301.239,
        "dilutedEPS": 3.91,
        "ebit": 1888.778,
        "grossIncome": 2008.565,
        "interestExpense": 132.181,
        "interestIncomeExpense": -313.036,
        "minorityInterest": -3.159,
        "netIncome": 1178.083,
        "netIncomeAfterTaxes": 1193.65,
        "nonRecurringItems": 5.063,
        "otherOperatingExpensesTotal": 17.596,
        "period": "2021-11-30",
        "pretaxIncome": 1580.805,
        "provisionforIncomeTaxes": 387.155,
        "revenue": 8433.56,
        "sgaExpense": 102.191,
        "totalOperatingExpense": 119.787
      },
      {
        "costOfGoodsSold": 5435.749,
        "dilutedAverageSharesOutstanding": 307.296,
        "dilutedEPS": 4.52,
        "ebit": 1389.943,
        "grossIncome": 1505.654,
        "interestExpense": 68.058,
        "interestIncomeExpense": 422.88,
        "minorityInterest": -2.33,
        "netIncome": 1390.194,
        "netIncomeAfterTaxes": 1409.218,
        "nonRecurringItems": 1.531,
        "otherOperatingExpensesTotal": 20.769,
        "period": "2021-08-31",
        "pretaxIncome": 1814.354,
        "provisionforIncomeTaxes": 405.136,
        "revenue": 6941.403,
        "sgaExpense": 94.942,
        "totalOperatingExpense": 115.711
      },
      {
        "costOfGoodsSold": 5110.152,
        "dilutedAverageSharesOutstanding": 310.157,
        "dilutedEPS": 2.64,
        "ebit": 1210.521,
        "grossIncome": 1320.093,
        "interestExpense": 71.453,
        "interestIncomeExpense": -265.111,
        "minorityInterest": -5.409,
        "netIncome": 819.894,
        "netIncomeAfterTaxes": 836.772,
        "nonRecurringItems": 151.475,
        "otherOperatingExpensesTotal": 18.855,
        "period": "2021-05-31",
        "pretaxIncome": 1096.885,
        "provisionforIncomeTaxes": 260.113,
        "revenue": 6430.245,
        "sgaExpense": 90.717,
        "totalOperatingExpense": 109.572
      },
      {
        "costOfGoodsSold": 4280.385,
        "dilutedAverageSharesOutstanding": 308.925,
        "dilutedEPS": 3.2,
        "ebit": 935.213,
        "grossIncome": 1045.083,
        "interestExpense": 71.064,
        "interestIncomeExpense": 391.801,
        "minorityInterest": -15.54,
        "netIncome": 989.021,
        "netIncomeAfterTaxes": 1016.909,
        "nonRecurringItems": 0,
        "otherOperatingExpensesTotal": -0.661,
        "period": "2021-02-28",
        "pretaxIncome": 1327.014,
        "provisionforIncomeTaxes": 310.105,
        "revenue": 5325.468,
        "sgaExpense": 110.531,
        "totalOperatingExpense": 109.87
      },
      {
        "costOfGoodsSold": 5506.83,
        "dilutedAverageSharesOutstanding": 309.148,
        "dilutedEPS": 2.82,
        "ebit": 1211.26,
        "grossIncome": 1319.06,
        "interestExpense": 76.762,
        "interestIncomeExpense": -46.614,
        "minorityInterest": -8.149,
        "netIncome": 872.818,
        "netIncomeAfterTaxes": 890.909,
        "nonRecurringItems": 0,
        "otherOperatingExpensesTotal": 12.341,
        "period": "2020-11-30",
        "pretaxIncome": 1164.646,
        "provisionforIncomeTaxes": 273.737,
        "revenue": 6825.89,
        "sgaExpense": 95.459,
        "totalOperatingExpense": 107.8
      },
      {
        "costOfGoodsSold": 4807.846,
        "dilutedAverageSharesOutstanding": 308.89,
        "dilutedEPS": 2.13,
        "ebit": 957.314,
        "grossIncome": 1062.408,
        "interestExpense": 88.149,
        "interestIncomeExpense": -98.301,
        "minorityInterest": -2.905,
        "netIncome": 658.62,
        "netIncomeAfterTaxes": 669.323,
        "nonRecurringItems": 0,
        "otherOperatingExpensesTotal": 12.433,
        "period": "2020-08-31",
        "pretaxIncome": 859.013,
        "provisionforIncomeTaxes": 189.69,
        "revenue": 5870.254,
        "sgaExpense": 92.661,
        "totalOperatingExpense": 105.094
      },
      {
        "costOfGoodsSold": 4455.189,
        "dilutedAverageSharesOutstanding": 308.373,
        "dilutedEPS": 1.66,
        "ebit": 742.081,
        "grossIncome": 832.184,
        "interestExpense": 90.898,
        "interestIncomeExpense": -126.922,
        "minorityInterest": 1.308,
        "netIncome": 511.118,
        "netIncomeAfterTaxes": 516.098,
        "nonRecurringItems": 61.418,
        "otherOperatingExpensesTotal": 6.652,
        "period": "2020-05-31",
        "pretaxIncome": 676.577,
        "provisionforIncomeTaxes": 160.479,
        "revenue": 5287.373,
        "sgaExpense": 83.451,
        "totalOperatingExpense": 90.103
      },
      {
        "costOfGoodsSold": 3895.772,
        "dilutedAverageSharesOutstanding": 309.084,
        "dilutedEPS": 1.28,
        "ebit": 514.763,
        "grossIncome": 609.565,
        "interestExpense": 93.3,
        "interestIncomeExpense": -91.211,
        "minorityInterest": 7.229,
        "netIncome": 394.088,
        "netIncomeAfterTaxes": 391.223,
        "nonRecurringItems": 0,
        "otherOperatingExpensesTotal": 7.955,
        "period": "2020-02-29",
        "pretaxIncome": 423.552,
        "provisionforIncomeTaxes": 32.329,
        "revenue": 4505.337,
        "sgaExpense": 86.847,
        "totalOperatingExpense": 94.802
      },
      {
        "costOfGoodsSold": 5870.563,
        "dilutedAverageSharesOutstanding": 313.907,
        "dilutedEPS": 2.13,
        "ebit": 1021.988,
        "grossIncome": 1100.968,
        "interestExpense": 123.595,
        "interestIncomeExpense": -133.302,
        "minorityInterest": 3.121,
        "netIncome": 667.745,
        "netIncomeAfterTaxes": 671.183,
        "nonRecurringItems": 0,
        "otherOperatingExpensesTotal": -14.063,
        "period": "2019-11-30",
        "pretaxIncome": 888.686,
        "provisionforIncomeTaxes": 217.503,
        "revenue": 6971.531,
        "sgaExpense": 93.043,
        "totalOperatingExpense": 78.98
      },
      {
        "costOfGoodsSold": 5014.486,
        "dilutedAverageSharesOutstanding": 318.104,
        "dilutedEPS": 1.6,
        "ebit": 816.856,
        "grossIncome": 842.572,
        "interestExpense": 107.2,
        "interestIncomeExpense": -100.873,
        "minorityInterest": 0.723,
        "netIncome": 508.846,
        "netIncomeAfterTaxes": 512.643,
        "nonRecurringItems": -48.9,
        "otherOperatingExpensesTotal": -66.899,
        "period": "2019-08-31",
        "pretaxIncome": 667.083,
        "provisionforIncomeTaxes": 154.44,
        "revenue": 5857.058,
        "sgaExpense": 92.615,
        "totalOperatingExpense": 25.716
      },
      {
        "costOfGoodsSold": 4790.468,
        "dilutedAverageSharesOutstanding": 320.952,
        "dilutedEPS": 1.32,
        "ebit": 647.381,
        "grossIncome": 772.422,
        "interestExpense": 99.6,
        "interestIncomeExpense": -87.982,
        "minorityInterest": 2.603,
        "netIncome": 418.432,
        "netIncomeAfterTaxes": 418.869,
        "nonRecurringItems": 0,
        "otherOperatingExpensesTotal": 48.928,
        "period": "2019-05-31",
        "pretaxIncome": 559.399,
        "provisionforIncomeTaxes": 140.53,
        "revenue": 5562.89,
        "sgaExpense": 76.113,
        "totalOperatingExpense": 125.041
      },
      {
        "costOfGoodsSold": 3404.374,
        "dilutedAverageSharesOutstanding": 320.585,
        "dilutedEPS": 0.74,
        "ebit": 378.569,
        "grossIncome": 463.708,
        "interestExpense": 64.6,
        "interestIncomeExpense": -59.445,
        "minorityInterest": 0.486,
        "netIncome": 237.887,
        "netIncomeAfterTaxes": 239.424,
        "nonRecurringItems": 0,
        "otherOperatingExpensesTotal": 5.796,
        "period": "2019-02-28",
        "pretaxIncome": 319.124,
        "provisionforIncomeTaxes": 79.7,
        "revenue": 3868.082,
        "sgaExpense": 79.343,
        "totalOperatingExpense": 85.139
      },
      {
        "costOfGoodsSold": 5477.448,
        "dilutedAverageSharesOutstanding": 325.755,
        "dilutedEPS": 2.42,
        "ebit": 861.865,
        "grossIncome": 981.762,
        "interestExpense": 102.164,
        "interestIncomeExpense": 187.581,
        "minorityInterest": -2.079,
        "netIncome": 789.274,
        "netIncomeAfterTaxes": 798.227,
        "nonRecurringItems": -12.918,
        "otherOperatingExpensesTotal": 25.034,
        "period": "2018-11-30",
        "pretaxIncome": 1036.528,
        "provisionforIncomeTaxes": 238.301,
        "revenue": 6459.21,
        "sgaExpense": 94.863,
        "totalOperatingExpense": 119.897
      },
      {
        "costOfGoodsSold": 4909.686,
        "dilutedAverageSharesOutstanding": 327.237,
        "dilutedEPS": 1.37,
        "ebit": 676.665,
        "grossIncome": 762.883,
        "interestExpense": 86.9,
        "interestIncomeExpense": -98.755,
        "minorityInterest": -14.409,
        "netIncome": 449.473,
        "netIncomeAfterTaxes": 467.62,
        "nonRecurringItems": -11.992,
        "otherOperatingExpensesTotal": -10.128,
        "period": "2018-08-31",
        "pretaxIncome": 565.918,
        "provisionforIncomeTaxes": 98.298,
        "revenue": 5672.569,
        "sgaExpense": 96.346,
        "totalOperatingExpense": 86.218
      },
      {
        "costOfGoodsSold": 4896.142,
        "dilutedAverageSharesOutstanding": 324.808,
        "dilutedEPS": 0.96,
        "ebit": 484.414,
        "grossIncome": 562.919,
        "interestExpense": 75.9,
        "interestIncomeExpense": -69.729,
        "minorityInterest": -4.592,
        "netIncome": 307.489,
        "netIncomeAfterTaxes": 314.849,
        "nonRecurringItems": -23.875,
        "otherOperatingExpensesTotal": -6.41,
        "period": "2018-05-31",
        "pretaxIncome": 390.81,
        "provisionforIncomeTaxes": 75.961,
        "revenue": 5459.061,
        "sgaExpense": 84.915,
        "totalOperatingExpense": 78.505
      },
      {
        "costOfGoodsSold": 2649.264,
        "dilutedAverageSharesOutstanding": 308.726,
        "dilutedEPS": 0.43,
        "ebit": 427.254,
        "grossIncome": 331.527,
        "interestExpense": 51.2,
        "interestIncomeExpense": -53.631,
        "minorityInterest": -0.602,
        "netIncome": 134.728,
        "netIncomeAfterTaxes": 205.417,
        "nonRecurringItems": -104.195,
        "otherOperatingExpensesTotal": -163.537,
        "period": "2018-02-28",
        "pretaxIncome": 269.428,
        "provisionforIncomeTaxes": 64.011,
        "revenue": 2980.791,
        "sgaExpense": 67.81,
        "totalOperatingExpense": -95.727
      },
      {
        "costOfGoodsSold": 3178.218,
        "dilutedAverageSharesOutstanding": 251.537,
        "dilutedEPS": 1.22,
        "ebit": 507.052,
        "grossIncome": 607.351,
        "interestExpense": 81.709,
        "interestIncomeExpense": -45.069,
        "minorityInterest": 11.808,
        "netIncome": 306.656,
        "netIncomeAfterTaxes": 297.782,
        "nonRecurringItems": 0,
        "otherOperatingExpensesTotal": 14.743,
        "period": "2017-11-30",
        "pretaxIncome": 461.983,
        "provisionforIncomeTaxes": 164.201,
        "revenue": 3785.569,
        "sgaExpense": 85.556,
        "totalOperatingExpense": 100.299
      },
      {
        "costOfGoodsSold": 2744.023,
        "dilutedAverageSharesOutstanding": 232.674,
        "dilutedEPS": 1.06,
        "ebit": 433.333,
        "grossIncome": 517.453,
        "interestExpense": 71.8,
        "interestIncomeExpense": -64.948,
        "minorityInterest": 5.575,
        "netIncome": 246.719,
        "netIncomeAfterTaxes": 243.59,
        "nonRecurringItems": 0,
        "otherOperatingExpensesTotal": 11.26,
        "period": "2017-08-31",
        "pretaxIncome": 368.385,
        "provisionforIncomeTaxes": 124.795,
        "revenue": 3261.476,
        "sgaExpense": 72.86,
        "totalOperatingExpense": 84.12
      },
      {
        "costOfGoodsSold": 2791.193,
        "dilutedAverageSharesOutstanding": 230.738,
        "dilutedEPS": 0.91,
        "ebit": 387.949,
        "grossIncome": 470.699,
        "interestExpense": 72,
        "interestIncomeExpense": -78.349,
        "minorityInterest": 12.937,
        "netIncome": 211.586,
        "netIncomeAfterTaxes": 200.708,
        "nonRecurringItems": 0,
        "otherOperatingExpensesTotal": 15.976,
        "period": "2017-05-31",
        "pretaxIncome": 309.6,
        "provisionforIncomeTaxes": 108.892,
        "revenue": 3261.892,
        "sgaExpense": 66.774,
        "totalOperatingExpense": 82.75
      },
      {
        "costOfGoodsSold": 2037.402,
        "dilutedAverageSharesOutstanding": 236.854,
        "dilutedEPS": 0.16,
        "ebit": 229.608,
        "grossIncome": 300.026,
        "interestExpense": 52.3,
        "interestIncomeExpense": -39.965,
        "minorityInterest": 8.406,
        "netIncome": 37.695,
        "netIncomeAfterTaxes": 29.674,
        "nonRecurringItems": -140,
        "otherOperatingExpensesTotal": 9.719,
        "period": "2017-02-28",
        "pretaxIncome": 49.643,
        "provisionforIncomeTaxes": 19.969,
        "revenue": 2337.428,
        "sgaExpense": 60.699,
        "totalOperatingExpense": 70.418
      },
      {
        "costOfGoodsSold": 2799.886,
        "dilutedAverageSharesOutstanding": 232.197,
        "dilutedEPS": 1.34,
        "ebit": 507.836,
        "grossIncome": 576.74,
        "interestExpense": 73.238,
        "interestIncomeExpense": -46.457,
        "minorityInterest": 2.983,
        "netIncome": 310.318,
        "netIncomeAfterTaxes": 310.47,
        "otherOperatingExpensesTotal": 0.976,
        "period": "2016-11-30",
        "pretaxIncome": 461.379,
        "provisionforIncomeTaxes": 150.909,
        "revenue": 3376.626,
        "sgaExpense": 67.928,
        "totalOperatingExpense": 68.904
      },
      {
        "costOfGoodsSold": 2386.836,
        "dilutedAverageSharesOutstanding": 231.818,
        "dilutedEPS": 1.01,
        "ebit": 409.229,
        "grossIncome": 447.058,
        "interestExpense": 62.673,
        "interestIncomeExpense": -69.671,
        "minorityInterest": 2.711,
        "netIncome": 233.529,
        "netIncomeAfterTaxes": 233.131,
        "otherOperatingExpensesTotal": -23.335,
        "period": "2016-08-31",
        "pretaxIncome": 339.558,
        "provisionforIncomeTaxes": 106.427,
        "revenue": 2833.894,
        "sgaExpense": 61.164,
        "totalOperatingExpense": 37.829
      },
      {
        "costOfGoodsSold": 2260.76,
        "dilutedAverageSharesOutstanding": 235.658,
        "dilutedEPS": 0.91,
        "ebit": 425.75,
        "grossIncome": 485.055,
        "interestIncomeExpense": -97.911,
        "minorityInterest": -5.569,
        "netIncome": 216.237,
        "netIncomeAfterTaxes": 224.038,
        "otherOperatingExpensesTotal": 3.503,
        "period": "2016-05-31",
        "pretaxIncome": 327.839,
        "provisionforIncomeTaxes": 103.801,
        "revenue": 2745.815,
        "sgaExpense": 55.802,
        "totalOperatingExpense": 59.305
      },
      {
        "costOfGoodsSold": 1767.157,
        "dilutedAverageSharesOutstanding": 228.916,
        "dilutedEPS": 0.63,
        "ebit": 177.51,
        "grossIncome": 226.507,
        "interestIncomeExpense": 24.183,
        "minorityInterest": -1.372,
        "netIncome": 142.571,
        "netIncomeAfterTaxes": 145.452,
        "nonRecurringItems": 0,
        "otherOperatingExpensesTotal": 1.329,
        "period": "2016-02-29",
        "pretaxIncome": 201.693,
        "provisionforIncomeTaxes": 56.241,
        "revenue": 1993.664,
        "sgaExpense": 47.668,
        "totalOperatingExpense": 48.997
      },
      {
        "costOfGoodsSold": 2436.769,
        "dilutedAverageSharesOutstanding": 231.343,
        "dilutedEPS": 1.21,
        "ebit": 463.446,
        "grossIncome": 508.798,
        "interestExpense": 65.446,
        "interestIncomeExpense": -30.941,
        "minorityInterest": -11.059,
        "netIncome": 278.573,
        "netIncomeAfterTaxes": 292.662,
        "otherOperatingExpensesTotal": -20.537,
        "period": "2015-11-30",
        "pretaxIncome": 432.505,
        "provisionforIncomeTaxes": 139.843,
        "revenue": 2945.567,
        "sgaExpense": 65.889,
        "totalOperatingExpense": 45.352
      },
      {
        "costOfGoodsSold": 2142.989,
        "dilutedAverageSharesOutstanding": 230.548,
        "dilutedEPS": 0.96,
        "ebit": 297.576,
        "grossIncome": 348.709,
        "interestExpense": 2.812,
        "interestIncomeExpense": 23.082,
        "minorityInterest": -1.725,
        "netIncome": 220.908,
        "netIncomeAfterTaxes": 225.037,
        "otherOperatingExpensesTotal": -5.361,
        "period": "2015-08-31",
        "pretaxIncome": 320.658,
        "provisionforIncomeTaxes": 95.621,
        "revenue": 2491.698,
        "sgaExpense": 56.494,
        "totalOperatingExpense": 51.133
      }
    ],
    "symbol": "LEN"
  }
}