{
  "symbol": "NWS",
  "statement": "ic",
  "frequency": "annual",
  "timestamp": "2025-09-19T14:04:35.591872",
  "data": {
    "financials": [
      {
        "costOfGoodsSold": 3703,
        "depreciationAmortization": 459,
        "dilutedAverageSharesOutstanding": 569.9,
        "dilutedEPS": 2.07,
        "ebit": 959,
        "grossIncome": 4749,
        "interestIncomeExpense": 96,
        "minorityInterest": -168,
        "netIncome": 1180,
        "netIncomeAfterTaxes": 648,
        "nonRecurringItems": -132,
        "otherOperatingExpensesTotal": -3,
        "period": "2025-06-30",
        "pretaxIncome": 923,
        "provisionforIncomeTaxes": 275,
        "revenue": 8452,
        "sgaExpense": 3334,
        "totalOperatingExpense": 3790,
        "year": 2025
      },
      {
        "costOfGoodsSold": 3783,
        "depreciationAmortization": 440,
        "dilutedAverageSharesOutstanding": 573.5,
        "dilutedEPS": 0.4691,
        "ebit": 755,
        "grossIncome": 4469,
        "interestIncomeExpense": -37,
        "minorityInterest": -110,
        "netIncome": 266,
        "netIncomeAfterTaxes": 379,
        "nonRecurringItems": -133,
        "otherOperatingExpensesTotal": 46,
        "period": "2024-06-30",
        "pretaxIncome": 585,
        "provisionforIncomeTaxes": 206,
        "revenue": 8252,
        "sgaExpense": 3228,
        "totalOperatingExpense": 3714,
        "year": 2024
      },
      {
        "costOfGoodsSold": 5076,
        "depreciationAmortization": 714,
        "dilutedAverageSharesOutstanding": 579,
        "dilutedEPS": 0.26,
        "ebit": 710,
        "grossIncome": 4803,
        "interestIncomeExpense": -230,
        "minorityInterest": -38,
        "netIncome": 149,
        "netIncomeAfterTaxes": 187,
        "nonRecurringItems": -150,
        "otherOperatingExpensesTotal": -4,
        "period": "2023-06-30",
        "pretaxIncome": 330,
        "provisionforIncomeTaxes": 143,
        "revenue": 9879,
        "sgaExpense": 3383,
        "totalOperatingExpense": 4093,
        "year": 2023
      },
      {
        "costOfGoodsSold": 5076,
        "depreciationAmortization": 688,
        "dilutedAverageSharesOutstanding": 593,
        "dilutedEPS": 1.05,
        "ebit": 956,
        "grossIncome": 5309,
        "interestExpense": 3,
        "interestIncomeExpense": -133,
        "minorityInterest": -137,
        "netIncome": 623,
        "netIncomeAfterTaxes": 760,
        "nonRecurringItems": -11,
        "otherOperatingExpensesTotal": 25,
        "period": "2022-06-30",
        "pretaxIncome": 812,
        "provisionforIncomeTaxes": 52,
        "revenue": 10385,
        "sgaExpense": 3640,
        "totalOperatingExpense": 4353,
        "year": 2022
      },
      {
        "costOfGoodsSold": 4779,
        "depreciationAmortization": 680,
        "dilutedAverageSharesOutstanding": 593,
        "dilutedEPS": 0.56,
        "ebit": 621,
        "grossIncome": 4579,
        "interestExpense": 4,
        "interestIncomeExpense": -21,
        "minorityInterest": -59,
        "netIncome": 330,
        "netIncomeAfterTaxes": 389,
        "nonRecurringItems": -150,
        "otherOperatingExpensesTotal": -28,
        "period": "2021-06-30",
        "pretaxIncome": 450,
        "provisionforIncomeTaxes": 61,
        "revenue": 9358,
        "sgaExpense": 3306,
        "totalOperatingExpense": 3958,
        "year": 2021
      },
      {
        "costOfGoodsSold": 4936,
        "depreciationAmortization": 644,
        "dilutedAverageSharesOutstanding": 588,
        "dilutedEPS": -2.16,
        "ebit": 376,
        "grossIncome": 4072,
        "interestExpense": 1,
        "interestIncomeExpense": -90,
        "minorityInterest": 276,
        "netIncome": -1269,
        "netIncomeAfterTaxes": -1545,
        "nonRecurringItems": -1810,
        "otherOperatingExpensesTotal": -7,
        "period": "2020-06-30",
        "pretaxIncome": -1524,
        "provisionforIncomeTaxes": 21,
        "revenue": 9008,
        "sgaExpense": 3059,
        "totalOperatingExpense": 3696,
        "year": 2020
      },
      {
        "costOfGoodsSold": 5622,
        "depreciationAmortization": 659,
        "dilutedAverageSharesOutstanding": 588,
        "dilutedEPS": 0.26,
        "ebit": 601,
        "grossIncome": 4452,
        "interestIncomeExpense": -59,
        "minorityInterest": -73,
        "netIncome": 155,
        "netIncomeAfterTaxes": 228,
        "nonRecurringItems": -188,
        "otherOperatingExpensesTotal": -16,
        "period": "2019-06-30",
        "pretaxIncome": 354,
        "provisionforIncomeTaxes": 126,
        "revenue": 10074,
        "sgaExpense": 3208,
        "totalOperatingExpense": 3851,
        "year": 2019
      },
      {
        "costOfGoodsSold": 4903,
        "depreciationAmortization": 472,
        "dilutedAverageSharesOutstanding": 583,
        "dilutedEPS": -2.6,
        "ebit": 613,
        "grossIncome": 4121,
        "interestIncomeExpense": -981,
        "minorityInterest": -70,
        "netIncome": -1516,
        "netIncomeAfterTaxes": -1271,
        "nonRecurringItems": -384,
        "otherOperatingExpensesTotal": -13,
        "period": "2018-06-30",
        "pretaxIncome": -1089,
        "provisionforIncomeTaxes": 182,
        "revenue": 9024,
        "sgaExpense": 3049,
        "totalOperatingExpense": 3508,
        "totalOtherIncomeExpenseNet": -337,
        "year": 2018
      },
      {
        "costOfGoodsSold": 4529,
        "depreciationAmortization": 449,
        "dilutedAverageSharesOutstanding": 581,
        "dilutedEPS": -1.27,
        "ebit": 442,
        "grossIncome": 3610,
        "interestIncomeExpense": -242,
        "minorityInterest": -95,
        "netIncome": -740,
        "netIncomeAfterTaxes": -643,
        "nonRecurringItems": -815,
        "otherOperatingExpensesTotal": -6,
        "period": "2017-06-30",
        "pretaxIncome": -615,
        "provisionforIncomeTaxes": 28,
        "revenue": 8139,
        "sgaExpense": 2725,
        "totalOperatingExpense": 3168,
        "totalOtherIncomeExpenseNet": 0,
        "year": 2017
      },
      {
        "costOfGoodsSold": 4728,
        "depreciationAmortization": 505,
        "dilutedAverageSharesOutstanding": 583,
        "dilutedEPS": 0.3,
        "ebit": 347,
        "grossIncome": 3564,
        "interestIncomeExpense": 73,
        "minorityInterest": -71,
        "netIncome": 177,
        "netIncomeAfterTaxes": 235,
        "nonRecurringItems": -268,
        "otherOperatingExpensesTotal": -10,
        "period": "2016-06-30",
        "pretaxIncome": 181,
        "provisionforIncomeTaxes": -54,
        "revenue": 8292,
        "sgaExpense": 2722,
        "totalOperatingExpense": 3217,
        "totalOtherIncomeExpenseNet": 29,
        "year": 2016
      }
    ],
    "symbol": "NWSA"
  }
}