{
  "symbol": "AXP",
  "statement": "ic",
  "frequency": "quarterly",
  "timestamp": "2025-09-19T13:55:49.171738",
  "data": {
    "financials": [
      {
        "costOfGoodsSold": 7293,
        "dilutedAverageSharesOutstanding": 699,
        "dilutedEPS": 4.08,
        "ebit": 3546,
        "grossIncome": 11937,
        "interestIncomeExpense": 4,
        "netIncome": 2852,
        "netIncomeAfterTaxes": 2885,
        "nonRecurringItems": 0,
        "otherOperatingExpensesTotal": 3373,
        "period": "2025-06-30",
        "pretaxIncome": 3550,
        "provisionforIncomeTaxes": 665,
        "revenue": 19230,
        "sgaExpense": 5018,
        "totalOperatingExpense": 8391
      },
      {
        "costOfGoodsSold": 7043,
        "dilutedAverageSharesOutstanding": 702,
        "dilutedEPS": 3.64,
        "ebit": 3315,
        "grossIncome": 11261,
        "interestIncomeExpense": 15,
        "netIncome": 2552,
        "netIncomeAfterTaxes": 2584,
        "otherOperatingExpensesTotal": 3094,
        "period": "2025-03-31",
        "pretaxIncome": 3330,
        "provisionforIncomeTaxes": 746,
        "revenue": 18304,
        "sgaExpense": 4852,
        "totalOperatingExpense": 7946
      },
      {
        "costOfGoodsSold": 7105,
        "dilutedAverageSharesOutstanding": 704,
        "dilutedEPS": 3.04,
        "ebit": 2844,
        "grossIncome": 11471,
        "interestIncomeExpense": 35,
        "netIncome": 2139,
        "netIncomeAfterTaxes": 2170,
        "nonRecurringItems": -123,
        "otherOperatingExpensesTotal": 3531,
        "period": "2024-12-31",
        "pretaxIncome": 2756,
        "provisionforIncomeTaxes": 586,
        "revenue": 18576,
        "sgaExpense": 5096,
        "totalOperatingExpense": 8627
      },
      {
        "costOfGoodsSold": 7490,
        "dilutedAverageSharesOutstanding": 709,
        "dilutedEPS": 3.49,
        "ebit": 3180,
        "grossIncome": 11289,
        "interestIncomeExpense": 24,
        "netIncome": 2474,
        "netIncomeAfterTaxes": 2507,
        "nonRecurringItems": 0,
        "otherOperatingExpensesTotal": 3286,
        "period": "2024-09-30",
        "pretaxIncome": 3204,
        "provisionforIncomeTaxes": 697,
        "revenue": 18779,
        "sgaExpense": 4823,
        "totalOperatingExpense": 8109
      },
      {
        "costOfGoodsSold": 7445,
        "dilutedAverageSharesOutstanding": 717,
        "dilutedEPS": 4.15,
        "ebit": 3232,
        "grossIncome": 10952,
        "interestIncomeExpense": 27,
        "netIncome": 2977,
        "netIncomeAfterTaxes": 3015,
        "nonRecurringItems": 531,
        "otherOperatingExpensesTotal": 3048,
        "period": "2024-06-30",
        "pretaxIncome": 3790,
        "provisionforIncomeTaxes": 775,
        "revenue": 18397,
        "sgaExpense": 4672,
        "totalOperatingExpense": 7720
      },
      {
        "costOfGoodsSold": 6951,
        "dilutedAverageSharesOutstanding": 722,
        "dilutedEPS": 3.33,
        "ebit": 3129,
        "grossIncome": 10856,
        "interestIncomeExpense": 16,
        "netIncome": 2405,
        "netIncomeAfterTaxes": 2437,
        "otherOperatingExpensesTotal": 3041,
        "period": "2024-03-31",
        "pretaxIncome": 3145,
        "provisionforIncomeTaxes": 708,
        "revenue": 17807,
        "sgaExpense": 4686,
        "totalOperatingExpense": 7727
      },
      {
        "costOfGoodsSold": 6862,
        "dilutedAverageSharesOutstanding": 727,
        "dilutedEPS": 2.62,
        "ebit": 2672,
        "grossIncome": 10885,
        "interestIncomeExpense": 19,
        "netIncome": 1904,
        "netIncomeAfterTaxes": 1933,
        "nonRecurringItems": -179,
        "otherOperatingExpensesTotal": 3624,
        "period": "2023-12-31",
        "pretaxIncome": 2512,
        "provisionforIncomeTaxes": 579,
        "revenue": 17747,
        "sgaExpense": 4589,
        "totalOperatingExpense": 8213
      },
      {
        "costOfGoodsSold": 6565,
        "dilutedAverageSharesOutstanding": 733,
        "dilutedEPS": 3.3,
        "ebit": 3113,
        "grossIncome": 10614,
        "interestIncomeExpense": -13,
        "netIncome": 2418,
        "netIncomeAfterTaxes": 2451,
        "otherOperatingExpensesTotal": 3037,
        "period": "2023-09-30",
        "pretaxIncome": 3100,
        "provisionforIncomeTaxes": 649,
        "revenue": 17179,
        "sgaExpense": 4464,
        "totalOperatingExpense": 7501
      },
      {
        "costOfGoodsSold": 6575,
        "dilutedAverageSharesOutstanding": 741,
        "dilutedEPS": 2.89,
        "ebit": 2720,
        "grossIncome": 10149,
        "interestIncomeExpense": 14,
        "netIncome": 2142,
        "netIncomeAfterTaxes": 2174,
        "otherOperatingExpensesTotal": 3002,
        "period": "2023-06-30",
        "pretaxIncome": 2734,
        "provisionforIncomeTaxes": 560,
        "revenue": 16724,
        "sgaExpense": 4427,
        "totalOperatingExpense": 7429
      },
      {
        "costOfGoodsSold": 6182,
        "dilutedAverageSharesOutstanding": 744,
        "dilutedEPS": 2.4,
        "ebit": 2257,
        "grossIncome": 9532,
        "interestIncomeExpense": -90,
        "netIncome": 1788,
        "netIncomeAfterTaxes": 1816,
        "otherOperatingExpensesTotal": 2820,
        "period": "2023-03-31",
        "pretaxIncome": 2167,
        "provisionforIncomeTaxes": 351,
        "revenue": 15714,
        "sgaExpense": 4455,
        "totalOperatingExpense": 7275
      },
      {
        "costOfGoodsSold": 5817,
        "dilutedAverageSharesOutstanding": 749,
        "dilutedEPS": 2.06,
        "ebit": 2087,
        "grossIncome": 9566,
        "interestIncomeExpense": -216,
        "netIncome": 1546,
        "netIncomeAfterTaxes": 1572,
        "otherOperatingExpensesTotal": 2838,
        "period": "2022-12-31",
        "pretaxIncome": 1871,
        "provisionforIncomeTaxes": 299,
        "revenue": 15383,
        "sgaExpense": 4641,
        "totalOperatingExpense": 7479
      },
      {
        "costOfGoodsSold": 5141,
        "dilutedAverageSharesOutstanding": 749,
        "dilutedEPS": 2.47,
        "ebit": 2529,
        "grossIncome": 9211,
        "interestIncomeExpense": -70,
        "netIncome": 1851,
        "netIncomeAfterTaxes": 1879,
        "otherOperatingExpensesTotal": 2325,
        "period": "2022-09-30",
        "pretaxIncome": 2459,
        "provisionforIncomeTaxes": 580,
        "revenue": 14352,
        "sgaExpense": 4357,
        "totalOperatingExpense": 6682
      },
      {
        "costOfGoodsSold": 4708,
        "dilutedAverageSharesOutstanding": 753,
        "dilutedEPS": 2.57,
        "ebit": 2554,
        "grossIncome": 9126,
        "interestIncomeExpense": -11,
        "netIncome": 1934,
        "netIncomeAfterTaxes": 1964,
        "otherOperatingExpensesTotal": 2130,
        "period": "2022-06-30",
        "pretaxIncome": 2543,
        "provisionforIncomeTaxes": 579,
        "revenue": 13834,
        "sgaExpense": 4442,
        "totalOperatingExpense": 6572
      },
      {
        "costOfGoodsSold": 4058,
        "dilutedAverageSharesOutstanding": 758,
        "dilutedEPS": 2.73,
        "ebit": 2735,
        "grossIncome": 7998,
        "interestIncomeExpense": -23,
        "netIncome": 2069,
        "netIncomeAfterTaxes": 2099,
        "otherOperatingExpensesTotal": 1313,
        "period": "2022-03-31",
        "pretaxIncome": 2712,
        "provisionforIncomeTaxes": 613,
        "revenue": 12056,
        "sgaExpense": 3950,
        "totalOperatingExpense": 5263
      },
      {
        "costOfGoodsSold": 3989,
        "dilutedAverageSharesOutstanding": 769,
        "dilutedEPS": 2.18,
        "ebit": 2309,
        "grossIncome": 8448,
        "interestIncomeExpense": -3,
        "netIncome": 1679,
        "netIncomeAfterTaxes": 1719,
        "otherOperatingExpensesTotal": 506,
        "period": "2021-12-31",
        "pretaxIncome": 2306,
        "provisionforIncomeTaxes": 587,
        "revenue": 12437,
        "sgaExpense": 5633,
        "totalOperatingExpense": 6139
      },
      {
        "costOfGoodsSold": 3906,
        "dilutedAverageSharesOutstanding": 787,
        "dilutedEPS": 2.27,
        "ebit": 2318,
        "grossIncome": 7329,
        "interestIncomeExpense": 132,
        "netIncome": 1783,
        "netIncomeAfterTaxes": 1826,
        "otherOperatingExpensesTotal": 56,
        "period": "2021-09-30",
        "pretaxIncome": 2450,
        "provisionforIncomeTaxes": 624,
        "revenue": 11235,
        "sgaExpense": 4955,
        "totalOperatingExpense": 5011
      },
      {
        "costOfGoodsSold": 3466,
        "dilutedAverageSharesOutstanding": 802,
        "dilutedEPS": 2.8,
        "ebit": 2701,
        "grossIncome": 7099,
        "interestIncomeExpense": 239,
        "netIncome": 2249,
        "netIncomeAfterTaxes": 2280,
        "otherOperatingExpensesTotal": -395,
        "period": "2021-06-30",
        "pretaxIncome": 2940,
        "provisionforIncomeTaxes": 660,
        "revenue": 10565,
        "sgaExpense": 4793,
        "totalOperatingExpense": 4398
      },
      {
        "costOfGoodsSold": 2922,
        "dilutedAverageSharesOutstanding": 805,
        "dilutedEPS": 2.74,
        "ebit": 2621,
        "grossIncome": 6504,
        "interestIncomeExpense": 372,
        "netIncome": 2206,
        "netIncomeAfterTaxes": 2235,
        "otherOperatingExpensesTotal": -418,
        "period": "2021-03-31",
        "pretaxIncome": 2993,
        "provisionforIncomeTaxes": 758,
        "revenue": 9426,
        "sgaExpense": 4301,
        "totalOperatingExpense": 3883
      },
      {
        "costOfGoodsSold": 2993,
        "dilutedAverageSharesOutstanding": 806,
        "dilutedEPS": 1.75,
        "ebit": 1870,
        "grossIncome": 6748,
        "interestIncomeExpense": -12,
        "netIncome": 1414,
        "netIncomeAfterTaxes": 1438,
        "otherOperatingExpensesTotal": 287,
        "period": "2020-12-31",
        "pretaxIncome": 1858,
        "provisionforIncomeTaxes": 420,
        "revenue": 9741,
        "sgaExpense": 4591,
        "totalOperatingExpense": 4878
      },
      {
        "costOfGoodsSold": 2713,
        "dilutedAverageSharesOutstanding": 805,
        "dilutedEPS": 1.3,
        "ebit": 1360,
        "grossIncome": 6488,
        "interestIncomeExpense": 4,
        "netIncome": 1050,
        "netIncomeAfterTaxes": 1073,
        "otherOperatingExpensesTotal": 900,
        "period": "2020-09-30",
        "pretaxIncome": 1364,
        "provisionforIncomeTaxes": 291,
        "revenue": 9201,
        "sgaExpense": 4228,
        "totalOperatingExpense": 5128
      },
      {
        "costOfGoodsSold": 2099,
        "dilutedAverageSharesOutstanding": 805,
        "dilutedEPS": 0.3,
        "ebit": 624,
        "grossIncome": 6118,
        "interestIncomeExpense": -2,
        "netIncome": 238,
        "netIncomeAfterTaxes": 257,
        "otherOperatingExpensesTotal": 1813,
        "period": "2020-06-30",
        "pretaxIncome": 622,
        "provisionforIncomeTaxes": 365,
        "revenue": 8217,
        "sgaExpense": 3681,
        "totalOperatingExpense": 5494
      },
      {
        "costOfGoodsSold": 3564,
        "dilutedAverageSharesOutstanding": 808,
        "dilutedEPS": 0.41,
        "ebit": 2132,
        "grossIncome": 7462,
        "interestIncomeExpense": 20,
        "netIncome": 333,
        "netIncomeAfterTaxes": 367,
        "nonRecurringItems": -1700,
        "otherOperatingExpensesTotal": 1242,
        "period": "2020-03-31",
        "pretaxIncome": 452,
        "provisionforIncomeTaxes": 85,
        "revenue": 11026,
        "sgaExpense": 4088,
        "totalOperatingExpense": 5330
      },
      {
        "costOfGoodsSold": 4074,
        "dilutedAverageSharesOutstanding": 815,
        "dilutedEPS": 2.04,
        "ebit": 1974,
        "grossIncome": 8092,
        "interestIncomeExpense": 12,
        "netIncome": 1661,
        "netIncomeAfterTaxes": 1693,
        "otherOperatingExpensesTotal": 1352,
        "period": "2019-12-31",
        "pretaxIncome": 1986,
        "provisionforIncomeTaxes": 293,
        "revenue": 12166,
        "sgaExpense": 4766,
        "totalOperatingExpense": 6118
      },
      {
        "costOfGoodsSold": 4049,
        "dilutedAverageSharesOutstanding": 827,
        "dilutedEPS": 2.08,
        "ebit": 2241,
        "grossIncome": 7817,
        "interestIncomeExpense": 25,
        "netIncome": 1723,
        "netIncomeAfterTaxes": 1755,
        "otherOperatingExpensesTotal": 1224,
        "period": "2019-09-30",
        "pretaxIncome": 2266,
        "provisionforIncomeTaxes": 511,
        "revenue": 11866,
        "sgaExpense": 4352,
        "totalOperatingExpense": 5576
      },
      {
        "costOfGoodsSold": 4106,
        "dilutedAverageSharesOutstanding": 836,
        "dilutedEPS": 2.07,
        "ebit": 2196,
        "grossIncome": 7623,
        "interestIncomeExpense": 23,
        "netIncome": 1729,
        "netIncomeAfterTaxes": 1761,
        "otherOperatingExpensesTotal": 1258,
        "period": "2019-06-30",
        "pretaxIncome": 2219,
        "provisionforIncomeTaxes": 458,
        "revenue": 11729,
        "sgaExpense": 4169,
        "totalOperatingExpense": 5427
      },
      {
        "costOfGoodsSold": 3896,
        "dilutedAverageSharesOutstanding": 843,
        "dilutedEPS": 1.8,
        "ebit": 1954,
        "grossIncome": 7363,
        "interestIncomeExpense": 4,
        "netIncome": 1518,
        "netIncomeAfterTaxes": 1550,
        "otherOperatingExpensesTotal": 1412,
        "period": "2019-03-31",
        "pretaxIncome": 1958,
        "provisionforIncomeTaxes": 408,
        "revenue": 11259,
        "sgaExpense": 3997,
        "totalOperatingExpense": 5409
      },
      {
        "costOfGoodsSold": 3845,
        "dilutedAverageSharesOutstanding": 853,
        "dilutedEPS": 2.31,
        "ebit": 1797,
        "grossIncome": 7463,
        "interestIncomeExpense": 34,
        "netIncome": 1975,
        "netIncomeAfterTaxes": 1514,
        "nonRecurringItems": 0,
        "otherOperatingExpensesTotal": 1341,
        "period": "2018-12-31",
        "pretaxIncome": 1831,
        "provisionforIncomeTaxes": 317,
        "revenue": 11308,
        "sgaExpense": 4325,
        "totalOperatingExpense": 5666
      },
      {
        "costOfGoodsSold": 3639,
        "dilutedAverageSharesOutstanding": 860,
        "dilutedEPS": 1.88,
        "ebit": 2121,
        "grossIncome": 7282,
        "interestIncomeExpense": -3,
        "netIncome": 1621,
        "netIncomeAfterTaxes": 1654,
        "otherOperatingExpensesTotal": 1191,
        "period": "2018-09-30",
        "pretaxIncome": 2118,
        "provisionforIncomeTaxes": 464,
        "revenue": 10921,
        "sgaExpense": 3970,
        "totalOperatingExpense": 5161
      },
      {
        "costOfGoodsSold": 3564,
        "dilutedAverageSharesOutstanding": 862,
        "dilutedEPS": 1.85,
        "ebit": 2032,
        "grossIncome": 7149,
        "interestIncomeExpense": 59,
        "netIncome": 1591,
        "netIncomeAfterTaxes": 1623,
        "otherOperatingExpensesTotal": 1182,
        "period": "2018-06-30",
        "pretaxIncome": 2091,
        "provisionforIncomeTaxes": 468,
        "revenue": 10713,
        "sgaExpense": 3935,
        "totalOperatingExpense": 5117
      },
      {
        "costOfGoodsSold": 3379,
        "dilutedAverageSharesOutstanding": 861,
        "dilutedEPS": 1.86,
        "ebit": 2101,
        "grossIncome": 6960,
        "interestIncomeExpense": -19,
        "netIncome": 1600,
        "netIncomeAfterTaxes": 1634,
        "otherOperatingExpensesTotal": 1211,
        "period": "2018-03-31",
        "pretaxIncome": 2082,
        "provisionforIncomeTaxes": 448,
        "revenue": 10339,
        "sgaExpense": 3648,
        "totalOperatingExpense": 4859
      },
      {
        "costOfGoodsSold": 3224,
        "dilutedAverageSharesOutstanding": 865,
        "dilutedEPS": -1.4,
        "ebit": 1792,
        "grossIncome": 7063,
        "interestIncomeExpense": 6,
        "netIncome": -1215,
        "netIncomeAfterTaxes": 1394,
        "nonRecurringItems": 0,
        "otherOperatingExpensesTotal": 1273,
        "period": "2017-12-31",
        "pretaxIncome": 1798,
        "provisionforIncomeTaxes": 404,
        "revenue": 10287,
        "sgaExpense": 3998,
        "totalOperatingExpense": 5271
      },
      {
        "costOfGoodsSold": 3086,
        "dilutedAverageSharesOutstanding": 881,
        "dilutedEPS": 1.51,
        "ebit": 1847,
        "grossIncome": 6772,
        "interestIncomeExpense": -16,
        "netIncome": 1327,
        "netIncomeAfterTaxes": 1359,
        "otherOperatingExpensesTotal": 1153,
        "period": "2017-09-30",
        "pretaxIncome": 1831,
        "provisionforIncomeTaxes": 472,
        "revenue": 9858,
        "sgaExpense": 3772,
        "totalOperatingExpense": 4925
      },
      {
        "costOfGoodsSold": 3061,
        "dilutedAverageSharesOutstanding": 879.742,
        "dilutedEPS": 1.51,
        "ebit": 1958,
        "grossIncome": 6632,
        "interestIncomeExpense": -1,
        "netIncome": 1314,
        "netIncomeAfterTaxes": 1344,
        "otherOperatingExpensesTotal": 824,
        "period": "2017-06-30",
        "pretaxIncome": 1957,
        "provisionforIncomeTaxes": 613,
        "revenue": 9693,
        "sgaExpense": 3850,
        "totalOperatingExpense": 4674
      },
      {
        "costOfGoodsSold": 2820,
        "dilutedAverageSharesOutstanding": 903,
        "dilutedEPS": 1.35,
        "ebit": 1857,
        "grossIncome": 6332,
        "interestIncomeExpense": -18,
        "netIncome": 1220,
        "netIncomeAfterTaxes": 1251,
        "otherOperatingExpensesTotal": 1057,
        "period": "2017-03-31",
        "pretaxIncome": 1839,
        "provisionforIncomeTaxes": 588,
        "revenue": 9152,
        "sgaExpense": 3418,
        "totalOperatingExpense": 4475
      },
      {
        "costOfGoodsSold": 3448,
        "dilutedAverageSharesOutstanding": 912,
        "dilutedEPS": 0.84,
        "ebit": 934,
        "grossIncome": 8307,
        "interestIncomeExpense": -9,
        "netIncome": 767,
        "netIncomeAfterTaxes": 792,
        "nonRecurringItems": 182,
        "otherOperatingExpensesTotal": 1442,
        "period": "2016-12-31",
        "pretaxIncome": 1107,
        "provisionforIncomeTaxes": 315,
        "revenue": 11755,
        "sgaExpense": 5931,
        "totalOperatingExpense": 7373
      },
      {
        "costOfGoodsSold": 2274,
        "dilutedAverageSharesOutstanding": 923,
        "dilutedEPS": 1.2,
        "ebit": 1802,
        "grossIncome": 5930,
        "netIncome": 1112,
        "netIncomeAfterTaxes": 1142,
        "nonRecurringItems": -67,
        "otherOperatingExpensesTotal": 808,
        "period": "2016-09-30",
        "pretaxIncome": 1735,
        "provisionforIncomeTaxes": 593,
        "revenue": 8204,
        "sgaExpense": 3320,
        "totalOperatingExpense": 4128
      },
      {
        "costOfGoodsSold": 2483,
        "dilutedAverageSharesOutstanding": 941,
        "dilutedEPS": 2.1,
        "ebit": 1982,
        "grossIncome": 6188,
        "netIncome": 1979,
        "netIncomeAfterTaxes": 2015,
        "nonRecurringItems": 1034,
        "otherOperatingExpensesTotal": 821,
        "period": "2016-06-30",
        "pretaxIncome": 3016,
        "provisionforIncomeTaxes": 1001,
        "revenue": 8671,
        "sgaExpense": 3385,
        "totalOperatingExpense": 4206
      },
      {
        "costOfGoodsSold": 2410,
        "dilutedAverageSharesOutstanding": 963,
        "dilutedEPS": 1.45,
        "ebit": 2115,
        "grossIncome": 6103,
        "netIncome": 1394,
        "netIncomeAfterTaxes": 1426,
        "nonRecurringItems": 69,
        "otherOperatingExpensesTotal": 771,
        "period": "2016-03-31",
        "pretaxIncome": 2184,
        "provisionforIncomeTaxes": 758,
        "revenue": 8513,
        "sgaExpense": 3217,
        "totalOperatingExpense": 3988
      },
      {
        "costOfGoodsSold": 2433,
        "dilutedAverageSharesOutstanding": 979,
        "dilutedEPS": 0.89,
        "ebit": 1906,
        "grossIncome": 6358,
        "interestIncomeExpense": -7,
        "netIncome": 873,
        "netIncomeAfterTaxes": 899,
        "nonRecurringItems": -445,
        "otherOperatingExpensesTotal": 997,
        "period": "2015-12-31",
        "pretaxIncome": 1454,
        "provisionforIncomeTaxes": 555,
        "revenue": 8791,
        "sgaExpense": 3455,
        "totalOperatingExpense": 4452
      },
      {
        "costOfGoodsSold": 2427,
        "dilutedAverageSharesOutstanding": 997,
        "dilutedEPS": 1.24,
        "ebit": 2006,
        "grossIncome": 6165,
        "interestIncomeExpense": -4,
        "netIncome": 1234,
        "netIncomeAfterTaxes": 1266,
        "nonRecurringItems": -64,
        "otherOperatingExpensesTotal": 806,
        "period": "2015-09-30",
        "pretaxIncome": 1938,
        "provisionforIncomeTaxes": 672,
        "revenue": 8592,
        "sgaExpense": 3353,
        "totalOperatingExpense": 4159
      }
    ],
    "symbol": "AXP"
  }
}