{
  "symbol": "TKO",
  "statement": "ic",
  "frequency": "quarterly",
  "timestamp": "2025-09-19T14:07:34.992252",
  "data": {
    "financials": [
      {
        "costOfGoodsSold": 476.383,
        "depreciationAmortization": 99.397,
        "dilutedAverageSharesOutstanding": 199.279,
        "dilutedEPS": 0.49,
        "ebit": 386.571,
        "grossIncome": 832.059,
        "interestExpense": 48.207,
        "interestIncomeExpense": -40.897,
        "minorityInterest": -174.732,
        "netIncome": 98.365,
        "netIncomeAfterTaxes": 273.097,
        "nonRecurringItems": -18.266,
        "period": "2025-06-30",
        "pretaxIncome": 319.569,
        "provisionforIncomeTaxes": 46.472,
        "revenue": 1308.442,
        "sgaExpense": 346.091,
        "totalOperatingExpense": 445.488,
        "totalOtherIncomeExpenseNet": -7.839
      },
      {
        "costOfGoodsSold": 567.617,
        "depreciationAmortization": 100.535,
        "dilutedAverageSharesOutstanding": 181.521,
        "dilutedEPS": 0.32,
        "ebit": 285.113,
        "grossIncome": 701.183,
        "interestExpense": 44.765,
        "interestIncomeExpense": -42.241,
        "minorityInterest": -107.148,
        "netIncome": 58.408,
        "netIncomeAfterTaxes": 165.556,
        "nonRecurringItems": -47.749,
        "otherOperatingExpensesTotal": -0.001,
        "period": "2025-03-31",
        "pretaxIncome": 186.738,
        "provisionforIncomeTaxes": 21.182,
        "revenue": 1268.8,
        "sgaExpense": 315.536,
        "totalOperatingExpense": 416.07,
        "totalOtherIncomeExpenseNet": -8.385
      },
      {
        "costOfGoodsSold": 231.976,
        "depreciationAmortization": 83.714,
        "dilutedAverageSharesOutstanding": 443.301,
        "dilutedEPS": 0.07,
        "ebit": 146.637,
        "grossIncome": 410.22,
        "interestExpense": 56.247,
        "interestIncomeExpense": -59.226,
        "minorityInterest": -16.496,
        "netIncome": 31.005,
        "netIncomeAfterTaxes": 47.501,
        "nonRecurringItems": -44.711,
        "period": "2024-12-31",
        "pretaxIncome": 41.378,
        "provisionforIncomeTaxes": -6.123,
        "revenue": 642.196,
        "sgaExpense": 179.869,
        "totalOperatingExpense": 263.583,
        "totalOtherIncomeExpenseNet": -1.322
      },
      {
        "costOfGoodsSold": 207.092,
        "depreciationAmortization": 98.148,
        "dilutedAverageSharesOutstanding": 171.601,
        "dilutedEPS": 0.13,
        "ebit": 191.487,
        "grossIncome": 474.181,
        "interestExpense": 62.644,
        "interestIncomeExpense": -62.255,
        "minorityInterest": -34.586,
        "netIncome": 23.136,
        "netIncomeAfterTaxes": 57.722,
        "nonRecurringItems": -55.114,
        "period": "2024-09-30",
        "pretaxIncome": 75.499,
        "provisionforIncomeTaxes": 17.777,
        "revenue": 681.273,
        "sgaExpense": 184.546,
        "totalOperatingExpense": 282.694,
        "totalOtherIncomeExpenseNet": 1.381
      },
      {
        "costOfGoodsSold": 591.238,
        "depreciationAmortization": 118.912,
        "dilutedAverageSharesOutstanding": 81.851,
        "dilutedEPS": 0.72,
        "ebit": 153.675,
        "grossIncome": 601.953,
        "interestExpense": 62.979,
        "interestIncomeExpense": -61.861,
        "minorityInterest": 12.924,
        "netIncome": 59.107,
        "netIncomeAfterTaxes": 46.183,
        "nonRecurringItems": -38.819,
        "period": "2024-06-30",
        "pretaxIncome": 52.792,
        "provisionforIncomeTaxes": 6.609,
        "revenue": 1193.191,
        "sgaExpense": 329.366,
        "totalOperatingExpense": 448.278,
        "totalOtherIncomeExpenseNet": -0.203
      },
      {
        "costOfGoodsSold": 605.646,
        "depreciationAmortization": 122.069,
        "dilutedAverageSharesOutstanding": 82.352,
        "dilutedEPS": -1.26,
        "ebit": 181.688,
        "grossIncome": 616.802,
        "interestExpense": 61.177,
        "interestIncomeExpense": -58.37,
        "minorityInterest": 130.613,
        "netIncome": -103.84,
        "netIncomeAfterTaxes": -234.453,
        "nonRecurringItems": -355.268,
        "period": "2024-03-31",
        "pretaxIncome": -240.184,
        "provisionforIncomeTaxes": -5.731,
        "revenue": 1222.448,
        "sgaExpense": 313.045,
        "totalOperatingExpense": 435.114,
        "totalOtherIncomeExpenseNet": -8.234
      },
      {
        "costOfGoodsSold": 212.345,
        "depreciationAmortization": 102.716,
        "dilutedAverageSharesOutstanding": 81.748,
        "dilutedEPS": -0.16,
        "ebit": 85.635,
        "grossIncome": 401.65,
        "interestExpense": 66.603,
        "interestIncomeExpense": -66.56,
        "minorityInterest": 10.77,
        "netIncome": -13.341,
        "netIncomeAfterTaxes": -16.101,
        "nonRecurringItems": -22.759,
        "period": "2023-12-31",
        "pretaxIncome": -2.31,
        "provisionforIncomeTaxes": 13.791,
        "revenue": 613.995,
        "sgaExpense": 213.299,
        "totalOperatingExpense": 316.015,
        "totalOtherIncomeExpenseNet": 1.374
      },
      {
        "costOfGoodsSold": 130.312,
        "depreciationAmortization": 31.698,
        "dilutedAverageSharesOutstanding": 83.161,
        "dilutedEPS": -0.26,
        "ebit": 161.337,
        "grossIncome": 318.746,
        "interestExpense": 60.636,
        "interestIncomeExpense": -59.965,
        "minorityInterest": 22.471,
        "netIncome": -21.886,
        "netIncomeAfterTaxes": 22.02,
        "nonRecurringItems": -67.5,
        "period": "2023-09-30",
        "pretaxIncome": 33.176,
        "provisionforIncomeTaxes": 11.156,
        "revenue": 449.058,
        "sgaExpense": 125.711,
        "totalOperatingExpense": 157.409,
        "totalOtherIncomeExpenseNet": -0.696
      },
      {
        "depreciationAmortization": 14.36,
        "dilutedAverageSharesOutstanding": 77.979,
        "dilutedEPS": -0.47,
        "ebit": 251.838,
        "interestExpense": 107.55,
        "interestIncomeExpense": -111.731,
        "netIncome": -36.678,
        "netIncomeAfterTaxes": 133.126,
        "nonRecurringItems": -15,
        "otherOperatingExpensesTotal": 3.216,
        "period": "2023-06-30",
        "pretaxIncome": 124.991,
        "provisionforIncomeTaxes": -8.135,
        "revenue": 314.364,
        "sgaExpense": 44.95,
        "totalOperatingExpense": 62.526,
        "totalOtherIncomeExpenseNet": -0.116
      },
      {
        "depreciationAmortization": 15.842,
        "dilutedAverageSharesOutstanding": 89.258,
        "dilutedEPS": 0.43,
        "ebit": 53.112,
        "interestExpense": 4.253,
        "interestIncomeExpense": -1.052,
        "netIncome": 36.678,
        "netIncomeAfterTaxes": 36.678,
        "nonRecurringItems": 0,
        "otherOperatingExpensesTotal": 168.725,
        "period": "2023-03-31",
        "pretaxIncome": 51.312,
        "provisionforIncomeTaxes": 14.634,
        "revenue": 297.551,
        "sgaExpense": 59.872,
        "totalOperatingExpense": 244.439,
        "totalOtherIncomeExpenseNet": -0.748
      },
      {
        "depreciationAmortization": 19.926,
        "dilutedAverageSharesOutstanding": 88.733,
        "dilutedEPS": 0.44,
        "ebit": 62.656,
        "interestExpense": 4.779,
        "interestIncomeExpense": -2.736,
        "netIncome": 38.828,
        "netIncomeAfterTaxes": 38.828,
        "nonRecurringItems": -0.029,
        "otherOperatingExpensesTotal": 175.37,
        "period": "2022-12-31",
        "pretaxIncome": 60.204,
        "provisionforIncomeTaxes": 21.376,
        "revenue": 325.3,
        "sgaExpense": 67.348,
        "totalOperatingExpense": 262.644,
        "totalOtherIncomeExpenseNet": 0.313
      },
      {
        "depreciationAmortization": 23.394,
        "dilutedAverageSharesOutstanding": 88.212,
        "dilutedEPS": 0.47,
        "ebit": 58.895,
        "interestExpense": 5.397,
        "interestIncomeExpense": -4.159,
        "netIncome": 41.62,
        "netIncomeAfterTaxes": 41.62,
        "nonRecurringItems": -0.034,
        "otherOperatingExpensesTotal": 152.429,
        "period": "2022-09-30",
        "pretaxIncome": 53.365,
        "provisionforIncomeTaxes": 11.745,
        "revenue": 304.64,
        "sgaExpense": 69.922,
        "totalOperatingExpense": 245.745,
        "totalOtherIncomeExpenseNet": -1.337
      },
      {
        "depreciationAmortization": 21.222,
        "dilutedAverageSharesOutstanding": 87.857,
        "dilutedEPS": 0.56,
        "ebit": 69.332,
        "interestExpense": 4.635,
        "interestIncomeExpense": -4.021,
        "netIncome": 49.099,
        "netIncomeAfterTaxes": 49.099,
        "nonRecurringItems": -0.004,
        "otherOperatingExpensesTotal": 185.111,
        "period": "2022-06-30",
        "pretaxIncome": 64.427,
        "provisionforIncomeTaxes": 15.328,
        "revenue": 328.135,
        "sgaExpense": 52.47,
        "totalOperatingExpense": 258.803,
        "totalOtherIncomeExpenseNet": -0.88
      },
      {
        "depreciationAmortization": 23.998,
        "dilutedAverageSharesOutstanding": 87.575,
        "dilutedEPS": 0.75,
        "ebit": 92.502,
        "interestExpense": 6.345,
        "interestIncomeExpense": -6.082,
        "netIncome": 66.041,
        "netIncomeAfterTaxes": 66.041,
        "nonRecurringItems": -0.093,
        "otherOperatingExpensesTotal": 166.301,
        "period": "2022-03-31",
        "pretaxIncome": 86.385,
        "provisionforIncomeTaxes": 20.344,
        "revenue": 333.448,
        "sgaExpense": 50.647,
        "totalOperatingExpense": 240.946,
        "totalOtherIncomeExpenseNet": 0.058
      },
      {
        "depreciationAmortization": 14.849,
        "dilutedAverageSharesOutstanding": 84.304,
        "dilutedEPS": 0.72,
        "ebit": 80.869,
        "interestExpense": 8.102,
        "interestIncomeExpense": -7.985,
        "netIncome": 60.889,
        "netIncomeAfterTaxes": 60.889,
        "nonRecurringItems": -0.195,
        "otherOperatingExpensesTotal": 164.994,
        "period": "2021-12-31",
        "pretaxIncome": 79.257,
        "provisionforIncomeTaxes": 18.368,
        "revenue": 310.257,
        "sgaExpense": 49.545,
        "totalOperatingExpense": 229.388,
        "totalOtherIncomeExpenseNet": 6.568
      },
      {
        "depreciationAmortization": 16.225,
        "dilutedAverageSharesOutstanding": 84.264,
        "dilutedEPS": 0.52,
        "ebit": 64.357,
        "interestExpense": 8.508,
        "interestIncomeExpense": -8.415,
        "netIncome": 43.486,
        "netIncomeAfterTaxes": 43.486,
        "nonRecurringItems": -0.421,
        "otherOperatingExpensesTotal": 132.554,
        "period": "2021-09-30",
        "pretaxIncome": 55.768,
        "provisionforIncomeTaxes": 12.282,
        "revenue": 255.853,
        "sgaExpense": 42.717,
        "totalOperatingExpense": 191.496,
        "totalOtherIncomeExpenseNet": 0.247
      },
      {
        "depreciationAmortization": 25.28,
        "dilutedAverageSharesOutstanding": 85.452,
        "dilutedEPS": 0.34,
        "ebit": 46.384,
        "interestExpense": 8.492,
        "interestIncomeExpense": -8.394,
        "netIncome": 29.201,
        "netIncomeAfterTaxes": 29.201,
        "nonRecurringItems": -0.033,
        "otherOperatingExpensesTotal": 141.528,
        "period": "2021-06-30",
        "pretaxIncome": 37.733,
        "provisionforIncomeTaxes": 8.532,
        "revenue": 265.54,
        "sgaExpense": 52.348,
        "totalOperatingExpense": 219.156,
        "totalOtherIncomeExpenseNet": -0.224
      },
      {
        "depreciationAmortization": 20.892,
        "dilutedAverageSharesOutstanding": 85.686,
        "dilutedEPS": 0.51,
        "ebit": 65.085,
        "interestExpense": 8.508,
        "interestIncomeExpense": -8.421,
        "netIncome": 43.832,
        "netIncomeAfterTaxes": 43.832,
        "nonRecurringItems": -0.029,
        "otherOperatingExpensesTotal": 132.075,
        "period": "2021-03-31",
        "pretaxIncome": 57.104,
        "provisionforIncomeTaxes": 13.272,
        "revenue": 263.524,
        "sgaExpense": 45.472,
        "totalOperatingExpense": 198.439,
        "totalOtherIncomeExpenseNet": 0.469
      },
      {
        "depreciationAmortization": 23.733,
        "dilutedAverageSharesOutstanding": 83.685,
        "dilutedEPS": 0.16,
        "ebit": 38.828,
        "interestExpense": 9.124,
        "interestIncomeExpense": -8.988,
        "netIncome": 13.531,
        "netIncomeAfterTaxes": 13.531,
        "nonRecurringItems": -2.707,
        "otherOperatingExpensesTotal": 132.848,
        "period": "2020-12-31",
        "pretaxIncome": 20.097,
        "provisionforIncomeTaxes": 6.566,
        "revenue": 238.198,
        "sgaExpense": 42.789,
        "totalOperatingExpense": 199.37,
        "totalOtherIncomeExpenseNet": -7.036
      },
      {
        "depreciationAmortization": 17.765,
        "dilutedAverageSharesOutstanding": 84.125,
        "dilutedEPS": 0.57,
        "ebit": 65.154,
        "interestExpense": 9.147,
        "interestIncomeExpense": -8.877,
        "netIncome": 48.278,
        "netIncomeAfterTaxes": 48.278,
        "nonRecurringItems": -1.772,
        "otherOperatingExpensesTotal": 100.419,
        "period": "2020-09-30",
        "pretaxIncome": 61.238,
        "provisionforIncomeTaxes": 12.96,
        "revenue": 221.595,
        "sgaExpense": 38.257,
        "totalOperatingExpense": 156.441,
        "totalOtherIncomeExpenseNet": 6.733
      },
      {
        "depreciationAmortization": 17.919,
        "dilutedAverageSharesOutstanding": 83.859,
        "dilutedEPS": 0.52,
        "ebit": 56.009,
        "interestExpense": 9.179,
        "interestIncomeExpense": -8.686,
        "netIncome": 43.789,
        "netIncomeAfterTaxes": 43.789,
        "nonRecurringItems": -0.261,
        "otherOperatingExpensesTotal": 109.983,
        "period": "2020-06-30",
        "pretaxIncome": 55.052,
        "provisionforIncomeTaxes": 11.263,
        "revenue": 223.405,
        "sgaExpense": 39.494,
        "totalOperatingExpense": 167.396,
        "totalOtherIncomeExpenseNet": 7.99
      },
      {
        "depreciationAmortization": 23.471,
        "dilutedAverageSharesOutstanding": 85.1,
        "dilutedEPS": 0.31,
        "ebit": 53.453,
        "interestExpense": 8.151,
        "interestIncomeExpense": -7.23,
        "netIncome": 26.173,
        "netIncomeAfterTaxes": 26.173,
        "nonRecurringItems": -0.16,
        "otherOperatingExpensesTotal": 162.658,
        "period": "2020-03-31",
        "pretaxIncome": 34.722,
        "provisionforIncomeTaxes": 8.549,
        "revenue": 291.009,
        "sgaExpense": 51.427,
        "totalOperatingExpense": 237.556,
        "totalOtherIncomeExpenseNet": -11.341
      },
      {
        "costOfGoodsSold": 7.213,
        "depreciationAmortization": 14.577,
        "dilutedAverageSharesOutstanding": 88.611,
        "dilutedEPS": 0.78,
        "ebit": 100,
        "grossIncome": 315.589,
        "interestExpense": 7.939,
        "interestIncomeExpense": -7.016,
        "netIncome": 69.253,
        "netIncomeAfterTaxes": 69.253,
        "nonRecurringItems": -0.18,
        "otherOperatingExpensesTotal": 160.198,
        "period": "2019-12-31",
        "pretaxIncome": 93.334,
        "provisionforIncomeTaxes": 24.081,
        "revenue": 322.802,
        "sgaExpense": 40.814,
        "totalOperatingExpense": 215.589,
        "totalOtherIncomeExpenseNet": 0.53
      },
      {
        "costOfGoodsSold": 9.888,
        "depreciationAmortization": 15.894,
        "dilutedAverageSharesOutstanding": 89.855,
        "dilutedEPS": 0.06,
        "ebit": 7.291,
        "grossIncome": 176.495,
        "interestExpense": 7.834,
        "interestIncomeExpense": -6.822,
        "netIncome": 5.79,
        "netIncomeAfterTaxes": 5.79,
        "nonRecurringItems": -0.852,
        "otherOperatingExpensesTotal": 118.453,
        "period": "2019-09-30",
        "pretaxIncome": -1.189,
        "provisionforIncomeTaxes": -6.979,
        "revenue": 186.383,
        "sgaExpense": 34.857,
        "totalOperatingExpense": 169.204,
        "totalOtherIncomeExpenseNet": -0.806
      },
      {
        "costOfGoodsSold": 4.568,
        "depreciationAmortization": 10.821,
        "dilutedAverageSharesOutstanding": 91.1,
        "dilutedEPS": 0.11,
        "ebit": 17.447,
        "grossIncome": 264.241,
        "interestExpense": 4.009,
        "interestIncomeExpense": -2.709,
        "netIncome": 10.414,
        "netIncomeAfterTaxes": 10.414,
        "nonRecurringItems": -0.337,
        "otherOperatingExpensesTotal": 187.475,
        "period": "2019-06-30",
        "pretaxIncome": 13.882,
        "provisionforIncomeTaxes": 3.468,
        "revenue": 268.809,
        "sgaExpense": 48.498,
        "totalOperatingExpense": 246.794,
        "totalOtherIncomeExpenseNet": -0.519
      },
      {
        "costOfGoodsSold": 8.321,
        "depreciationAmortization": 10.415,
        "dilutedAverageSharesOutstanding": 78.04,
        "dilutedEPS": -0.11,
        "ebit": -6.645,
        "grossIncome": 174.127,
        "interestExpense": 6.339,
        "interestIncomeExpense": -4.889,
        "netIncome": -8.396,
        "netIncomeAfterTaxes": -8.396,
        "nonRecurringItems": -0.214,
        "otherOperatingExpensesTotal": 122.92,
        "period": "2019-03-31",
        "pretaxIncome": -11.349,
        "provisionforIncomeTaxes": -2.953,
        "revenue": 182.448,
        "sgaExpense": 47.437,
        "totalOperatingExpense": 180.772,
        "totalOtherIncomeExpenseNet": 0.399
      },
      {
        "depreciationAmortization": 6.01,
        "dilutedAverageSharesOutstanding": 90.644,
        "dilutedEPS": 0.45,
        "ebit": 53.387,
        "interestExpense": 3.577,
        "interestIncomeExpense": -3.577,
        "netIncome": 41.218,
        "netIncomeAfterTaxes": 41.088,
        "otherOperatingExpensesTotal": 169.433,
        "period": "2018-12-31",
        "pretaxIncome": 53.489,
        "provisionforIncomeTaxes": 12.401,
        "revenue": 272.506,
        "sgaExpense": 43.676,
        "totalOperatingExpense": 219.119,
        "totalOtherIncomeExpenseNet": 3.679
      },
      {
        "depreciationAmortization": 5.905,
        "dilutedAverageSharesOutstanding": 90.76,
        "dilutedEPS": 0.37,
        "ebit": 18.127,
        "interestExpense": 3.581,
        "interestIncomeExpense": -3.581,
        "netIncome": 33.59,
        "netIncomeAfterTaxes": 33.59,
        "otherOperatingExpensesTotal": 120.797,
        "period": "2018-09-30",
        "pretaxIncome": 17.992,
        "provisionforIncomeTaxes": -15.598,
        "revenue": 188.391,
        "sgaExpense": 43.562,
        "totalOperatingExpense": 170.264,
        "totalOtherIncomeExpenseNet": 3.446
      },
      {
        "depreciationAmortization": 6.815,
        "dilutedAverageSharesOutstanding": 87.1,
        "dilutedEPS": 0.11,
        "ebit": 21.214,
        "interestExpense": 4.734,
        "interestIncomeExpense": -6.36,
        "netIncome": 9.945,
        "netIncomeAfterTaxes": 9.945,
        "otherOperatingExpensesTotal": 198.891,
        "period": "2018-06-30",
        "pretaxIncome": 14.504,
        "provisionforIncomeTaxes": 4.559,
        "revenue": 281.542,
        "sgaExpense": 54.622,
        "totalOperatingExpense": 260.328,
        "totalOtherIncomeExpenseNet": -0.35
      },
      {
        "depreciationAmortization": 6.339,
        "dilutedAverageSharesOutstanding": 82.453,
        "dilutedEPS": 0.18,
        "ebit": 21.75,
        "interestExpense": 3.513,
        "interestIncomeExpense": -2.003,
        "netIncome": 14.835,
        "netIncomeAfterTaxes": 14.835,
        "otherOperatingExpensesTotal": 120.061,
        "period": "2018-03-31",
        "pretaxIncome": 20.052,
        "provisionforIncomeTaxes": 5.217,
        "revenue": 187.721,
        "sgaExpense": 39.571,
        "totalOperatingExpense": 165.971,
        "totalOtherIncomeExpenseNet": 0.305
      },
      {
        "costOfGoodsSold": 118.208,
        "depreciationAmortization": 6.37,
        "dilutedAverageSharesOutstanding": 78.735,
        "dilutedEPS": 0.06,
        "ebit": 26.914,
        "grossIncome": 93.396,
        "interestExpense": 4.002,
        "interestIncomeExpense": -3.086,
        "netIncome": 4.813,
        "netIncomeAfterTaxes": 16.097,
        "nonRecurringItems": 0,
        "period": "2017-12-31",
        "pretaxIncome": 23.744,
        "provisionforIncomeTaxes": 7.647,
        "revenue": 211.604,
        "sgaExpense": 60.112,
        "totalOperatingExpense": 66.482,
        "totalOtherIncomeExpenseNet": -0.084
      },
      {
        "costOfGoodsSold": 95.233,
        "depreciationAmortization": 6.435,
        "dilutedAverageSharesOutstanding": 78.505,
        "dilutedEPS": 0.28,
        "ebit": 33.98,
        "grossIncome": 91.092,
        "interestExpense": 3.569,
        "interestIncomeExpense": -2.673,
        "netIncome": 21.854,
        "netIncomeAfterTaxes": 21.854,
        "period": "2017-09-30",
        "pretaxIncome": 31.153,
        "provisionforIncomeTaxes": 9.299,
        "revenue": 186.325,
        "sgaExpense": 50.677,
        "totalOperatingExpense": 57.112,
        "totalOtherIncomeExpenseNet": -0.154
      },
      {
        "costOfGoodsSold": 136.387,
        "depreciationAmortization": 6.377,
        "dilutedAverageSharesOutstanding": 78.563,
        "dilutedEPS": 0.06,
        "ebit": 10.695,
        "grossIncome": 78.199,
        "interestExpense": 3.639,
        "interestIncomeExpense": -2.903,
        "netIncome": 5.085,
        "netIncomeAfterTaxes": 5.085,
        "period": "2017-06-30",
        "pretaxIncome": 7.775,
        "provisionforIncomeTaxes": 2.69,
        "revenue": 214.586,
        "sgaExpense": 61.127,
        "totalOperatingExpense": 67.504,
        "totalOtherIncomeExpenseNet": -0.017
      },
      {
        "costOfGoodsSold": 109.153,
        "depreciationAmortization": 6.868,
        "dilutedAverageSharesOutstanding": 78.181,
        "dilutedEPS": 0.01,
        "ebit": 3.989,
        "grossIncome": 79.291,
        "interestExpense": 3.526,
        "interestIncomeExpense": -2.665,
        "netIncome": 0.888,
        "netIncomeAfterTaxes": 0.888,
        "period": "2017-03-31",
        "pretaxIncome": 1.388,
        "provisionforIncomeTaxes": 0.5,
        "revenue": 188.444,
        "sgaExpense": 68.434,
        "totalOperatingExpense": 75.302,
        "totalOtherIncomeExpenseNet": 0.064
      },
      {
        "costOfGoodsSold": 117.041,
        "depreciationAmortization": 6.664,
        "dilutedAverageSharesOutstanding": 78.061,
        "dilutedEPS": 0.1,
        "ebit": 13.795,
        "grossIncome": 77.919,
        "interestExpense": 1.255,
        "interestIncomeExpense": -0.77,
        "netIncome": 8.019,
        "netIncomeAfterTaxes": 8.019,
        "nonRecurringItems": 0,
        "period": "2016-12-31",
        "pretaxIncome": 12.761,
        "provisionforIncomeTaxes": 4.742,
        "revenue": 194.96,
        "sgaExpense": 57.46,
        "totalOperatingExpense": 64.124,
        "totalOtherIncomeExpenseNet": -0.264
      },
      {
        "costOfGoodsSold": 87.637,
        "depreciationAmortization": 6.194,
        "dilutedAverageSharesOutstanding": 77.578,
        "dilutedEPS": 0.14,
        "ebit": 18.269,
        "grossIncome": 76.525,
        "interestExpense": 0.571,
        "interestIncomeExpense": 0.083,
        "netIncome": 11.075,
        "netIncomeAfterTaxes": 11.075,
        "period": "2016-09-30",
        "pretaxIncome": 18.06,
        "provisionforIncomeTaxes": 6.985,
        "revenue": 164.162,
        "sgaExpense": 52.062,
        "totalOperatingExpense": 58.256,
        "totalOtherIncomeExpenseNet": -0.292
      },
      {
        "costOfGoodsSold": 132.02,
        "depreciationAmortization": 5.966,
        "dilutedAverageSharesOutstanding": 77.429,
        "dilutedEPS": 0.01,
        "ebit": 1.573,
        "grossIncome": 66.974,
        "interestExpense": 0.601,
        "interestIncomeExpense": 0.042,
        "netIncome": 0.862,
        "netIncomeAfterTaxes": 0.862,
        "period": "2016-06-30",
        "pretaxIncome": 1.027,
        "provisionforIncomeTaxes": 0.165,
        "revenue": 198.994,
        "sgaExpense": 59.435,
        "totalOperatingExpense": 65.401,
        "totalOtherIncomeExpenseNet": -0.588
      },
      {
        "costOfGoodsSold": 93.334,
        "depreciationAmortization": 5.587,
        "dilutedAverageSharesOutstanding": 77.095,
        "dilutedEPS": 0.18,
        "ebit": 22.004,
        "grossIncome": 77.766,
        "interestExpense": 0.593,
        "interestIncomeExpense": 0.017,
        "netIncome": 13.885,
        "netIncomeAfterTaxes": 13.885,
        "period": "2016-03-31",
        "pretaxIncome": 21.365,
        "provisionforIncomeTaxes": 7.48,
        "revenue": 171.1,
        "sgaExpense": 50.175,
        "totalOperatingExpense": 55.762,
        "totalOtherIncomeExpenseNet": -0.656
      },
      {
        "costOfGoodsSold": 102.033,
        "depreciationAmortization": 5.432,
        "dilutedAverageSharesOutstanding": 75.903,
        "dilutedEPS": -0.01,
        "ebit": 5.624,
        "grossIncome": 64.143,
        "interestExpense": 0.641,
        "interestIncomeExpense": -0.071,
        "netIncome": -1.113,
        "netIncomeAfterTaxes": -1.113,
        "nonRecurringItems": -7.125,
        "period": "2015-12-31",
        "pretaxIncome": -2.533,
        "provisionforIncomeTaxes": -1.42,
        "revenue": 166.176,
        "sgaExpense": 53.087,
        "totalOperatingExpense": 58.519,
        "totalOtherIncomeExpenseNet": -0.961
      },
      {
        "costOfGoodsSold": 98.27,
        "depreciationAmortization": 5.571,
        "dilutedAverageSharesOutstanding": 76.488,
        "dilutedEPS": 0.14,
        "ebit": 17.878,
        "grossIncome": 67.962,
        "interestExpense": 0.615,
        "interestIncomeExpense": -0.049,
        "netIncome": 10.365,
        "netIncomeAfterTaxes": 10.365,
        "period": "2015-09-30",
        "pretaxIncome": 17.22,
        "provisionforIncomeTaxes": 6.855,
        "revenue": 166.232,
        "sgaExpense": 44.513,
        "totalOperatingExpense": 50.084,
        "totalOtherIncomeExpenseNet": -0.609
      }
    ],
    "symbol": "TKO"
  }
}