{
  "symbol": "BKNG",
  "statement": "ic",
  "frequency": "annual",
  "timestamp": "2025-09-19T13:56:58.358217",
  "data": {
    "financials": [
      {
        "depreciationAmortization": 591,
        "dilutedAverageSharesOutstanding": 34.064,
        "dilutedEPS": 172.67,
        "ebit": 7926,
        "interestExpense": 1295,
        "interestIncomeExpense": -252,
        "netIncome": 5882,
        "netIncomeAfterTaxes": 5882,
        "nonRecurringItems": -371,
        "period": "2024-12-31",
        "pretaxIncome": 7292,
        "provisionforIncomeTaxes": 1410,
        "revenue": 23739,
        "sgaExpense": 15222,
        "totalOperatingExpense": 15813,
        "totalOtherIncomeExpenseNet": -11,
        "year": 2024
      },
      {
        "depreciationAmortization": 504,
        "dilutedAverageSharesOutstanding": 36.53,
        "dilutedEPS": 117.41,
        "ebit": 5840,
        "interestExpense": 897,
        "interestIncomeExpense": -356,
        "netIncome": 4289,
        "netIncomeAfterTaxes": 4289,
        "nonRecurringItems": -5,
        "period": "2023-12-31",
        "pretaxIncome": 5481,
        "provisionforIncomeTaxes": 1192,
        "revenue": 21365,
        "sgaExpense": 15021,
        "totalOperatingExpense": 15525,
        "totalOtherIncomeExpenseNet": 2,
        "year": 2023
      },
      {
        "depreciationAmortization": 451,
        "dilutedAverageSharesOutstanding": 40.052,
        "dilutedEPS": 76.35,
        "ebit": 4903,
        "interestExpense": 391,
        "interestIncomeExpense": -1178,
        "netIncome": 3058,
        "netIncomeAfterTaxes": 3058,
        "nonRecurringItems": 199,
        "period": "2022-12-31",
        "pretaxIncome": 3923,
        "provisionforIncomeTaxes": 865,
        "revenue": 17090,
        "sgaExpense": 11736,
        "totalOperatingExpense": 12187,
        "totalOtherIncomeExpenseNet": -1,
        "year": 2022
      },
      {
        "depreciationAmortization": 421,
        "dilutedAverageSharesOutstanding": 41.362,
        "dilutedEPS": 28.17,
        "ebit": 2509,
        "interestExpense": 334,
        "interestIncomeExpense": -776,
        "netIncome": 1165,
        "netIncomeAfterTaxes": 1165,
        "nonRecurringItems": -255,
        "period": "2021-12-31",
        "pretaxIncome": 1465,
        "provisionforIncomeTaxes": 300,
        "revenue": 10958,
        "sgaExpense": 8028,
        "totalOperatingExpense": 8449,
        "totalOtherIncomeExpenseNet": -13,
        "year": 2021
      },
      {
        "depreciationAmortization": 458,
        "dilutedAverageSharesOutstanding": 41.16,
        "dilutedEPS": 1.43,
        "ebit": 453,
        "interestExpense": 356,
        "interestIncomeExpense": 1302,
        "netIncome": 59,
        "netIncomeAfterTaxes": 51,
        "nonRecurringItems": -1184,
        "period": "2020-12-31",
        "pretaxIncome": 567,
        "provisionforIncomeTaxes": 516,
        "revenue": 6796,
        "sgaExpense": 5885,
        "totalOperatingExpense": 6343,
        "totalOtherIncomeExpenseNet": -4,
        "year": 2020
      },
      {
        "depreciationAmortization": 469,
        "dilutedAverageSharesOutstanding": 43.509,
        "dilutedEPS": 111.81,
        "ebit": 5345,
        "interestExpense": 266,
        "interestIncomeExpense": 613,
        "netIncome": 4865,
        "netIncomeAfterTaxes": 4848,
        "period": "2019-12-31",
        "pretaxIncome": 5958,
        "provisionforIncomeTaxes": 1110,
        "revenue": 15066,
        "sgaExpense": 9252,
        "totalOperatingExpense": 9721,
        "year": 2019
      },
      {
        "depreciationAmortization": 426,
        "dilutedAverageSharesOutstanding": 48.017,
        "dilutedEPS": 83.26,
        "ebit": 5341,
        "interestExpense": 269,
        "interestIncomeExpense": -506,
        "netIncome": 3998,
        "netIncomeAfterTaxes": 3952,
        "nonRecurringItems": 0,
        "period": "2018-12-31",
        "pretaxIncome": 4835,
        "provisionforIncomeTaxes": 883,
        "revenue": 14527,
        "sgaExpense": 8760,
        "totalOperatingExpense": 9186,
        "year": 2018
      },
      {
        "costOfGoodsSold": 242,
        "depreciationAmortization": 363,
        "dilutedAverageSharesOutstanding": 49.954,
        "dilutedEPS": 46.86,
        "ebit": 4565,
        "grossIncome": 12439,
        "interestExpense": 254,
        "interestIncomeExpense": -131,
        "netIncome": 2341,
        "netIncomeAfterTaxes": 3724,
        "nonRecurringItems": -35,
        "period": "2017-12-31",
        "pretaxIncome": 4399,
        "provisionforIncomeTaxes": 675,
        "revenue": 12681,
        "sgaExpense": 7511,
        "totalOperatingExpense": 7874,
        "year": 2017
      },
      {
        "costOfGoodsSold": 415,
        "depreciationAmortization": 309,
        "dilutedAverageSharesOutstanding": 50.063,
        "dilutedEPS": 42.65,
        "ebit": 3847,
        "grossIncome": 10328,
        "interestExpense": 208,
        "interestIncomeExpense": -130,
        "netIncome": 2135,
        "netIncomeAfterTaxes": 2135,
        "nonRecurringItems": -1004,
        "period": "2016-12-31",
        "pretaxIncome": 2713,
        "provisionforIncomeTaxes": 578,
        "revenue": 10743,
        "sgaExpense": 6172,
        "totalOperatingExpense": 6481,
        "year": 2016
      },
      {
        "costOfGoodsSold": 632.18,
        "depreciationAmortization": 272.494,
        "dilutedAverageSharesOutstanding": 51.593,
        "dilutedEPS": 49.45,
        "ebit": 3258.907,
        "grossIncome": 8591.807,
        "interestExpense": 160.229,
        "interestIncomeExpense": -130.587,
        "minorityInterest": 0,
        "netIncome": 2551.36,
        "netIncomeAfterTaxes": 2551.36,
        "period": "2015-12-31",
        "pretaxIncome": 3128.32,
        "provisionforIncomeTaxes": 576.96,
        "revenue": 9223.987,
        "sgaExpense": 5060.406,
        "totalOperatingExpense": 5332.9,
        "year": 2015
      }
    ],
    "symbol": "BKNG"
  }
}