{
  "symbol": "CLX",
  "statement": "ic",
  "frequency": "quarterly",
  "timestamp": "2025-09-19T13:58:05.626615",
  "data": {
    "financials": [
      {
        "costOfGoodsSold": 1064,
        "dilutedAverageSharesOutstanding": 123.744,
        "dilutedEPS": 2.683,
        "ebit": 432,
        "grossIncome": 924,
        "interestExpense": 22,
        "interestIncomeExpense": -22,
        "minorityInterest": -4,
        "netIncome": 332,
        "netIncomeAfterTaxes": 336,
        "nonRecurringItems": 0,
        "otherOperatingExpensesTotal": -7,
        "period": "2025-06-30",
        "pretaxIncome": 410,
        "provisionforIncomeTaxes": 74,
        "researchDevelopment": 32,
        "revenue": 1988,
        "sgaExpense": 467,
        "totalOperatingExpense": 492
      },
      {
        "costOfGoodsSold": 926,
        "dilutedAverageSharesOutstanding": 124.066,
        "dilutedEPS": 1.4992,
        "ebit": 242,
        "grossIncome": 742,
        "interestExpense": 23,
        "interestIncomeExpense": -23,
        "minorityInterest": -5,
        "netIncome": 186,
        "netIncomeAfterTaxes": 191,
        "nonRecurringItems": 35,
        "otherOperatingExpensesTotal": -1,
        "period": "2025-03-31",
        "pretaxIncome": 254,
        "provisionforIncomeTaxes": 63,
        "researchDevelopment": 27,
        "revenue": 1668,
        "sgaExpense": 474,
        "totalOperatingExpense": 500
      },
      {
        "costOfGoodsSold": 950,
        "dilutedAverageSharesOutstanding": 124.662,
        "dilutedEPS": 1.5482,
        "ebit": 234,
        "grossIncome": 736,
        "interestExpense": 22,
        "interestIncomeExpense": -22,
        "minorityInterest": -1,
        "netIncome": 193,
        "netIncomeAfterTaxes": 194,
        "nonRecurringItems": 25,
        "period": "2024-12-31",
        "pretaxIncome": 237,
        "provisionforIncomeTaxes": 43,
        "researchDevelopment": 31,
        "revenue": 1686,
        "sgaExpense": 471,
        "totalOperatingExpense": 502
      },
      {
        "costOfGoodsSold": 956,
        "dilutedAverageSharesOutstanding": 124.677,
        "dilutedEPS": 0.7941,
        "ebit": 306,
        "grossIncome": 806,
        "interestExpense": 21,
        "interestIncomeExpense": -21,
        "minorityInterest": -4,
        "netIncome": 99,
        "netIncomeAfterTaxes": 103,
        "nonRecurringItems": -108,
        "otherOperatingExpensesTotal": -13,
        "period": "2024-09-30",
        "pretaxIncome": 177,
        "provisionforIncomeTaxes": 74,
        "researchDevelopment": 31,
        "revenue": 1762,
        "sgaExpense": 482,
        "totalOperatingExpense": 500
      },
      {
        "costOfGoodsSold": 1023,
        "dilutedAverageSharesOutstanding": 125.053,
        "dilutedEPS": 1.7273,
        "ebit": 281,
        "grossIncome": 880,
        "interestExpense": 21,
        "interestIncomeExpense": -21,
        "minorityInterest": -5,
        "netIncome": 216,
        "netIncomeAfterTaxes": 221,
        "nonRecurringItems": 15,
        "otherOperatingExpensesTotal": 16,
        "period": "2024-06-30",
        "pretaxIncome": 275,
        "provisionforIncomeTaxes": 54,
        "researchDevelopment": 33,
        "revenue": 1903,
        "sgaExpense": 550,
        "totalOperatingExpense": 599
      },
      {
        "costOfGoodsSold": 1047,
        "dilutedAverageSharesOutstanding": 124.249,
        "dilutedEPS": -0.4105,
        "ebit": 238,
        "grossIncome": 767,
        "interestExpense": 22,
        "interestIncomeExpense": -22,
        "minorityInterest": -1,
        "netIncome": -51,
        "netIncomeAfterTaxes": -50,
        "nonRecurringItems": -258,
        "otherOperatingExpensesTotal": -7,
        "period": "2024-03-31",
        "pretaxIncome": -42,
        "provisionforIncomeTaxes": 8,
        "researchDevelopment": 32,
        "revenue": 1814,
        "sgaExpense": 504,
        "totalOperatingExpense": 529
      },
      {
        "costOfGoodsSold": 1115,
        "dilutedAverageSharesOutstanding": 124.62,
        "dilutedEPS": 0.7463,
        "ebit": 361,
        "grossIncome": 875,
        "interestExpense": 26,
        "interestIncomeExpense": -26,
        "minorityInterest": -3,
        "netIncome": 93,
        "netIncomeAfterTaxes": 96,
        "nonRecurringItems": -199,
        "otherOperatingExpensesTotal": -7,
        "period": "2023-12-31",
        "pretaxIncome": 136,
        "provisionforIncomeTaxes": 40,
        "researchDevelopment": 32,
        "revenue": 1990,
        "sgaExpense": 489,
        "totalOperatingExpense": 514
      },
      {
        "costOfGoodsSold": 843,
        "dilutedAverageSharesOutstanding": 124.65,
        "dilutedEPS": 0.1765,
        "ebit": 74,
        "grossIncome": 543,
        "interestExpense": 21,
        "interestIncomeExpense": -21,
        "minorityInterest": -3,
        "netIncome": 22,
        "netIncomeAfterTaxes": 25,
        "nonRecurringItems": -24,
        "otherOperatingExpensesTotal": 12,
        "period": "2023-09-30",
        "pretaxIncome": 29,
        "provisionforIncomeTaxes": 4,
        "researchDevelopment": 29,
        "revenue": 1386,
        "sgaExpense": 428,
        "totalOperatingExpense": 469
      },
      {
        "costOfGoodsSold": 1159,
        "dilutedAverageSharesOutstanding": 126.188,
        "dilutedEPS": 1.3947,
        "ebit": 275,
        "grossIncome": 860,
        "interestExpense": 21,
        "interestIncomeExpense": -21,
        "minorityInterest": -5,
        "netIncome": 176,
        "netIncomeAfterTaxes": 181,
        "nonRecurringItems": -17,
        "otherOperatingExpensesTotal": 8,
        "period": "2023-06-30",
        "pretaxIncome": 237,
        "provisionforIncomeTaxes": 56,
        "researchDevelopment": 38,
        "revenue": 2019,
        "sgaExpense": 539,
        "totalOperatingExpense": 585
      },
      {
        "costOfGoodsSold": 1115,
        "dilutedAverageSharesOutstanding": 123.649,
        "dilutedEPS": -1.7064,
        "ebit": 245,
        "grossIncome": 800,
        "interestExpense": 24,
        "interestIncomeExpense": -24,
        "minorityInterest": -2,
        "netIncome": -211,
        "netIncomeAfterTaxes": -209,
        "nonRecurringItems": -466,
        "otherOperatingExpensesTotal": 9,
        "period": "2023-03-31",
        "pretaxIncome": -245,
        "provisionforIncomeTaxes": -36,
        "researchDevelopment": 35,
        "revenue": 1915,
        "sgaExpense": 511,
        "totalOperatingExpense": 555
      },
      {
        "costOfGoodsSold": 1095,
        "dilutedAverageSharesOutstanding": 123.988,
        "dilutedEPS": 0.7985,
        "ebit": 157,
        "grossIncome": 620,
        "interestExpense": 23,
        "interestIncomeExpense": -23,
        "minorityInterest": -3,
        "netIncome": 99,
        "netIncomeAfterTaxes": 102,
        "nonRecurringItems": -4,
        "otherOperatingExpensesTotal": -4,
        "period": "2022-12-31",
        "pretaxIncome": 130,
        "provisionforIncomeTaxes": 28,
        "researchDevelopment": 33,
        "revenue": 1715,
        "sgaExpense": 434,
        "totalOperatingExpense": 463
      },
      {
        "costOfGoodsSold": 1115,
        "dilutedAverageSharesOutstanding": 123.914,
        "dilutedEPS": 0.686,
        "ebit": 157,
        "grossIncome": 625,
        "interestExpense": 22,
        "interestIncomeExpense": -22,
        "minorityInterest": -2,
        "netIncome": 85,
        "netIncomeAfterTaxes": 87,
        "nonRecurringItems": -19,
        "otherOperatingExpensesTotal": 15,
        "period": "2022-09-30",
        "pretaxIncome": 116,
        "provisionforIncomeTaxes": 29,
        "researchDevelopment": 32,
        "revenue": 1740,
        "sgaExpense": 421,
        "totalOperatingExpense": 468
      },
      {
        "costOfGoodsSold": 1133,
        "dilutedAverageSharesOutstanding": 123.795,
        "dilutedEPS": 0.8159,
        "ebit": 166,
        "grossIncome": 668,
        "interestExpense": 37,
        "interestIncomeExpense": -37,
        "minorityInterest": -3,
        "netIncome": 101,
        "netIncomeAfterTaxes": 104,
        "nonRecurringItems": 0,
        "otherOperatingExpensesTotal": 17,
        "period": "2022-06-30",
        "pretaxIncome": 129,
        "provisionforIncomeTaxes": 25,
        "researchDevelopment": 34,
        "revenue": 1801,
        "sgaExpense": 451,
        "totalOperatingExpense": 502
      },
      {
        "costOfGoodsSold": 1160,
        "dilutedAverageSharesOutstanding": 123.877,
        "dilutedEPS": 1.2109,
        "ebit": 221,
        "grossIncome": 649,
        "interestExpense": 21,
        "interestIncomeExpense": -21,
        "minorityInterest": -2,
        "netIncome": 150,
        "netIncomeAfterTaxes": 152,
        "nonRecurringItems": 0,
        "otherOperatingExpensesTotal": 11,
        "period": "2022-03-31",
        "pretaxIncome": 200,
        "provisionforIncomeTaxes": 48,
        "researchDevelopment": 31,
        "revenue": 1809,
        "sgaExpense": 386,
        "totalOperatingExpense": 428
      },
      {
        "costOfGoodsSold": 1133,
        "dilutedAverageSharesOutstanding": 123.91,
        "dilutedEPS": 0.5569,
        "ebit": 116,
        "grossIncome": 558,
        "interestExpense": 23,
        "interestIncomeExpense": -23,
        "minorityInterest": -3,
        "netIncome": 69,
        "netIncomeAfterTaxes": 72,
        "otherOperatingExpensesTotal": 0,
        "period": "2021-12-31",
        "pretaxIncome": 93,
        "provisionforIncomeTaxes": 21,
        "researchDevelopment": 34,
        "revenue": 1691,
        "sgaExpense": 408,
        "totalOperatingExpense": 442
      },
      {
        "costOfGoodsSold": 1136,
        "dilutedAverageSharesOutstanding": 124.042,
        "dilutedEPS": 1.1448,
        "ebit": 210,
        "grossIncome": 670,
        "interestExpense": 25,
        "interestIncomeExpense": -25,
        "minorityInterest": -1,
        "netIncome": 142,
        "netIncomeAfterTaxes": 143,
        "otherOperatingExpensesTotal": 9,
        "period": "2021-09-30",
        "pretaxIncome": 185,
        "provisionforIncomeTaxes": 42,
        "researchDevelopment": 33,
        "revenue": 1806,
        "sgaExpense": 418,
        "totalOperatingExpense": 460
      },
      {
        "costOfGoodsSold": 1134,
        "dilutedAverageSharesOutstanding": 125.106,
        "dilutedEPS": 0.7753,
        "ebit": 126,
        "grossIncome": 668,
        "interestExpense": 25,
        "interestIncomeExpense": -25,
        "minorityInterest": -3,
        "netIncome": 97,
        "netIncomeAfterTaxes": 100,
        "nonRecurringItems": 0,
        "otherOperatingExpensesTotal": 13,
        "period": "2021-06-30",
        "pretaxIncome": 101,
        "provisionforIncomeTaxes": 1,
        "researchDevelopment": 45,
        "revenue": 1802,
        "sgaExpense": 484,
        "totalOperatingExpense": 542
      },
      {
        "costOfGoodsSold": 1007,
        "dilutedAverageSharesOutstanding": 125.6,
        "dilutedEPS": -0.49,
        "ebit": 295,
        "grossIncome": 774,
        "interestExpense": 25,
        "interestIncomeExpense": -25,
        "minorityInterest": -2,
        "netIncome": -61,
        "netIncomeAfterTaxes": -59,
        "nonRecurringItems": -329,
        "otherOperatingExpensesTotal": 10,
        "period": "2021-03-31",
        "pretaxIncome": -59,
        "provisionforIncomeTaxes": 0,
        "researchDevelopment": 32,
        "revenue": 1781,
        "sgaExpense": 437,
        "totalOperatingExpense": 479
      },
      {
        "costOfGoodsSold": 1005,
        "dilutedAverageSharesOutstanding": 128.1,
        "dilutedEPS": 2.02,
        "ebit": 356,
        "grossIncome": 837,
        "interestExpense": 24,
        "interestIncomeExpense": -24,
        "minorityInterest": -2,
        "netIncome": 259,
        "netIncomeAfterTaxes": 261,
        "otherOperatingExpensesTotal": -15,
        "period": "2020-12-31",
        "pretaxIncome": 332,
        "provisionforIncomeTaxes": 71,
        "researchDevelopment": 40,
        "revenue": 1842,
        "sgaExpense": 456,
        "totalOperatingExpense": 481
      },
      {
        "costOfGoodsSold": 996,
        "dilutedAverageSharesOutstanding": 128.7,
        "dilutedEPS": 3.22,
        "ebit": 466,
        "grossIncome": 920,
        "interestExpense": 25,
        "interestIncomeExpense": 60,
        "minorityInterest": -2,
        "netIncome": 415,
        "netIncomeAfterTaxes": 417,
        "otherOperatingExpensesTotal": 5,
        "period": "2020-09-30",
        "pretaxIncome": 526,
        "provisionforIncomeTaxes": 109,
        "researchDevelopment": 32,
        "revenue": 1916,
        "sgaExpense": 417,
        "totalOperatingExpense": 454
      },
      {
        "costOfGoodsSold": 1054,
        "dilutedAverageSharesOutstanding": 129,
        "dilutedEPS": 2.4,
        "ebit": 420,
        "grossIncome": 929,
        "interestExpense": 25,
        "interestIncomeExpense": -25,
        "netIncome": 310,
        "netIncomeAfterTaxes": 310,
        "otherOperatingExpensesTotal": -26,
        "period": "2020-06-30",
        "pretaxIncome": 395,
        "provisionforIncomeTaxes": 85,
        "researchDevelopment": 42,
        "revenue": 1983,
        "sgaExpense": 493,
        "totalOperatingExpense": 509
      },
      {
        "costOfGoodsSold": 951,
        "dilutedAverageSharesOutstanding": 127.3,
        "dilutedEPS": 1.89,
        "ebit": 321,
        "grossIncome": 832,
        "interestExpense": 22,
        "interestIncomeExpense": -24,
        "netIncome": 241,
        "netIncomeAfterTaxes": 241,
        "otherOperatingExpensesTotal": 19,
        "period": "2020-03-31",
        "pretaxIncome": 297,
        "provisionforIncomeTaxes": 56,
        "researchDevelopment": 39,
        "revenue": 1783,
        "sgaExpense": 453,
        "totalOperatingExpense": 511
      },
      {
        "costOfGoodsSold": 810,
        "dilutedAverageSharesOutstanding": 126.9,
        "dilutedEPS": 1.46,
        "ebit": 260,
        "grossIncome": 639,
        "interestExpense": 25,
        "interestIncomeExpense": -25,
        "netIncome": 185,
        "netIncomeAfterTaxes": 185,
        "otherOperatingExpensesTotal": -5,
        "period": "2019-12-31",
        "pretaxIncome": 235,
        "provisionforIncomeTaxes": 50,
        "researchDevelopment": 34,
        "revenue": 1449,
        "sgaExpense": 350,
        "totalOperatingExpense": 379
      },
      {
        "costOfGoodsSold": 843,
        "dilutedAverageSharesOutstanding": 127.5,
        "dilutedEPS": 1.59,
        "ebit": 283,
        "grossIncome": 663,
        "interestExpense": 25,
        "interestIncomeExpense": -25,
        "netIncome": 203,
        "netIncomeAfterTaxes": 203,
        "otherOperatingExpensesTotal": 2,
        "period": "2019-09-30",
        "pretaxIncome": 258,
        "provisionforIncomeTaxes": 55,
        "researchDevelopment": 30,
        "revenue": 1506,
        "sgaExpense": 348,
        "totalOperatingExpense": 380
      },
      {
        "costOfGoodsSold": 893,
        "dilutedAverageSharesOutstanding": 128.5,
        "dilutedEPS": 1.88,
        "ebit": 317,
        "grossIncome": 734,
        "interestExpense": 25,
        "interestIncomeExpense": -25,
        "netIncome": 241,
        "netIncomeAfterTaxes": 241,
        "otherOperatingExpensesTotal": -5,
        "period": "2019-06-30",
        "pretaxIncome": 292,
        "provisionforIncomeTaxes": 51,
        "researchDevelopment": 38,
        "revenue": 1627,
        "sgaExpense": 384,
        "totalOperatingExpense": 417
      },
      {
        "costOfGoodsSold": 878,
        "dilutedAverageSharesOutstanding": 130.3,
        "dilutedEPS": 1.44,
        "ebit": 264,
        "grossIncome": 673,
        "interestExpense": 24,
        "interestIncomeExpense": -24,
        "netIncome": 187,
        "netIncomeAfterTaxes": 187,
        "otherOperatingExpensesTotal": -2,
        "period": "2019-03-31",
        "pretaxIncome": 240,
        "provisionforIncomeTaxes": 53,
        "researchDevelopment": 34,
        "revenue": 1551,
        "sgaExpense": 377,
        "totalOperatingExpense": 409
      },
      {
        "costOfGoodsSold": 830,
        "dilutedAverageSharesOutstanding": 130.1,
        "dilutedEPS": 1.4,
        "ebit": 248,
        "grossIncome": 643,
        "interestExpense": 24,
        "interestIncomeExpense": -24,
        "netIncome": 182,
        "netIncomeAfterTaxes": 182,
        "otherOperatingExpensesTotal": 7,
        "period": "2018-12-31",
        "pretaxIncome": 224,
        "provisionforIncomeTaxes": 42,
        "researchDevelopment": 32,
        "revenue": 1473,
        "sgaExpense": 356,
        "totalOperatingExpense": 395
      },
      {
        "costOfGoodsSold": 885,
        "dilutedAverageSharesOutstanding": 129.9,
        "dilutedEPS": 1.62,
        "ebit": 292,
        "grossIncome": 678,
        "interestExpense": 24,
        "interestIncomeExpense": -24,
        "netIncome": 210,
        "netIncomeAfterTaxes": 210,
        "otherOperatingExpensesTotal": 3,
        "period": "2018-09-30",
        "pretaxIncome": 268,
        "provisionforIncomeTaxes": 58,
        "researchDevelopment": 32,
        "revenue": 1563,
        "sgaExpense": 351,
        "totalOperatingExpense": 386
      },
      {
        "costOfGoodsSold": 947,
        "dilutedAverageSharesOutstanding": 131.2,
        "dilutedEPS": 1.65,
        "ebit": 330,
        "grossIncome": 744,
        "interestExpense": 24,
        "interestIncomeExpense": -24,
        "netIncome": 217,
        "netIncomeAfterTaxes": 217,
        "otherOperatingExpensesTotal": 3,
        "period": "2018-06-30",
        "pretaxIncome": 306,
        "provisionforIncomeTaxes": 89,
        "researchDevelopment": 37,
        "revenue": 1691,
        "sgaExpense": 374,
        "totalOperatingExpense": 414
      },
      {
        "costOfGoodsSold": 868,
        "dilutedAverageSharesOutstanding": 131.9,
        "dilutedEPS": 1.37,
        "ebit": 262,
        "grossIncome": 649,
        "interestExpense": 20,
        "interestIncomeExpense": -20,
        "netIncome": 181,
        "netIncomeAfterTaxes": 181,
        "otherOperatingExpensesTotal": -3,
        "period": "2018-03-31",
        "pretaxIncome": 242,
        "provisionforIncomeTaxes": 61,
        "researchDevelopment": 32,
        "revenue": 1517,
        "sgaExpense": 358,
        "totalOperatingExpense": 387
      },
      {
        "costOfGoodsSold": 807,
        "dilutedAverageSharesOutstanding": 131.7,
        "dilutedEPS": 1.76,
        "ebit": 247,
        "grossIncome": 609,
        "interestExpense": 20,
        "interestIncomeExpense": -20,
        "netIncome": 233,
        "netIncomeAfterTaxes": 152,
        "otherOperatingExpensesTotal": -6,
        "period": "2017-12-31",
        "pretaxIncome": 227,
        "provisionforIncomeTaxes": 75,
        "researchDevelopment": 31,
        "revenue": 1416,
        "sgaExpense": 337,
        "totalOperatingExpense": 362
      },
      {
        "costOfGoodsSold": 827,
        "dilutedAverageSharesOutstanding": 131.5,
        "dilutedEPS": 1.46,
        "ebit": 300,
        "grossIncome": 673,
        "interestExpense": 21,
        "interestIncomeExpense": -21,
        "netIncome": 192,
        "netIncomeAfterTaxes": 192,
        "otherOperatingExpensesTotal": 3,
        "period": "2017-09-30",
        "pretaxIncome": 279,
        "provisionforIncomeTaxes": 87,
        "researchDevelopment": 32,
        "revenue": 1500,
        "sgaExpense": 338,
        "totalOperatingExpense": 373
      },
      {
        "costOfGoodsSold": 895,
        "dilutedAverageSharesOutstanding": 132.1,
        "dilutedEPS": 1.53,
        "ebit": 317,
        "grossIncome": 752,
        "interestExpense": 22,
        "interestIncomeExpense": -22,
        "netIncome": 201,
        "netIncomeAfterTaxes": 202,
        "otherOperatingExpensesTotal": 4,
        "period": "2017-06-30",
        "pretaxIncome": 295,
        "provisionforIncomeTaxes": 93,
        "researchDevelopment": 37,
        "revenue": 1647,
        "sgaExpense": 394,
        "totalOperatingExpense": 435
      },
      {
        "costOfGoodsSold": 827,
        "dilutedAverageSharesOutstanding": 131.4,
        "dilutedEPS": 1.31,
        "ebit": 269,
        "grossIncome": 650,
        "interestExpense": 22,
        "interestIncomeExpense": -22,
        "netIncome": 172,
        "netIncomeAfterTaxes": 172,
        "otherOperatingExpensesTotal": -16,
        "period": "2017-03-31",
        "pretaxIncome": 247,
        "provisionforIncomeTaxes": 75,
        "researchDevelopment": 35,
        "revenue": 1477,
        "sgaExpense": 362,
        "totalOperatingExpense": 381
      },
      {
        "costOfGoodsSold": 777,
        "dilutedAverageSharesOutstanding": 130.8,
        "dilutedEPS": 1.15,
        "ebit": 249,
        "grossIncome": 629,
        "interestExpense": 22,
        "interestIncomeExpense": -22,
        "netIncome": 149,
        "netIncomeAfterTaxes": 150,
        "otherOperatingExpensesTotal": 23,
        "period": "2016-12-31",
        "pretaxIncome": 227,
        "provisionforIncomeTaxes": 77,
        "researchDevelopment": 32,
        "revenue": 1406,
        "sgaExpense": 325,
        "totalOperatingExpense": 380
      },
      {
        "costOfGoodsSold": 803,
        "dilutedAverageSharesOutstanding": 132.2,
        "dilutedEPS": 1.35,
        "ebit": 286,
        "grossIncome": 640,
        "interestExpense": 22,
        "interestIncomeExpense": -22,
        "netIncome": 179,
        "netIncomeAfterTaxes": 179,
        "otherOperatingExpensesTotal": -5,
        "period": "2016-09-30",
        "pretaxIncome": 264,
        "provisionforIncomeTaxes": 85,
        "researchDevelopment": 31,
        "revenue": 1443,
        "sgaExpense": 328,
        "totalOperatingExpense": 354
      },
      {
        "costOfGoodsSold": 873,
        "dilutedAverageSharesOutstanding": 131.9,
        "dilutedEPS": 1.25,
        "ebit": 273,
        "grossIncome": 727,
        "interestExpense": 21,
        "interestIncomeExpense": -21,
        "netIncome": 165,
        "netIncomeAfterTaxes": 165,
        "otherOperatingExpensesTotal": -5,
        "period": "2016-06-30",
        "pretaxIncome": 252,
        "provisionforIncomeTaxes": 87,
        "researchDevelopment": 42,
        "revenue": 1600,
        "sgaExpense": 417,
        "totalOperatingExpense": 454
      },
      {
        "costOfGoodsSold": 780,
        "dilutedAverageSharesOutstanding": 131.6,
        "dilutedEPS": 1.23,
        "ebit": 259,
        "grossIncome": 646,
        "interestExpense": 22,
        "interestIncomeExpense": -22,
        "netIncome": 162,
        "netIncomeAfterTaxes": 159,
        "otherOperatingExpensesTotal": 2,
        "period": "2016-03-31",
        "pretaxIncome": 237,
        "provisionforIncomeTaxes": 78,
        "researchDevelopment": 35,
        "revenue": 1426,
        "sgaExpense": 350,
        "totalOperatingExpense": 387
      },
      {
        "costOfGoodsSold": 745,
        "dilutedAverageSharesOutstanding": 131.5,
        "dilutedEPS": 1.15,
        "ebit": 252,
        "grossIncome": 600,
        "interestExpense": 22,
        "interestIncomeExpense": -22,
        "netIncome": 149,
        "netIncomeAfterTaxes": 151,
        "otherOperatingExpensesTotal": -3,
        "period": "2015-12-31",
        "pretaxIncome": 230,
        "provisionforIncomeTaxes": 79,
        "researchDevelopment": 34,
        "revenue": 1345,
        "sgaExpense": 317,
        "totalOperatingExpense": 348
      },
      {
        "costOfGoodsSold": 765,
        "dilutedAverageSharesOutstanding": 131.2,
        "dilutedEPS": 1.32,
        "ebit": 287,
        "grossIncome": 625,
        "interestExpense": 23,
        "interestIncomeExpense": -23,
        "netIncome": 172,
        "netIncomeAfterTaxes": 173,
        "otherOperatingExpensesTotal": -1,
        "period": "2015-09-30",
        "pretaxIncome": 264,
        "provisionforIncomeTaxes": 91,
        "researchDevelopment": 30,
        "revenue": 1390,
        "sgaExpense": 309,
        "totalOperatingExpense": 338
      }
    ],
    "symbol": "CLX"
  }
}