{
  "symbol": "NUE",
  "statement": "ic",
  "frequency": "quarterly",
  "timestamp": "2025-09-19T14:04:51.671909",
  "data": {
    "financials": [
      {
        "costOfGoodsSold": 7233,
        "dilutedAverageSharesOutstanding": 230.8,
        "dilutedEPS": 2.5997,
        "ebit": 930,
        "gainLossOnDispositionOfAssets": -11,
        "grossIncome": 1223,
        "interestExpense": 49,
        "interestIncomeExpense": -9,
        "minorityInterest": -103,
        "netIncome": 600,
        "netIncomeAfterTaxes": 706,
        "nonRecurringItems": -11,
        "otherOperatingExpensesTotal": -11,
        "period": "2025-07-05",
        "pretaxIncome": 899,
        "provisionforIncomeTaxes": 193,
        "revenue": 8456,
        "sgaExpense": 304,
        "totalOperatingExpense": 293
      },
      {
        "costOfGoodsSold": 7225,
        "dilutedAverageSharesOutstanding": 232.9,
        "dilutedEPS": 0.6698,
        "ebit": 324,
        "gainLossOnDispositionOfAssets": -29,
        "grossIncome": 605,
        "interestExpense": 51,
        "interestIncomeExpense": -10,
        "minorityInterest": -70,
        "netIncome": 156,
        "netIncomeAfterTaxes": 226,
        "period": "2025-04-05",
        "pretaxIncome": 285,
        "provisionforIncomeTaxes": 59,
        "revenue": 7830,
        "sgaExpense": 281,
        "totalOperatingExpense": 281
      },
      {
        "costOfGoodsSold": 6448.754,
        "dilutedAverageSharesOutstanding": 234.6,
        "dilutedEPS": 1.2173,
        "ebit": 386.963,
        "gainLossOnDispositionOfAssets": 0.15,
        "grossIncome": 626.831,
        "interestExpense": 52.285,
        "interestIncomeExpense": 3.11,
        "minorityInterest": -58.038,
        "netIncome": 285.588,
        "netIncomeAfterTaxes": 345.07,
        "period": "2024-12-31",
        "pretaxIncome": 390.223,
        "provisionforIncomeTaxes": 45.153,
        "revenue": 7075.585,
        "sgaExpense": 239.868,
        "totalOperatingExpense": 239.868
      },
      {
        "costOfGoodsSold": 6686.226,
        "dilutedAverageSharesOutstanding": 236.768,
        "dilutedEPS": 1.05,
        "ebit": 513.277,
        "gainLossOnDispositionOfAssets": -123,
        "grossIncome": 757.934,
        "interestExpense": 65.376,
        "interestIncomeExpense": -2.004,
        "minorityInterest": -52.915,
        "netIncome": 248.793,
        "netIncomeAfterTaxes": 302.825,
        "period": "2024-09-28",
        "pretaxIncome": 388.273,
        "provisionforIncomeTaxes": 85.448,
        "revenue": 7444.16,
        "sgaExpense": 244.657,
        "totalOperatingExpense": 244.657
      },
      {
        "costOfGoodsSold": 6883.117,
        "dilutedAverageSharesOutstanding": 238.455,
        "dilutedEPS": 2.69,
        "ebit": 900.975,
        "grossIncome": 1194.055,
        "interestExpense": 66.852,
        "interestIncomeExpense": 11.338,
        "minorityInterest": -66.926,
        "netIncome": 642.087,
        "netIncomeAfterTaxes": 712.143,
        "period": "2024-06-29",
        "pretaxIncome": 898.163,
        "provisionforIncomeTaxes": 186.02,
        "revenue": 8077.172,
        "sgaExpense": 293.08,
        "totalOperatingExpense": 293.08,
        "totalOtherIncomeExpenseNet": -14.15
      },
      {
        "costOfGoodsSold": 6613.903,
        "dilutedAverageSharesOutstanding": 240.732,
        "dilutedEPS": 3.5,
        "ebit": 1177.785,
        "grossIncome": 1523.18,
        "interestExpense": 43.487,
        "interestIncomeExpense": 47.556,
        "minorityInterest": -114.121,
        "netIncome": 841.532,
        "netIncomeAfterTaxes": 958.962,
        "period": "2024-03-30",
        "pretaxIncome": 1225.341,
        "provisionforIncomeTaxes": 266.379,
        "revenue": 8137.083,
        "sgaExpense": 345.395,
        "totalOperatingExpense": 345.395
      },
      {
        "costOfGoodsSold": 6310.813,
        "dilutedAverageSharesOutstanding": 248.111,
        "dilutedEPS": 3.15,
        "ebit": 1038.717,
        "grossIncome": 1393.718,
        "interestExpense": 59.238,
        "interestIncomeExpense": 39.392,
        "minorityInterest": -87.433,
        "netIncome": 782.241,
        "netIncomeAfterTaxes": 872.832,
        "nonRecurringItems": 0,
        "period": "2023-12-31",
        "pretaxIncome": 1078.109,
        "provisionforIncomeTaxes": 205.277,
        "revenue": 7704.531,
        "sgaExpense": 355.001,
        "totalOperatingExpense": 355.001
      },
      {
        "costOfGoodsSold": 6854.934,
        "dilutedAverageSharesOutstanding": 248.916,
        "dilutedEPS": 4.57,
        "ebit": 1535.032,
        "grossIncome": 1920.8,
        "interestExpense": 63.228,
        "interestIncomeExpense": 13.05,
        "minorityInterest": -79.749,
        "netIncome": 1137.005,
        "netIncomeAfterTaxes": 1221.255,
        "period": "2023-09-30",
        "pretaxIncome": 1548.082,
        "provisionforIncomeTaxes": 326.827,
        "revenue": 8775.734,
        "sgaExpense": 385.768,
        "totalOperatingExpense": 385.768
      },
      {
        "costOfGoodsSold": 7021.582,
        "dilutedAverageSharesOutstanding": 251.414,
        "dilutedEPS": 5.78,
        "ebit": 2048.286,
        "grossIncome": 2501.674,
        "interestExpense": 60.806,
        "interestIncomeExpense": 1.496,
        "minorityInterest": -125.721,
        "netIncome": 1455.289,
        "netIncomeAfterTaxes": 1587.075,
        "period": "2023-07-01",
        "pretaxIncome": 2049.782,
        "provisionforIncomeTaxes": 462.707,
        "revenue": 9523.256,
        "sgaExpense": 453.388,
        "totalOperatingExpense": 453.388
      },
      {
        "costOfGoodsSold": 6711.778,
        "dilutedAverageSharesOutstanding": 251.429,
        "dilutedEPS": 4.51,
        "ebit": 1608.307,
        "grossIncome": 1998.202,
        "interestExpense": 62.682,
        "interestIncomeExpense": -11.523,
        "minorityInterest": -95.087,
        "netIncome": 1133.32,
        "netIncomeAfterTaxes": 1231.629,
        "period": "2023-04-01",
        "pretaxIncome": 1596.784,
        "provisionforIncomeTaxes": 365.155,
        "revenue": 8709.98,
        "sgaExpense": 389.895,
        "totalOperatingExpense": 389.895
      },
      {
        "costOfGoodsSold": 6626.469,
        "dilutedAverageSharesOutstanding": 256.987,
        "dilutedEPS": 4.87,
        "ebit": 1674.664,
        "grossIncome": 2097.487,
        "interestExpense": 56.752,
        "interestIncomeExpense": -39.503,
        "minorityInterest": -70.512,
        "netIncome": 1250.799,
        "netIncomeAfterTaxes": 1326.245,
        "nonRecurringItems": -101.756,
        "period": "2022-12-31",
        "pretaxIncome": 1533.405,
        "provisionforIncomeTaxes": 207.16,
        "revenue": 8723.956,
        "sgaExpense": 422.823,
        "totalOperatingExpense": 422.823
      },
      {
        "costOfGoodsSold": 7657.364,
        "dilutedAverageSharesOutstanding": 259.526,
        "dilutedEPS": 6.5,
        "ebit": 2356.831,
        "grossIncome": 2843.391,
        "interestExpense": 54.569,
        "interestIncomeExpense": -33.909,
        "minorityInterest": -104.295,
        "netIncome": 1687.855,
        "netIncomeAfterTaxes": 1799.043,
        "nonRecurringItems": 0,
        "period": "2022-10-01",
        "pretaxIncome": 2322.922,
        "provisionforIncomeTaxes": 523.879,
        "revenue": 10500.755,
        "sgaExpense": 486.56,
        "totalOperatingExpense": 486.56
      },
      {
        "costOfGoodsSold": 7690.211,
        "dilutedAverageSharesOutstanding": 261.756,
        "dilutedEPS": 9.74,
        "ebit": 3541.052,
        "grossIncome": 4104.263,
        "interestExpense": 63.514,
        "interestIncomeExpense": -50.65,
        "minorityInterest": -166.004,
        "netIncome": 2550.227,
        "netIncomeAfterTaxes": 2727.237,
        "nonRecurringItems": 0,
        "period": "2022-07-02",
        "pretaxIncome": 3490.402,
        "provisionforIncomeTaxes": 763.165,
        "revenue": 11794.474,
        "sgaExpense": 563.211,
        "totalOperatingExpense": 563.211
      },
      {
        "costOfGoodsSold": 7035.143,
        "dilutedAverageSharesOutstanding": 265.893,
        "dilutedEPS": 7.85,
        "ebit": 2933.555,
        "grossIncome": 3458.139,
        "interestExpense": 44.076,
        "interestIncomeExpense": -35.44,
        "minorityInterest": -131.492,
        "netIncome": 2087.284,
        "netIncomeAfterTaxes": 2227.115,
        "nonRecurringItems": 0,
        "period": "2022-04-02",
        "pretaxIncome": 2898.115,
        "provisionforIncomeTaxes": 671,
        "revenue": 10493.282,
        "sgaExpense": 524.584,
        "totalOperatingExpense": 524.584
      },
      {
        "costOfGoodsSold": 6841.211,
        "dilutedAverageSharesOutstanding": 282.776,
        "dilutedEPS": 7.92,
        "ebit": 3021.131,
        "grossIncome": 3523.201,
        "interestExpense": 40.582,
        "interestIncomeExpense": -2.183,
        "minorityInterest": -89.714,
        "netIncome": 2240.379,
        "netIncomeAfterTaxes": 2340.132,
        "nonRecurringItems": -11.191,
        "period": "2021-12-31",
        "pretaxIncome": 3007.757,
        "provisionforIncomeTaxes": 667.625,
        "revenue": 10364.412,
        "sgaExpense": 502.07,
        "totalOperatingExpense": 502.07
      },
      {
        "costOfGoodsSold": 6906.95,
        "dilutedAverageSharesOutstanding": 291.152,
        "dilutedEPS": 7.28,
        "ebit": 2879.928,
        "grossIncome": 3406.273,
        "interestExpense": 43.908,
        "interestIncomeExpense": -10.821,
        "minorityInterest": -95.522,
        "netIncome": 2118.301,
        "netIncomeAfterTaxes": 2223.265,
        "nonRecurringItems": 0,
        "period": "2021-10-02",
        "pretaxIncome": 2869.107,
        "provisionforIncomeTaxes": 645.842,
        "revenue": 10313.223,
        "sgaExpense": 526.345,
        "totalOperatingExpense": 526.345
      },
      {
        "costOfGoodsSold": 6315.661,
        "dilutedAverageSharesOutstanding": 292.678,
        "dilutedEPS": 5.12,
        "ebit": 2086.433,
        "grossIncome": 2473.503,
        "interestExpense": 37.661,
        "interestIncomeExpense": -16.377,
        "minorityInterest": -64.591,
        "netIncome": 1499.788,
        "netIncomeAfterTaxes": 1571.459,
        "nonRecurringItems": -44.308,
        "period": "2021-07-03",
        "pretaxIncome": 2025.748,
        "provisionforIncomeTaxes": 454.289,
        "revenue": 8789.164,
        "sgaExpense": 387.07,
        "totalOperatingExpense": 387.07
      },
      {
        "costOfGoodsSold": 5394.703,
        "dilutedAverageSharesOutstanding": 298.634,
        "dilutedEPS": 3.14,
        "ebit": 1331.313,
        "grossIncome": 1622.437,
        "interestExpense": 40.97,
        "interestIncomeExpense": -26.405,
        "minorityInterest": -45.082,
        "netIncome": 936.682,
        "netIncomeAfterTaxes": 987.514,
        "nonRecurringItems": -6.662,
        "period": "2021-04-03",
        "pretaxIncome": 1298.246,
        "provisionforIncomeTaxes": 310.732,
        "revenue": 7017.14,
        "sgaExpense": 291.124,
        "totalOperatingExpense": 291.124
      },
      {
        "costOfGoodsSold": 4541.527,
        "dilutedAverageSharesOutstanding": 303.787,
        "dilutedEPS": 1.31,
        "ebit": 564.409,
        "grossIncome": 718.528,
        "interestExpense": 37.887,
        "interestIncomeExpense": -32.453,
        "minorityInterest": -27.023,
        "netIncome": 396.669,
        "netIncomeAfterTaxes": 425.866,
        "nonRecurringItems": -314.19,
        "period": "2020-12-31",
        "pretaxIncome": 217.766,
        "provisionforIncomeTaxes": -208.1,
        "revenue": 5260.055,
        "sgaExpense": 154.119,
        "totalOperatingExpense": 154.119
      },
      {
        "costOfGoodsSold": 4425.765,
        "dilutedAverageSharesOutstanding": 303.441,
        "dilutedEPS": 0.63,
        "ebit": 336.682,
        "grossIncome": 502.195,
        "interestExpense": 42.281,
        "interestIncomeExpense": -39.66,
        "minorityInterest": -29.215,
        "netIncome": 192.214,
        "netIncomeAfterTaxes": 222.63,
        "nonRecurringItems": -6.604,
        "period": "2020-10-03",
        "pretaxIncome": 290.418,
        "provisionforIncomeTaxes": 67.788,
        "revenue": 4927.96,
        "sgaExpense": 165.513,
        "totalOperatingExpense": 165.513
      },
      {
        "costOfGoodsSold": 3949.347,
        "dilutedAverageSharesOutstanding": 306.941,
        "dilutedEPS": 0.36,
        "ebit": 235.942,
        "grossIncome": 377.959,
        "interestExpense": 38.849,
        "interestIncomeExpense": -49.885,
        "minorityInterest": -24.272,
        "netIncome": 108.53,
        "netIncomeAfterTaxes": 133.153,
        "nonRecurringItems": -5,
        "period": "2020-07-04",
        "pretaxIncome": 181.057,
        "provisionforIncomeTaxes": 47.904,
        "revenue": 4327.306,
        "sgaExpense": 142.017,
        "totalOperatingExpense": 142.017
      },
      {
        "costOfGoodsSold": 4995.069,
        "dilutedAverageSharesOutstanding": 302.932,
        "dilutedEPS": 0.07,
        "ebit": 475.876,
        "grossIncome": 629.268,
        "interestExpense": 47.596,
        "interestIncomeExpense": -41.733,
        "minorityInterest": -34.048,
        "netIncome": 19.701,
        "netIncomeAfterTaxes": 54.379,
        "nonRecurringItems": -287.846,
        "period": "2020-04-04",
        "pretaxIncome": 146.297,
        "provisionforIncomeTaxes": 91.918,
        "revenue": 5624.337,
        "sgaExpense": 153.392,
        "totalOperatingExpense": 153.392
      },
      {
        "costOfGoodsSold": 4691.358,
        "dilutedAverageSharesOutstanding": 303.501,
        "dilutedEPS": 0.35,
        "ebit": 272.96,
        "grossIncome": 440.388,
        "interestExpense": 37.622,
        "interestIncomeExpense": -27.814,
        "minorityInterest": -26.43,
        "netIncome": 107.083,
        "netIncomeAfterTaxes": 134.253,
        "nonRecurringItems": -66.916,
        "period": "2019-12-31",
        "pretaxIncome": 178.23,
        "provisionforIncomeTaxes": 43.977,
        "revenue": 5131.746,
        "sgaExpense": 167.428,
        "totalOperatingExpense": 167.428
      },
      {
        "costOfGoodsSold": 4887.059,
        "dilutedAverageSharesOutstanding": 304.98,
        "dilutedEPS": 0.9,
        "ebit": 413.21,
        "grossIncome": 577.443,
        "interestExpense": 40.721,
        "interestIncomeExpense": -32.871,
        "minorityInterest": -18.556,
        "netIncome": 273.376,
        "netIncomeAfterTaxes": 293.587,
        "period": "2019-09-28",
        "pretaxIncome": 380.339,
        "provisionforIncomeTaxes": 86.752,
        "revenue": 5464.502,
        "sgaExpense": 164.233,
        "totalOperatingExpense": 164.233
      },
      {
        "costOfGoodsSold": 5115.149,
        "dilutedAverageSharesOutstanding": 308.111,
        "dilutedEPS": 1.26,
        "ebit": 566.514,
        "grossIncome": 780.837,
        "interestExpense": 41.953,
        "interestIncomeExpense": -31.892,
        "minorityInterest": -25.794,
        "netIncome": 383.948,
        "netIncomeAfterTaxes": 412.277,
        "period": "2019-06-29",
        "pretaxIncome": 534.622,
        "provisionforIncomeTaxes": 122.345,
        "revenue": 5895.986,
        "sgaExpense": 214.323,
        "totalOperatingExpense": 214.323
      },
      {
        "costOfGoodsSold": 5194.932,
        "dilutedAverageSharesOutstanding": 306.256,
        "dilutedEPS": 1.63,
        "ebit": 715.153,
        "grossIncome": 901.692,
        "interestExpense": 37.062,
        "interestIncomeExpense": -25.537,
        "minorityInterest": -28.987,
        "netIncome": 499.701,
        "netIncomeAfterTaxes": 530.793,
        "period": "2019-03-30",
        "pretaxIncome": 689.616,
        "provisionforIncomeTaxes": 158.823,
        "revenue": 6096.624,
        "sgaExpense": 186.539,
        "totalOperatingExpense": 186.539
      },
      {
        "costOfGoodsSold": 5183.622,
        "dilutedAverageSharesOutstanding": 310.286,
        "dilutedEPS": 2.09,
        "ebit": 902.962,
        "grossIncome": 1112.262,
        "interestExpense": 40.948,
        "interestIncomeExpense": -25.686,
        "minorityInterest": -34.291,
        "netIncome": 644.142,
        "netIncomeAfterTaxes": 684.47,
        "nonRecurringItems": 0,
        "period": "2018-12-31",
        "pretaxIncome": 877.276,
        "provisionforIncomeTaxes": 192.806,
        "revenue": 6295.884,
        "sgaExpense": 209.3,
        "totalOperatingExpense": 209.3
      },
      {
        "costOfGoodsSold": 5452.052,
        "dilutedAverageSharesOutstanding": 316.798,
        "dilutedEPS": 2.13,
        "ebit": 1056.069,
        "grossIncome": 1290.15,
        "interestExpense": 44.789,
        "interestIncomeExpense": -23.567,
        "minorityInterest": -29.631,
        "netIncome": 673.849,
        "netIncomeAfterTaxes": 708.687,
        "nonRecurringItems": -110,
        "period": "2018-09-29",
        "pretaxIncome": 922.502,
        "provisionforIncomeTaxes": 213.815,
        "revenue": 6742.202,
        "sgaExpense": 234.081,
        "totalOperatingExpense": 234.081
      },
      {
        "costOfGoodsSold": 5294.184,
        "dilutedAverageSharesOutstanding": 319.512,
        "dilutedEPS": 2.12,
        "ebit": 932.209,
        "grossIncome": 1166.59,
        "interestExpense": 35.341,
        "interestIncomeExpense": -18.508,
        "minorityInterest": -30.462,
        "netIncome": 680.274,
        "netIncomeAfterTaxes": 713.615,
        "period": "2018-06-30",
        "pretaxIncome": 913.701,
        "provisionforIncomeTaxes": 200.086,
        "revenue": 6460.774,
        "sgaExpense": 234.381,
        "totalOperatingExpense": 234.381
      },
      {
        "costOfGoodsSold": 4842.013,
        "dilutedAverageSharesOutstanding": 319.661,
        "dilutedEPS": 1.1,
        "ebit": 543.446,
        "grossIncome": 726.406,
        "interestExpense": 40.178,
        "interestIncomeExpense": -27.534,
        "minorityInterest": -25.933,
        "netIncome": 353.158,
        "netIncomeAfterTaxes": 380.112,
        "period": "2018-03-31",
        "pretaxIncome": 515.912,
        "provisionforIncomeTaxes": 135.8,
        "revenue": 5568.419,
        "sgaExpense": 182.96,
        "totalOperatingExpense": 182.96
      },
      {
        "costOfGoodsSold": 4566.386,
        "dilutedAverageSharesOutstanding": 319.957,
        "dilutedEPS": 1.19,
        "ebit": 357.84,
        "grossIncome": 525.942,
        "interestExpense": 45.796,
        "interestIncomeExpense": -35.599,
        "minorityInterest": -11.203,
        "netIncome": 382.581,
        "netIncomeAfterTaxes": 219.894,
        "nonRecurringItems": 0,
        "period": "2017-12-31",
        "pretaxIncome": 322.241,
        "provisionforIncomeTaxes": 102.347,
        "revenue": 5092.328,
        "sgaExpense": 168.102,
        "totalOperatingExpense": 168.102
      },
      {
        "costOfGoodsSold": 4591.348,
        "dilutedAverageSharesOutstanding": 320.763,
        "dilutedEPS": 0.79,
        "ebit": 405.977,
        "grossIncome": 578.769,
        "interestExpense": 47.621,
        "interestIncomeExpense": -35.372,
        "minorityInterest": -11.255,
        "netIncome": 253.95,
        "netIncomeAfterTaxes": 266.105,
        "period": "2017-09-30",
        "pretaxIncome": 370.605,
        "provisionforIncomeTaxes": 104.5,
        "revenue": 5170.117,
        "sgaExpense": 172.792,
        "totalOperatingExpense": 172.792
      },
      {
        "costOfGoodsSold": 4468.766,
        "dilutedAverageSharesOutstanding": 324.188,
        "dilutedEPS": 1,
        "ebit": 535.792,
        "grossIncome": 706.003,
        "interestExpense": 47.565,
        "interestIncomeExpense": -27.656,
        "minorityInterest": -18.676,
        "netIncome": 321.901,
        "netIncomeAfterTaxes": 341.724,
        "period": "2017-07-01",
        "pretaxIncome": 508.136,
        "provisionforIncomeTaxes": 166.412,
        "revenue": 5174.769,
        "sgaExpense": 170.211,
        "totalOperatingExpense": 170.211
      },
      {
        "costOfGoodsSold": 4051.963,
        "dilutedAverageSharesOutstanding": 321.146,
        "dilutedEPS": 1.11,
        "ebit": 586.79,
        "grossIncome": 763.216,
        "interestExpense": 46.3,
        "interestIncomeExpense": -37.815,
        "minorityInterest": -20.749,
        "netIncome": 355.707,
        "netIncomeAfterTaxes": 377.648,
        "period": "2017-04-01",
        "pretaxIncome": 548.975,
        "provisionforIncomeTaxes": 171.327,
        "revenue": 4815.179,
        "sgaExpense": 176.426,
        "totalOperatingExpense": 176.426
      },
      {
        "costOfGoodsSold": 3385.397,
        "dilutedAverageSharesOutstanding": 320.392,
        "dilutedEPS": 0.69,
        "ebit": 415.059,
        "grossIncome": 571.141,
        "interestExpense": 43.809,
        "interestIncomeExpense": -55.082,
        "minorityInterest": -21.426,
        "netIncome": 220.984,
        "netIncomeAfterTaxes": 243.135,
        "nonRecurringItems": 0,
        "period": "2016-12-31",
        "pretaxIncome": 359.977,
        "provisionforIncomeTaxes": 116.842,
        "revenue": 3956.538,
        "sgaExpense": 156.082,
        "totalOperatingExpense": 156.082
      },
      {
        "costOfGoodsSold": 3610,
        "dilutedAverageSharesOutstanding": 320.028,
        "dilutedEPS": 0.95,
        "ebit": 511.013,
        "grossIncome": 680.236,
        "interestExpense": 46.519,
        "interestIncomeExpense": -26.841,
        "minorityInterest": -25.918,
        "netIncome": 304.413,
        "netIncomeAfterTaxes": 331.365,
        "period": "2016-10-01",
        "pretaxIncome": 484.172,
        "provisionforIncomeTaxes": 152.807,
        "revenue": 4290.236,
        "sgaExpense": 169.223,
        "totalOperatingExpense": 169.223
      },
      {
        "costOfGoodsSold": 3663.039,
        "dilutedAverageSharesOutstanding": 323.665,
        "dilutedEPS": 0.76,
        "ebit": 421.022,
        "grossIncome": 582.733,
        "interestExpense": 43.477,
        "interestIncomeExpense": -31.138,
        "minorityInterest": -27.749,
        "netIncome": 242.776,
        "netIncomeAfterTaxes": 271.369,
        "period": "2016-07-02",
        "pretaxIncome": 389.884,
        "provisionforIncomeTaxes": 118.515,
        "revenue": 4245.772,
        "sgaExpense": 161.711,
        "totalOperatingExpense": 161.711
      },
      {
        "costOfGoodsSold": 3404.352,
        "dilutedAverageSharesOutstanding": 319.51,
        "dilutedEPS": 0.27,
        "ebit": 201.479,
        "grossIncome": 311.224,
        "interestExpense": 47.374,
        "interestIncomeExpense": -31.916,
        "minorityInterest": -34.932,
        "netIncome": 87.328,
        "netIncomeAfterTaxes": 122.497,
        "period": "2016-04-02",
        "pretaxIncome": 169.563,
        "provisionforIncomeTaxes": 47.066,
        "revenue": 3715.576,
        "sgaExpense": 109.745,
        "totalOperatingExpense": 109.745
      },
      {
        "costOfGoodsSold": 3541.396,
        "dilutedAverageSharesOutstanding": 320.628,
        "dilutedEPS": -1.06,
        "ebit": -166.18,
        "grossIncome": -84.683,
        "interestExpense": 42.919,
        "interestIncomeExpense": -36.659,
        "minorityInterest": -20.615,
        "netIncome": -338.973,
        "netIncomeAfterTaxes": -318.342,
        "nonRecurringItems": -244.833,
        "period": "2015-12-31",
        "pretaxIncome": -447.672,
        "provisionforIncomeTaxes": -129.33,
        "revenue": 3456.713,
        "sgaExpense": 81.497,
        "totalOperatingExpense": 81.497
      },
      {
        "costOfGoodsSold": 3702.103,
        "dilutedAverageSharesOutstanding": 320.9,
        "dilutedEPS": 0.71,
        "ebit": 399.072,
        "grossIncome": 523.411,
        "interestExpense": 46.406,
        "interestIncomeExpense": -44.801,
        "minorityInterest": -40.61,
        "netIncome": 226.389,
        "netIncomeAfterTaxes": 267.736,
        "period": "2015-10-03",
        "pretaxIncome": 354.271,
        "provisionforIncomeTaxes": 86.535,
        "revenue": 4225.514,
        "sgaExpense": 124.339,
        "totalOperatingExpense": 124.339
      }
    ],
    "symbol": "NUE"
  }
}