{
  "symbol": "DTE",
  "statement": "ic",
  "frequency": "annual",
  "timestamp": "2025-09-19T13:59:25.734679",
  "data": {
    "financials": [
      {
        "depreciationAmortization": 1732,
        "dilutedAverageSharesOutstanding": 207,
        "dilutedEPS": 6.7681,
        "ebit": 2119,
        "interestExpense": 951,
        "interestIncomeExpense": -800,
        "netIncome": 1401,
        "netIncomeAfterTaxes": 1404,
        "nonRecurringItems": -28,
        "operationsMaintenance": 2262,
        "otherOperatingExpensesTotal": 487,
        "otherRevenue": 12457,
        "period": "2024-12-31",
        "pretaxIncome": 1370,
        "provisionforIncomeTaxes": -34,
        "purchasedFuelPowerGas": 5857,
        "revenue": 12457,
        "totalOperatingExpense": 10338,
        "totalOtherIncomeExpenseNet": 79,
        "year": 2024
      },
      {
        "depreciationAmortization": 1606,
        "dilutedAverageSharesOutstanding": 206,
        "dilutedEPS": 6.767,
        "ebit": 2259,
        "interestExpense": 791,
        "interestIncomeExpense": -714,
        "netIncome": 1394,
        "netIncomeAfterTaxes": 1397,
        "nonRecurringItems": -16,
        "operationsMaintenance": 2160,
        "otherOperatingExpensesTotal": 462,
        "otherRevenue": 12745,
        "period": "2023-12-31",
        "pretaxIncome": 1566,
        "provisionforIncomeTaxes": 169,
        "purchasedFuelPowerGas": 6258,
        "revenue": 12745,
        "totalOperatingExpense": 10486,
        "totalOtherIncomeExpenseNet": 37,
        "year": 2023
      },
      {
        "depreciationAmortization": 1468,
        "dilutedAverageSharesOutstanding": 196,
        "dilutedEPS": 5.5102,
        "ebit": 1743,
        "interestExpense": 675,
        "interestIncomeExpense": -640,
        "minorityInterest": 0,
        "netIncome": 1080,
        "netIncomeAfterTaxes": 1083,
        "nonRecurringItems": 5,
        "operationsMaintenance": 2400,
        "otherOperatingExpensesTotal": 457,
        "otherRevenue": 19228,
        "period": "2022-12-31",
        "pretaxIncome": 1112,
        "provisionforIncomeTaxes": 29,
        "purchasedFuelPowerGas": 13160,
        "revenue": 19228,
        "totalOperatingExpense": 17485,
        "totalOtherIncomeExpenseNet": 4,
        "year": 2022
      },
      {
        "depreciationAmortization": 1377,
        "dilutedAverageSharesOutstanding": 194,
        "dilutedEPS": 4.66,
        "ebit": 1528,
        "interestExpense": 630,
        "interestIncomeExpense": -562,
        "minorityInterest": 10,
        "netIncome": 905,
        "netIncomeAfterTaxes": 786,
        "nonRecurringItems": -426,
        "operationsMaintenance": 2420,
        "otherOperatingExpensesTotal": 431,
        "otherRevenue": 14964,
        "period": "2021-12-31",
        "pretaxIncome": 656,
        "provisionforIncomeTaxes": -130,
        "purchasedFuelPowerGas": 9208,
        "revenue": 14964,
        "totalOperatingExpense": 13436,
        "totalOtherIncomeExpenseNet": 116,
        "year": 2021
      },
      {
        "depreciationAmortization": 1443,
        "dilutedAverageSharesOutstanding": 193,
        "dilutedEPS": 7.08,
        "ebit": 2021,
        "interestExpense": 601,
        "interestIncomeExpense": -522,
        "minorityInterest": -3,
        "netIncome": 1366,
        "netIncomeAfterTaxes": 1371,
        "nonRecurringItems": -37,
        "operationsMaintenance": 2443,
        "otherOperatingExpensesTotal": 410,
        "otherRevenue": 12177,
        "period": "2020-12-31",
        "pretaxIncome": 1538,
        "provisionforIncomeTaxes": 167,
        "purchasedFuelPowerGas": 5860,
        "revenue": 12177,
        "totalOperatingExpense": 10156,
        "totalOtherIncomeExpenseNet": 76,
        "year": 2020
      },
      {
        "depreciationAmortization": 1263,
        "dilutedAverageSharesOutstanding": 185,
        "dilutedEPS": 6.31,
        "ebit": 1727,
        "interestExpense": 568,
        "interestIncomeExpense": -481,
        "minorityInterest": -3,
        "netIncome": 1167,
        "netIncomeAfterTaxes": 1172,
        "nonRecurringItems": -15,
        "operationsMaintenance": 2419,
        "otherOperatingExpensesTotal": 414,
        "otherRevenue": 12669,
        "period": "2019-12-31",
        "pretaxIncome": 1324,
        "provisionforIncomeTaxes": 152,
        "purchasedFuelPowerGas": 6846,
        "revenue": 12669,
        "totalOperatingExpense": 10942,
        "totalOtherIncomeExpenseNet": 93,
        "year": 2019
      },
      {
        "depreciationAmortization": 1124,
        "dilutedAverageSharesOutstanding": 181,
        "dilutedEPS": 6.17,
        "ebit": 1715,
        "interestExpense": 559,
        "interestIncomeExpense": -503,
        "minorityInterest": 2,
        "netIncome": 1118,
        "netIncomeAfterTaxes": 1139,
        "nonRecurringItems": -27,
        "operationsMaintenance": 2451,
        "otherOperatingExpensesTotal": 405,
        "otherRevenue": 14212,
        "period": "2018-12-31",
        "pretaxIncome": 1216,
        "provisionforIncomeTaxes": 77,
        "purchasedFuelPowerGas": 8517,
        "revenue": 14212,
        "totalOperatingExpense": 12497,
        "totalOtherIncomeExpenseNet": 31,
        "year": 2018
      },
      {
        "depreciationAmortization": 1030,
        "dilutedAverageSharesOutstanding": 179,
        "dilutedEPS": 6.32,
        "ebit": 1655,
        "interestExpense": 536,
        "interestIncomeExpense": -299,
        "minorityInterest": 22,
        "netIncome": 1132,
        "netIncomeAfterTaxes": 1007,
        "nonRecurringItems": -41,
        "operationsMaintenance": 2270,
        "otherOperatingExpensesTotal": 391,
        "otherRevenue": 12607,
        "period": "2017-12-31",
        "pretaxIncome": 1287,
        "provisionforIncomeTaxes": 280,
        "purchasedFuelPowerGas": 7261,
        "revenue": 12607,
        "totalOperatingExpense": 10952,
        "totalOtherIncomeExpenseNet": -28,
        "year": 2017
      },
      {
        "depreciationAmortization": 976,
        "dilutedAverageSharesOutstanding": 179,
        "dilutedEPS": 4.84,
        "ebit": 1495,
        "interestExpense": 472,
        "interestIncomeExpense": -454,
        "minorityInterest": 34,
        "netIncome": 866,
        "netIncomeAfterTaxes": 834,
        "nonRecurringItems": -7,
        "operationsMaintenance": 2261,
        "otherOperatingExpensesTotal": 370,
        "otherRevenue": 10630,
        "period": "2016-12-31",
        "pretaxIncome": 1105,
        "provisionforIncomeTaxes": 271,
        "purchasedFuelPowerGas": 5528,
        "revenue": 10630,
        "totalOperatingExpense": 9135,
        "totalOtherIncomeExpenseNet": 71,
        "year": 2016
      },
      {
        "depreciationAmortization": 852,
        "dilutedAverageSharesOutstanding": 179,
        "dilutedEPS": 4.06,
        "ebit": 1345,
        "interestExpense": 450,
        "interestIncomeExpense": -437,
        "minorityInterest": 7,
        "netIncome": 727,
        "netIncomeAfterTaxes": 720,
        "nonRecurringItems": -106,
        "operationsMaintenance": 2214,
        "otherOperatingExpensesTotal": 364,
        "otherRevenue": 10337,
        "period": "2015-12-31",
        "pretaxIncome": 950,
        "provisionforIncomeTaxes": 230,
        "purchasedFuelPowerGas": 5562,
        "revenue": 10337,
        "totalOperatingExpense": 8992,
        "totalOtherIncomeExpenseNet": 148,
        "year": 2015
      }
    ],
    "symbol": "DTE"
  }
}