{
  "symbol": "GLW",
  "statement": "ic",
  "frequency": "annual",
  "timestamp": "2025-09-19T13:58:32.094488",
  "data": {
    "financials": [
      {
        "costOfGoodsSold": 8842,
        "depreciationAmortization": 121,
        "dilutedAverageSharesOutstanding": 869,
        "dilutedEPS": 0.5823,
        "ebit": 1135,
        "grossIncome": 4276,
        "interestExpense": 329,
        "interestIncomeExpense": -199,
        "minorityInterest": -86,
        "netIncome": 506,
        "netIncomeAfterTaxes": 592,
        "period": "2024-12-31",
        "pretaxIncome": 813,
        "provisionforIncomeTaxes": 221,
        "researchDevelopment": 1089,
        "revenue": 13118,
        "sgaExpense": 1931,
        "totalOperatingExpense": 3141,
        "totalOtherIncomeExpenseNet": -123,
        "year": 2024
      },
      {
        "costOfGoodsSold": 8657,
        "depreciationAmortization": 122,
        "dilutedAverageSharesOutstanding": 859,
        "dilutedEPS": 0.6764,
        "ebit": 890,
        "grossIncome": 3931,
        "interestExpense": 329,
        "interestIncomeExpense": -130,
        "minorityInterest": -67,
        "netIncome": 581,
        "netIncomeAfterTaxes": 648,
        "period": "2023-12-31",
        "pretaxIncome": 816,
        "provisionforIncomeTaxes": 168,
        "researchDevelopment": 1076,
        "revenue": 12588,
        "sgaExpense": 1843,
        "totalOperatingExpense": 3041,
        "totalOtherIncomeExpenseNet": 56,
        "year": 2023
      },
      {
        "costOfGoodsSold": 9683,
        "depreciationAmortization": 123,
        "dilutedAverageSharesOutstanding": 857,
        "dilutedEPS": 1.54,
        "ebit": 1438,
        "grossIncome": 4506,
        "interestExpense": 292,
        "interestIncomeExpense": 74,
        "minorityInterest": -70,
        "netIncome": 1316,
        "netIncomeAfterTaxes": 1386,
        "period": "2022-12-31",
        "pretaxIncome": 1797,
        "provisionforIncomeTaxes": 411,
        "researchDevelopment": 1047,
        "revenue": 14189,
        "sgaExpense": 1898,
        "totalOperatingExpense": 3068,
        "totalOtherIncomeExpenseNet": 285,
        "year": 2022
      },
      {
        "costOfGoodsSold": 9019,
        "depreciationAmortization": 129,
        "dilutedAverageSharesOutstanding": 844,
        "dilutedEPS": 1.28,
        "ebit": 2112,
        "grossIncome": 5063,
        "interestExpense": 300,
        "interestIncomeExpense": 100,
        "netIncome": 1079,
        "netIncomeAfterTaxes": 1906,
        "period": "2021-12-31",
        "pretaxIncome": 2397,
        "provisionforIncomeTaxes": 491,
        "researchDevelopment": 995,
        "revenue": 14082,
        "sgaExpense": 1827,
        "totalOperatingExpense": 2951,
        "totalOtherIncomeExpenseNet": 185,
        "year": 2021
      },
      {
        "costOfGoodsSold": 7772,
        "depreciationAmortization": 121,
        "dilutedAverageSharesOutstanding": 772,
        "dilutedEPS": 0.54,
        "ebit": 509,
        "grossIncome": 3531,
        "interestExpense": 276,
        "interestIncomeExpense": -324,
        "netIncome": 414,
        "netIncomeAfterTaxes": 512,
        "nonRecurringItems": 498,
        "period": "2020-12-31",
        "pretaxIncome": 623,
        "provisionforIncomeTaxes": 111,
        "researchDevelopment": 1154,
        "revenue": 11303,
        "sgaExpense": 1747,
        "totalOperatingExpense": 3022,
        "totalOtherIncomeExpenseNet": -60,
        "year": 2020
      },
      {
        "costOfGoodsSold": 7468,
        "depreciationAmortization": 113,
        "dilutedAverageSharesOutstanding": 899,
        "dilutedEPS": 0.95,
        "ebit": 1306,
        "grossIncome": 4035,
        "interestExpense": 221,
        "interestIncomeExpense": 86,
        "netIncome": 862,
        "netIncomeAfterTaxes": 960,
        "period": "2019-12-31",
        "pretaxIncome": 1216,
        "provisionforIncomeTaxes": 256,
        "researchDevelopment": 1031,
        "revenue": 11503,
        "sgaExpense": 1585,
        "totalOperatingExpense": 2729,
        "totalOtherIncomeExpenseNet": -176,
        "year": 2019
      },
      {
        "costOfGoodsSold": 6829,
        "depreciationAmortization": 94,
        "dilutedAverageSharesOutstanding": 941,
        "dilutedEPS": 1.02,
        "ebit": 1593,
        "grossIncome": 4461,
        "interestExpense": 191,
        "interestIncomeExpense": 144,
        "netIncome": 968,
        "netIncomeAfterTaxes": 1066,
        "nonRecurringItems": -18,
        "period": "2018-12-31",
        "pretaxIncome": 1503,
        "provisionforIncomeTaxes": 437,
        "researchDevelopment": 993,
        "revenue": 11290,
        "sgaExpense": 1781,
        "totalOperatingExpense": 2868,
        "totalOtherIncomeExpenseNet": -216,
        "year": 2018
      },
      {
        "costOfGoodsSold": 6096,
        "depreciationAmortization": 75,
        "dilutedAverageSharesOutstanding": 895,
        "dilutedEPS": -0.66,
        "ebit": 1608,
        "grossIncome": 4020,
        "interestExpense": 155,
        "interestIncomeExpense": 114,
        "netIncome": -595,
        "netIncomeAfterTaxes": 950,
        "period": "2017-12-31",
        "pretaxIncome": 1657,
        "provisionforIncomeTaxes": 707,
        "researchDevelopment": 864,
        "revenue": 10116,
        "sgaExpense": 1473,
        "totalOperatingExpense": 2412,
        "totalOtherIncomeExpenseNet": -65,
        "year": 2017
      },
      {
        "costOfGoodsSold": 5644,
        "depreciationAmortization": 64,
        "dilutedAverageSharesOutstanding": 1144,
        "dilutedEPS": 3.14,
        "ebit": 1468,
        "grossIncome": 3746,
        "interestExpense": 159,
        "interestIncomeExpense": -291,
        "netIncome": 3597,
        "netIncomeAfterTaxes": 3695,
        "nonRecurringItems": -77,
        "period": "2016-12-31",
        "pretaxIncome": 3692,
        "provisionforIncomeTaxes": -3,
        "researchDevelopment": 742,
        "revenue": 9390,
        "sgaExpense": 1472,
        "totalOperatingExpense": 2278,
        "totalOtherIncomeExpenseNet": 2592,
        "year": 2016
      },
      {
        "costOfGoodsSold": 5458,
        "depreciationAmortization": 54,
        "dilutedAverageSharesOutstanding": 1343,
        "dilutedEPS": 0.92,
        "ebit": 1307,
        "grossIncome": 3653,
        "interestExpense": 140,
        "interestIncomeExpense": 265,
        "netIncome": 1241,
        "netIncomeAfterTaxes": 1339,
        "nonRecurringItems": 15,
        "period": "2015-12-31",
        "pretaxIncome": 1486,
        "provisionforIncomeTaxes": 147,
        "researchDevelopment": 769,
        "revenue": 9111,
        "sgaExpense": 1523,
        "totalOperatingExpense": 2346,
        "totalOtherIncomeExpenseNet": -101,
        "year": 2015
      }
    ],
    "symbol": "GLW"
  }
}