{
  "symbol": "GPC",
  "statement": "ic",
  "frequency": "quarterly",
  "timestamp": "2025-09-19T14:01:05.315683",
  "data": {
    "financials": [
      {
        "costOfGoodsSold": 3840.037,
        "depreciationAmortization": 123.018,
        "dilutedAverageSharesOutstanding": 139.244,
        "dilutedEPS": 1.8305,
        "ebit": 422.55,
        "grossIncome": 2324.388,
        "interestExpense": 40.211,
        "interestIncomeExpense": -40.211,
        "netIncome": 254.88,
        "netIncomeAfterTaxes": 254.88,
        "nonRecurringItems": -45.712,
        "period": "2025-06-30",
        "pretaxIncome": 338.557,
        "provisionforIncomeTaxes": 83.677,
        "revenue": 6164.425,
        "sgaExpense": 1778.82,
        "totalOperatingExpense": 1901.838,
        "totalOtherIncomeExpenseNet": 1.93
      },
      {
        "costOfGoodsSold": 3692.385,
        "depreciationAmortization": 115.435,
        "dilutedAverageSharesOutstanding": 139.2,
        "dilutedEPS": 1.3965,
        "ebit": 356.75,
        "grossIncome": 2173.684,
        "interestExpense": 37.216,
        "interestIncomeExpense": -37.216,
        "netIncome": 194.392,
        "netIncomeAfterTaxes": 194.392,
        "nonRecurringItems": -68.805,
        "period": "2025-03-31",
        "pretaxIncome": 251.637,
        "provisionforIncomeTaxes": 57.245,
        "revenue": 5866.069,
        "sgaExpense": 1701.499,
        "totalOperatingExpense": 1816.934,
        "totalOtherIncomeExpenseNet": 0.908
      },
      {
        "costOfGoodsSold": 3699.957,
        "depreciationAmortization": 112.13,
        "dilutedAverageSharesOutstanding": 139.202,
        "dilutedEPS": 0.9559,
        "ebit": 248.976,
        "grossIncome": 2070.216,
        "interestExpense": 29.398,
        "interestIncomeExpense": -29.398,
        "netIncome": 133.056,
        "netIncomeAfterTaxes": 133.056,
        "nonRecurringItems": -59.695,
        "period": "2024-12-31",
        "pretaxIncome": 166.993,
        "provisionforIncomeTaxes": 33.937,
        "revenue": 5770.173,
        "sgaExpense": 1709.11,
        "totalOperatingExpense": 1821.24,
        "totalOtherIncomeExpenseNet": 7.11
      },
      {
        "costOfGoodsSold": 3771.757,
        "depreciationAmortization": 106.036,
        "dilutedAverageSharesOutstanding": 139.599,
        "dilutedEPS": 1.6231,
        "ebit": 362.886,
        "grossIncome": 2198.441,
        "interestExpense": 27.818,
        "interestIncomeExpense": -27.818,
        "netIncome": 226.582,
        "netIncomeAfterTaxes": 226.582,
        "nonRecurringItems": -41.023,
        "period": "2024-09-30",
        "pretaxIncome": 297.593,
        "provisionforIncomeTaxes": 71.011,
        "revenue": 5970.198,
        "sgaExpense": 1729.519,
        "totalOperatingExpense": 1835.555,
        "totalOtherIncomeExpenseNet": 3.548
      },
      {
        "costOfGoodsSold": 3782.264,
        "depreciationAmortization": 99.202,
        "dilutedAverageSharesOutstanding": 139.829,
        "dilutedEPS": 2.1136,
        "ebit": 427.967,
        "grossIncome": 2180.303,
        "interestExpense": 21.921,
        "interestIncomeExpense": -21.921,
        "netIncome": 295.544,
        "netIncomeAfterTaxes": 295.544,
        "nonRecurringItems": -29.76,
        "period": "2024-06-30",
        "pretaxIncome": 386.201,
        "provisionforIncomeTaxes": 90.657,
        "revenue": 5962.567,
        "sgaExpense": 1653.134,
        "totalOperatingExpense": 1752.336,
        "totalOtherIncomeExpenseNet": 9.915
      },
      {
        "costOfGoodsSold": 3708.976,
        "depreciationAmortization": 90.61,
        "dilutedAverageSharesOutstanding": 140.096,
        "dilutedEPS": 1.7766,
        "ebit": 402.907,
        "grossIncome": 2074.655,
        "interestExpense": 17.69,
        "interestIncomeExpense": -17.69,
        "netIncome": 248.894,
        "netIncomeAfterTaxes": 248.894,
        "nonRecurringItems": -83.042,
        "period": "2024-03-31",
        "pretaxIncome": 325.181,
        "provisionforIncomeTaxes": 76.287,
        "revenue": 5783.631,
        "sgaExpense": 1581.138,
        "totalOperatingExpense": 1671.748,
        "totalOtherIncomeExpenseNet": 23.006
      },
      {
        "costOfGoodsSold": 3552.597,
        "depreciationAmortization": 88.581,
        "dilutedAverageSharesOutstanding": 139.761,
        "dilutedEPS": 2.2673,
        "ebit": 418.69,
        "grossIncome": 2033.287,
        "interestExpense": 15.323,
        "interestIncomeExpense": -15.323,
        "netIncome": 316.875,
        "netIncomeAfterTaxes": 316.875,
        "period": "2023-12-31",
        "pretaxIncome": 418.793,
        "provisionforIncomeTaxes": 101.918,
        "revenue": 5585.884,
        "sgaExpense": 1526.016,
        "totalOperatingExpense": 1614.597,
        "totalOtherIncomeExpenseNet": 15.426
      },
      {
        "costOfGoodsSold": 3715.4,
        "depreciationAmortization": 83.9,
        "dilutedAverageSharesOutstanding": 140.9,
        "dilutedEPS": 2.49,
        "ebit": 465.2,
        "grossIncome": 2109.2,
        "interestExpense": 15.827,
        "interestIncomeExpense": -15.8,
        "netIncome": 351.2,
        "netIncomeAfterTaxes": 351.2,
        "period": "2023-09-30",
        "pretaxIncome": 465.1,
        "provisionforIncomeTaxes": 113.9,
        "revenue": 5824.6,
        "sgaExpense": 1560.2,
        "totalOperatingExpense": 1644,
        "totalOtherIncomeExpenseNet": 15.7
      },
      {
        "costOfGoodsSold": 3780.3,
        "depreciationAmortization": 90.9,
        "dilutedAverageSharesOutstanding": 141.2,
        "dilutedEPS": 2.44,
        "ebit": 453.9,
        "grossIncome": 2134.7,
        "interestExpense": 16.455,
        "interestIncomeExpense": -16.5,
        "netIncome": 344.5,
        "netIncomeAfterTaxes": 344.5,
        "period": "2023-06-30",
        "pretaxIncome": 454.1,
        "provisionforIncomeTaxes": 109.6,
        "revenue": 5915,
        "sgaExpense": 1590,
        "totalOperatingExpense": 1680.8,
        "totalOtherIncomeExpenseNet": 16.6
      },
      {
        "costOfGoodsSold": 3751.7,
        "depreciationAmortization": 87.2,
        "dilutedAverageSharesOutstanding": 141.7,
        "dilutedEPS": 2.14,
        "ebit": 409.3,
        "grossIncome": 2013.4,
        "interestExpense": 16.864,
        "interestIncomeExpense": -16.9,
        "netIncome": 304,
        "netIncomeAfterTaxes": 304,
        "period": "2023-03-31",
        "pretaxIncome": 404.4,
        "provisionforIncomeTaxes": 100.4,
        "revenue": 5765.1,
        "sgaExpense": 1516.9,
        "totalOperatingExpense": 1604.1,
        "totalOtherIncomeExpenseNet": 12
      },
      {
        "costOfGoodsSold": 3550,
        "depreciationAmortization": 88,
        "dilutedAverageSharesOutstanding": 142,
        "dilutedEPS": 1.77,
        "ebit": 347.6,
        "grossIncome": 1973.7,
        "interestExpense": 15.569,
        "interestIncomeExpense": -15.6,
        "netIncome": 252,
        "netIncomeAfterTaxes": 252,
        "nonRecurringItems": 0,
        "period": "2022-12-31",
        "pretaxIncome": 337.4,
        "provisionforIncomeTaxes": 85.4,
        "revenue": 5523.7,
        "sgaExpense": 1538.1,
        "totalOperatingExpense": 1626.1,
        "totalOtherIncomeExpenseNet": 5.4
      },
      {
        "costOfGoodsSold": 3695.6,
        "depreciationAmortization": 86.6,
        "dilutedAverageSharesOutstanding": 142.1,
        "dilutedEPS": 2.2,
        "ebit": 428.5,
        "grossIncome": 1979.7,
        "interestExpense": 18.22,
        "interestIncomeExpense": -18.2,
        "netIncome": 312.4,
        "netIncomeAfterTaxes": 312.4,
        "period": "2022-09-30",
        "pretaxIncome": 417.9,
        "provisionforIncomeTaxes": 105.6,
        "revenue": 5675.3,
        "sgaExpense": 1464.6,
        "totalOperatingExpense": 1551.1,
        "totalOtherIncomeExpenseNet": 7.6
      },
      {
        "costOfGoodsSold": 3641.6,
        "depreciationAmortization": 85.9,
        "dilutedAverageSharesOutstanding": 142.3,
        "dilutedEPS": 2.62,
        "ebit": 508,
        "grossIncome": 1960.8,
        "interestExpense": 20.248,
        "interestIncomeExpense": -20.2,
        "netIncome": 372.5,
        "netIncomeAfterTaxes": 372.5,
        "period": "2022-06-30",
        "pretaxIncome": 491.6,
        "provisionforIncomeTaxes": 119,
        "revenue": 5602.4,
        "sgaExpense": 1366.9,
        "totalOperatingExpense": 1452.8,
        "totalOtherIncomeExpenseNet": 3.8
      },
      {
        "costOfGoodsSold": 3468.7,
        "depreciationAmortization": 87.4,
        "dilutedAverageSharesOutstanding": 142.8,
        "dilutedEPS": 1.72,
        "ebit": 330.1,
        "grossIncome": 1825.9,
        "interestExpense": 19.85,
        "interestIncomeExpense": -19.9,
        "netIncome": 245.8,
        "netIncomeAfterTaxes": 245.8,
        "period": "2022-03-31",
        "pretaxIncome": 325.7,
        "provisionforIncomeTaxes": 79.9,
        "revenue": 5294.6,
        "sgaExpense": 1408.5,
        "totalOperatingExpense": 1495.8,
        "totalOtherIncomeExpenseNet": 15.5
      },
      {
        "costOfGoodsSold": 3109.8,
        "depreciationAmortization": 72.6,
        "dilutedAverageSharesOutstanding": 143,
        "dilutedEPS": 1.79,
        "ebit": 338.1,
        "grossIncome": 1693.4,
        "interestExpense": 12.023,
        "interestIncomeExpense": -12,
        "netIncome": 256,
        "netIncomeAfterTaxes": 256,
        "nonRecurringItems": 0,
        "period": "2021-12-31",
        "pretaxIncome": 345.9,
        "provisionforIncomeTaxes": 89.9,
        "revenue": 4803.2,
        "sgaExpense": 1282.8,
        "totalOperatingExpense": 1355.3,
        "totalOtherIncomeExpenseNet": 19.8
      },
      {
        "costOfGoodsSold": 3108.1,
        "depreciationAmortization": 72.1,
        "dilutedAverageSharesOutstanding": 143.6,
        "dilutedEPS": 1.59,
        "ebit": 295.6,
        "grossIncome": 1710.8,
        "interestExpense": 14.958,
        "interestIncomeExpense": -15,
        "netIncome": 228.6,
        "netIncomeAfterTaxes": 228.6,
        "nonRecurringItems": 0,
        "period": "2021-09-30",
        "pretaxIncome": 299,
        "provisionforIncomeTaxes": 70.4,
        "revenue": 4818.8,
        "sgaExpense": 1343.1,
        "totalOperatingExpense": 1415.2,
        "totalOtherIncomeExpenseNet": 18.3
      },
      {
        "costOfGoodsSold": 3094.6,
        "depreciationAmortization": 74,
        "dilutedAverageSharesOutstanding": 145,
        "dilutedEPS": 1.36,
        "ebit": 260.8,
        "grossIncome": 1689.1,
        "interestExpense": 16.107,
        "interestIncomeExpense": -16.1,
        "netIncome": 196.5,
        "netIncomeAfterTaxes": 196.5,
        "nonRecurringItems": 0,
        "period": "2021-06-30",
        "pretaxIncome": 269.6,
        "provisionforIncomeTaxes": 73.1,
        "revenue": 4783.7,
        "sgaExpense": 1354.3,
        "totalOperatingExpense": 1428.3,
        "totalOtherIncomeExpenseNet": 24.9
      },
      {
        "costOfGoodsSold": 2923.9,
        "depreciationAmortization": 72.3,
        "dilutedAverageSharesOutstanding": 145.3,
        "dilutedEPS": 1.5,
        "ebit": 268.4,
        "grossIncome": 1540.8,
        "interestExpense": 18.324,
        "interestIncomeExpense": -18.3,
        "netIncome": 217.7,
        "netIncomeAfterTaxes": 217.7,
        "period": "2021-03-31",
        "pretaxIncome": 285.9,
        "provisionforIncomeTaxes": 68.1,
        "revenue": 4464.7,
        "sgaExpense": 1200.1,
        "totalOperatingExpense": 1272.4,
        "totalOtherIncomeExpenseNet": 35.7
      },
      {
        "costOfGoodsSold": 2803.5,
        "depreciationAmortization": 69.8,
        "dilutedAverageSharesOutstanding": 144.3,
        "dilutedEPS": 1.19,
        "ebit": 245.9,
        "grossIncome": 1448.1,
        "interestExpense": 18.83,
        "interestIncomeExpense": -18.8,
        "netIncome": 171.2,
        "netIncomeAfterTaxes": 171.6,
        "nonRecurringItems": -11,
        "period": "2020-12-31",
        "pretaxIncome": 225.5,
        "provisionforIncomeTaxes": 53.9,
        "revenue": 4251.6,
        "sgaExpense": 1132.4,
        "totalOperatingExpense": 1202.2,
        "totalOtherIncomeExpenseNet": 9.5
      },
      {
        "costOfGoodsSold": 2842,
        "depreciationAmortization": 69.1,
        "dilutedAverageSharesOutstanding": 145,
        "dilutedEPS": 1.56,
        "ebit": 313.2,
        "grossIncome": 1528.1,
        "interestExpense": 25.788,
        "interestIncomeExpense": -25.8,
        "netIncome": 227.5,
        "netIncomeAfterTaxes": 232.9,
        "nonRecurringItems": -11,
        "period": "2020-09-30",
        "pretaxIncome": 297.7,
        "provisionforIncomeTaxes": 64.7,
        "revenue": 4370.1,
        "sgaExpense": 1145.8,
        "totalOperatingExpense": 1214.9,
        "totalOtherIncomeExpenseNet": 21.2
      },
      {
        "costOfGoodsSold": 2532.7,
        "depreciationAmortization": 66.7,
        "dilutedAverageSharesOutstanding": 144.3,
        "dilutedEPS": -3.91,
        "ebit": 240.9,
        "grossIncome": 1290.5,
        "interestExpense": 25.465,
        "interestIncomeExpense": -25.5,
        "netIncome": -564.4,
        "netIncomeAfterTaxes": -363.5,
        "nonRecurringItems": -530.6,
        "period": "2020-06-30",
        "pretaxIncome": -304.4,
        "provisionforIncomeTaxes": 59.1,
        "revenue": 3823.2,
        "sgaExpense": 982.9,
        "totalOperatingExpense": 1049.7,
        "totalOtherIncomeExpenseNet": 10.8
      },
      {
        "costOfGoodsSold": 2704.3,
        "depreciationAmortization": 67.3,
        "dilutedAverageSharesOutstanding": 145.6,
        "dilutedEPS": 0.93,
        "ebit": 171.7,
        "grossIncome": 1388.2,
        "interestExpense": 20.965,
        "interestIncomeExpense": -21,
        "netIncome": 136.5,
        "netIncomeAfterTaxes": 122.3,
        "nonRecurringItems": -3,
        "period": "2020-03-31",
        "pretaxIncome": 160.6,
        "provisionforIncomeTaxes": 38.2,
        "revenue": 4092.5,
        "sgaExpense": 1149.2,
        "totalOperatingExpense": 1216.5,
        "totalOtherIncomeExpenseNet": 12.8
      },
      {
        "costOfGoodsSold": 2800.9,
        "depreciationAmortization": 70.3,
        "dilutedAverageSharesOutstanding": 146.1,
        "dilutedEPS": 0.06,
        "ebit": 242,
        "grossIncome": 1478.9,
        "interestExpense": 17.838,
        "interestIncomeExpense": -17.8,
        "netIncome": 8.9,
        "netIncomeAfterTaxes": 79,
        "nonRecurringItems": -142.8,
        "period": "2019-12-31",
        "pretaxIncome": 101.2,
        "provisionforIncomeTaxes": 22.2,
        "revenue": 4279.9,
        "sgaExpense": 1166.6,
        "totalOperatingExpense": 1237,
        "totalOtherIncomeExpenseNet": 19.8
      },
      {
        "costOfGoodsSold": 3020.1,
        "depreciationAmortization": 65.7,
        "dilutedAverageSharesOutstanding": 146.2,
        "dilutedEPS": 1.55,
        "ebit": 262.7,
        "grossIncome": 1505.2,
        "interestExpense": 26.451,
        "interestIncomeExpense": -26.5,
        "netIncome": 227.5,
        "netIncomeAfterTaxes": 212.3,
        "nonRecurringItems": 0,
        "period": "2019-09-30",
        "pretaxIncome": 283.9,
        "provisionforIncomeTaxes": 71.6,
        "revenue": 4525.3,
        "sgaExpense": 1176.9,
        "totalOperatingExpense": 1242.5,
        "totalOtherIncomeExpenseNet": 47.7
      },
      {
        "costOfGoodsSold": 2975.2,
        "depreciationAmortization": 62.7,
        "dilutedAverageSharesOutstanding": 146.7,
        "dilutedEPS": 1.52,
        "ebit": 287.2,
        "grossIncome": 1482.7,
        "interestExpense": 23.262,
        "interestIncomeExpense": -23.3,
        "netIncome": 224.4,
        "netIncomeAfterTaxes": 209.5,
        "nonRecurringItems": 0,
        "period": "2019-06-30",
        "pretaxIncome": 282.2,
        "provisionforIncomeTaxes": 72.7,
        "revenue": 4457.9,
        "sgaExpense": 1132.8,
        "totalOperatingExpense": 1195.5,
        "totalOtherIncomeExpenseNet": 18.3
      },
      {
        "costOfGoodsSold": 2866.3,
        "depreciationAmortization": 58.6,
        "dilutedAverageSharesOutstanding": 146.7,
        "dilutedEPS": 1.09,
        "ebit": 219,
        "grossIncome": 1392.8,
        "interestExpense": 23.854,
        "interestIncomeExpense": -23.9,
        "netIncome": 160.3,
        "netIncomeAfterTaxes": 145.7,
        "nonRecurringItems": 0,
        "period": "2019-03-31",
        "pretaxIncome": 192,
        "provisionforIncomeTaxes": 46.3,
        "revenue": 4259.1,
        "sgaExpense": 1115.1,
        "totalOperatingExpense": 1173.8,
        "totalOtherIncomeExpenseNet": -3.2
      },
      {
        "costOfGoodsSold": 1622.2,
        "depreciationAmortization": 49.7,
        "dilutedAverageSharesOutstanding": 147,
        "dilutedEPS": 1.27,
        "ebit": 183.9,
        "grossIncome": 1078.1,
        "interestExpense": 26.127,
        "interestIncomeExpense": -26.1,
        "netIncome": 186.7,
        "netIncomeAfterTaxes": 131.1,
        "period": "2018-12-31",
        "pretaxIncome": 173.3,
        "provisionforIncomeTaxes": 42.3,
        "revenue": 2700.3,
        "sgaExpense": 844.6,
        "totalOperatingExpense": 894.3,
        "totalOtherIncomeExpenseNet": 15.6
      },
      {
        "costOfGoodsSold": 3238.7,
        "depreciationAmortization": 61.1,
        "dilutedAverageSharesOutstanding": 147.5,
        "dilutedEPS": 1.49,
        "ebit": 298.9,
        "grossIncome": 1484.2,
        "interestExpense": 25.084,
        "interestIncomeExpense": -25.1,
        "netIncome": 220.2,
        "netIncomeAfterTaxes": 220.2,
        "period": "2018-09-30",
        "pretaxIncome": 291.7,
        "provisionforIncomeTaxes": 71.5,
        "revenue": 4722.9,
        "sgaExpense": 1124.2,
        "totalOperatingExpense": 1185.3,
        "totalOtherIncomeExpenseNet": 17.9
      },
      {
        "costOfGoodsSold": 3300.5,
        "depreciationAmortization": 58.5,
        "dilutedAverageSharesOutstanding": 147.3,
        "dilutedEPS": 1.54,
        "ebit": 311.3,
        "grossIncome": 1521.6,
        "interestExpense": 26.476,
        "interestIncomeExpense": -26.5,
        "netIncome": 227,
        "netIncomeAfterTaxes": 227,
        "period": "2018-06-30",
        "pretaxIncome": 300.3,
        "provisionforIncomeTaxes": 73.3,
        "revenue": 4822.1,
        "sgaExpense": 1151.9,
        "totalOperatingExpense": 1210.3,
        "totalOtherIncomeExpenseNet": 15.5
      },
      {
        "costOfGoodsSold": 3150.5,
        "depreciationAmortization": 58.4,
        "dilutedAverageSharesOutstanding": 147.3,
        "dilutedEPS": 1.2,
        "ebit": 241,
        "grossIncome": 1435.8,
        "interestExpense": 24.109,
        "interestIncomeExpense": -24.1,
        "netIncome": 176.6,
        "netIncomeAfterTaxes": 176.6,
        "period": "2018-03-31",
        "pretaxIncome": 229.3,
        "provisionforIncomeTaxes": 52.7,
        "revenue": 4586.3,
        "sgaExpense": 1136.5,
        "totalOperatingExpense": 1194.8,
        "totalOtherIncomeExpenseNet": 12.5
      },
      {
        "costOfGoodsSold": 2923,
        "depreciationAmortization": 50.1,
        "dilutedAverageSharesOutstanding": 147.2,
        "dilutedEPS": 0.73,
        "ebit": 232.4,
        "grossIncome": 1284.1,
        "interestExpense": 41.486,
        "interestIncomeExpense": -41.5,
        "netIncome": 108.2,
        "netIncomeAfterTaxes": 159.2,
        "period": "2017-12-31",
        "pretaxIncome": 222,
        "provisionforIncomeTaxes": 62.8,
        "revenue": 4207.1,
        "sgaExpense": 1001.7,
        "totalOperatingExpense": 1051.7,
        "totalOtherIncomeExpenseNet": 31.1
      },
      {
        "costOfGoodsSold": 2869,
        "depreciationAmortization": 40.3,
        "dilutedAverageSharesOutstanding": 147.2,
        "dilutedEPS": 1.08,
        "ebit": 246.4,
        "grossIncome": 1226.9,
        "netIncome": 158.4,
        "netIncomeAfterTaxes": 158.4,
        "period": "2017-09-30",
        "pretaxIncome": 246.4,
        "provisionforIncomeTaxes": 87.9,
        "revenue": 4095.9,
        "sgaExpense": 940.3,
        "totalOperatingExpense": 980.6
      },
      {
        "costOfGoodsSold": 2860.5,
        "depreciationAmortization": 39.2,
        "dilutedAverageSharesOutstanding": 147.7,
        "dilutedEPS": 1.29,
        "ebit": 291,
        "grossIncome": 1239.7,
        "interestExpense": 7.446,
        "interestIncomeExpense": -7.4,
        "netIncome": 190,
        "netIncomeAfterTaxes": 190,
        "period": "2017-06-30",
        "pretaxIncome": 297.1,
        "provisionforIncomeTaxes": 107.2,
        "revenue": 4100.2,
        "sgaExpense": 909.5,
        "totalOperatingExpense": 948.7,
        "totalOtherIncomeExpenseNet": 13.6
      },
      {
        "costOfGoodsSold": 2749.9,
        "depreciationAmortization": 38.1,
        "dilutedAverageSharesOutstanding": 148.8,
        "dilutedEPS": 1.08,
        "ebit": 237.1,
        "grossIncome": 1155.7,
        "interestExpense": 6.779,
        "interestIncomeExpense": -6.8,
        "netIncome": 160.2,
        "netIncomeAfterTaxes": 160.2,
        "period": "2017-03-31",
        "pretaxIncome": 243.8,
        "provisionforIncomeTaxes": 83.6,
        "revenue": 3905.6,
        "sgaExpense": 880.5,
        "totalOperatingExpense": 918.6,
        "totalOtherIncomeExpenseNet": 13.4
      },
      {
        "costOfGoodsSold": 2649,
        "depreciationAmortization": 39.2,
        "dilutedAverageSharesOutstanding": 149.1,
        "dilutedEPS": 1.02,
        "ebit": 231.7,
        "grossIncome": 1131.1,
        "interestExpense": 21.084,
        "interestIncomeExpense": -21.1,
        "netIncome": 152.5,
        "netIncomeAfterTaxes": 152.5,
        "period": "2016-12-31",
        "pretaxIncome": 236.3,
        "provisionforIncomeTaxes": 83.8,
        "revenue": 3780.1,
        "sgaExpense": 860.1,
        "totalOperatingExpense": 899.3,
        "totalOtherIncomeExpenseNet": 25.7
      },
      {
        "costOfGoodsSold": 2743.1,
        "depreciationAmortization": 37.7,
        "dilutedAverageSharesOutstanding": 149.7,
        "dilutedEPS": 1.24,
        "ebit": 291.4,
        "grossIncome": 1198.6,
        "netIncome": 185.3,
        "netIncomeAfterTaxes": 185.3,
        "period": "2016-09-30",
        "pretaxIncome": 291.4,
        "provisionforIncomeTaxes": 106,
        "revenue": 3941.7,
        "sgaExpense": 869.6,
        "totalOperatingExpense": 907.3
      },
      {
        "costOfGoodsSold": 2734.2,
        "depreciationAmortization": 35.9,
        "dilutedAverageSharesOutstanding": 150,
        "dilutedEPS": 1.28,
        "ebit": 300.1,
        "grossIncome": 1165.5,
        "netIncome": 191.4,
        "netIncomeAfterTaxes": 191.4,
        "period": "2016-06-30",
        "pretaxIncome": 300.1,
        "provisionforIncomeTaxes": 108.7,
        "revenue": 3899.6,
        "sgaExpense": 829.5,
        "totalOperatingExpense": 865.4
      },
      {
        "costOfGoodsSold": 2613.8,
        "depreciationAmortization": 34.7,
        "dilutedAverageSharesOutstanding": 150.3,
        "dilutedEPS": 1.05,
        "ebit": 246.6,
        "grossIncome": 1104.5,
        "netIncome": 158,
        "netIncomeAfterTaxes": 158,
        "period": "2016-03-31",
        "pretaxIncome": 246.6,
        "provisionforIncomeTaxes": 88.6,
        "revenue": 3718.3,
        "sgaExpense": 823.2,
        "totalOperatingExpense": 857.8
      },
      {
        "costOfGoodsSold": 2586.3,
        "depreciationAmortization": 35.9,
        "dilutedAverageSharesOutstanding": 151.3,
        "dilutedEPS": 1.07,
        "ebit": 262.3,
        "grossIncome": 1095.5,
        "interestExpense": 21.662,
        "interestIncomeExpense": -21.7,
        "netIncome": 161.3,
        "netIncomeAfterTaxes": 161.3,
        "period": "2015-12-31",
        "pretaxIncome": 261.6,
        "provisionforIncomeTaxes": 100.3,
        "revenue": 3681.8,
        "sgaExpense": 797.2,
        "totalOperatingExpense": 833.1,
        "totalOtherIncomeExpenseNet": 20.9
      },
      {
        "costOfGoodsSold": 2752.6,
        "depreciationAmortization": 34.3,
        "dilutedAverageSharesOutstanding": 152.1,
        "dilutedEPS": 1.24,
        "ebit": 300.6,
        "grossIncome": 1169.2,
        "netIncome": 188,
        "netIncomeAfterTaxes": 188,
        "period": "2015-09-30",
        "pretaxIncome": 300.6,
        "provisionforIncomeTaxes": 112.6,
        "revenue": 3921.8,
        "sgaExpense": 834.4,
        "totalOperatingExpense": 868.6
      }
    ],
    "symbol": "GPC"
  }
}