{
  "symbol": "NVR",
  "statement": "ic",
  "frequency": "quarterly",
  "timestamp": "2025-09-19T14:04:54.701913",
  "data": {
    "financials": [
      {
        "costOfGoodsSold": 1999.983,
        "dilutedAverageSharesOutstanding": 3.075,
        "dilutedEPS": 108.5324,
        "ebit": 454.118,
        "grossIncome": 629.713,
        "interestExpense": 6.985,
        "interestIncomeExpense": -6.985,
        "netIncome": 333.737,
        "netIncomeAfterTaxes": 333.737,
        "period": "2025-06-30",
        "pretaxIncome": 447.133,
        "provisionforIncomeTaxes": 113.396,
        "revenue": 2629.696,
        "sgaExpense": 175.595,
        "totalOperatingExpense": 175.595
      },
      {
        "costOfGoodsSold": 1835.375,
        "dilutedAverageSharesOutstanding": 3.159,
        "dilutedEPS": 94.8325,
        "ebit": 409.458,
        "grossIncome": 599.268,
        "interestExpense": 7.454,
        "interestIncomeExpense": -7.454,
        "netIncome": 299.576,
        "netIncomeAfterTaxes": 299.576,
        "period": "2025-03-31",
        "pretaxIncome": 402.004,
        "provisionforIncomeTaxes": 102.428,
        "revenue": 2434.643,
        "sgaExpense": 189.81,
        "totalOperatingExpense": 189.81
      },
      {
        "costOfGoodsSold": 2125.633,
        "dilutedAverageSharesOutstanding": 3.271,
        "dilutedEPS": 139.8447,
        "ebit": 579.647,
        "grossIncome": 760.231,
        "interestExpense": 7.013,
        "interestIncomeExpense": -7.013,
        "netIncome": 457.432,
        "netIncomeAfterTaxes": 457.432,
        "period": "2024-12-31",
        "pretaxIncome": 572.634,
        "provisionforIncomeTaxes": 115.202,
        "revenue": 2885.864,
        "sgaExpense": 180.584,
        "totalOperatingExpense": 180.584
      },
      {
        "costOfGoodsSold": 2051.087,
        "dilutedAverageSharesOutstanding": 3.29,
        "dilutedEPS": 130.4933,
        "ebit": 545.658,
        "grossIncome": 721.752,
        "interestExpense": 7.046,
        "interestIncomeExpense": -7.046,
        "netIncome": 429.323,
        "netIncomeAfterTaxes": 429.323,
        "period": "2024-09-30",
        "pretaxIncome": 538.612,
        "provisionforIncomeTaxes": 109.289,
        "revenue": 2772.839,
        "sgaExpense": 176.094,
        "totalOperatingExpense": 176.094
      },
      {
        "costOfGoodsSold": 1947.616,
        "dilutedAverageSharesOutstanding": 3.322,
        "dilutedEPS": 120.6815,
        "ebit": 540.466,
        "grossIncome": 707.03,
        "interestExpense": 6.898,
        "interestIncomeExpense": -6.898,
        "netIncome": 400.904,
        "netIncomeAfterTaxes": 400.904,
        "period": "2024-06-30",
        "pretaxIncome": 533.568,
        "provisionforIncomeTaxes": 132.664,
        "revenue": 2654.646,
        "sgaExpense": 166.564,
        "totalOperatingExpense": 166.564
      },
      {
        "costOfGoodsSold": 1726.213,
        "dilutedAverageSharesOutstanding": 3.387,
        "dilutedEPS": 116.4066,
        "ebit": 477.518,
        "grossIncome": 653.379,
        "interestExpense": 6.826,
        "interestIncomeExpense": -6.826,
        "netIncome": 394.269,
        "netIncomeAfterTaxes": 394.269,
        "period": "2024-03-31",
        "pretaxIncome": 470.692,
        "provisionforIncomeTaxes": 76.423,
        "revenue": 2379.592,
        "sgaExpense": 175.861,
        "totalOperatingExpense": 175.861
      },
      {
        "costOfGoodsSold": 1812.968,
        "dilutedAverageSharesOutstanding": 3.3747,
        "dilutedEPS": 121.5145,
        "ebit": 490.838,
        "grossIncome": 666.461,
        "interestExpense": 6.791,
        "interestIncomeExpense": -6.791,
        "netIncome": 410.075,
        "netIncomeAfterTaxes": 410.075,
        "period": "2023-12-31",
        "pretaxIncome": 484.047,
        "provisionforIncomeTaxes": 73.972,
        "revenue": 2479.429,
        "sgaExpense": 175.623,
        "totalOperatingExpense": 175.623
      },
      {
        "costOfGoodsSold": 1902.2,
        "dilutedAverageSharesOutstanding": 3.5,
        "dilutedEPS": 123.77,
        "ebit": 546.2,
        "grossIncome": 713,
        "interestExpense": 6.896,
        "interestIncomeExpense": -6.9,
        "netIncome": 433.2,
        "netIncomeAfterTaxes": 433.2,
        "period": "2023-09-30",
        "pretaxIncome": 539.3,
        "provisionforIncomeTaxes": 106.2,
        "revenue": 2615.2,
        "sgaExpense": 166.8,
        "totalOperatingExpense": 166.7
      },
      {
        "costOfGoodsSold": 1728.1,
        "dilutedAverageSharesOutstanding": 3.5,
        "dilutedEPS": 115.42,
        "ebit": 478,
        "grossIncome": 649.4,
        "interestExpense": 6.795,
        "interestIncomeExpense": -6.8,
        "netIncome": 404,
        "netIncomeAfterTaxes": 404,
        "period": "2023-06-30",
        "pretaxIncome": 471.2,
        "provisionforIncomeTaxes": 67.1,
        "revenue": 2377.5,
        "sgaExpense": 171.4,
        "totalOperatingExpense": 171.4
      },
      {
        "costOfGoodsSold": 1607.9,
        "dilutedAverageSharesOutstanding": 3.4,
        "dilutedEPS": 101.29,
        "ebit": 441.1,
        "grossIncome": 607.3,
        "interestExpense": 7.258,
        "interestIncomeExpense": -7.3,
        "netIncome": 344.4,
        "netIncomeAfterTaxes": 344.4,
        "period": "2023-03-31",
        "pretaxIncome": 433.8,
        "provisionforIncomeTaxes": 89.5,
        "revenue": 2215.2,
        "sgaExpense": 166.3,
        "totalOperatingExpense": 166.3
      },
      {
        "costOfGoodsSold": 1993.7,
        "dilutedAverageSharesOutstanding": 3.4,
        "dilutedEPS": 133.76,
        "ebit": 581.6,
        "grossIncome": 744.9,
        "interestExpense": 6.899,
        "interestIncomeExpense": -6.9,
        "netIncome": 454.8,
        "netIncomeAfterTaxes": 454.8,
        "period": "2022-12-31",
        "pretaxIncome": 574.7,
        "provisionforIncomeTaxes": 120,
        "revenue": 2738.6,
        "sgaExpense": 163.3,
        "totalOperatingExpense": 163.3
      },
      {
        "costOfGoodsSold": 2092.5,
        "dilutedAverageSharesOutstanding": 3.5,
        "dilutedEPS": 117.54,
        "ebit": 545.7,
        "grossIncome": 699.4,
        "interestExpense": 7.202,
        "interestIncomeExpense": -7.2,
        "netIncome": 411.4,
        "netIncomeAfterTaxes": 411.4,
        "period": "2022-09-30",
        "pretaxIncome": 538.5,
        "provisionforIncomeTaxes": 127.1,
        "revenue": 2791.8,
        "sgaExpense": 153.7,
        "totalOperatingExpense": 153.6
      },
      {
        "costOfGoodsSold": 1924.7,
        "dilutedAverageSharesOutstanding": 3.5,
        "dilutedEPS": 123.8,
        "ebit": 586.3,
        "grossIncome": 742.2,
        "interestExpense": 12.257,
        "interestIncomeExpense": -12.3,
        "netIncome": 433.3,
        "netIncomeAfterTaxes": 433.3,
        "period": "2022-06-30",
        "pretaxIncome": 574,
        "provisionforIncomeTaxes": 140.7,
        "revenue": 2666.9,
        "sgaExpense": 155.9,
        "totalOperatingExpense": 155.9
      },
      {
        "costOfGoodsSold": 1651.4,
        "dilutedAverageSharesOutstanding": 3.7,
        "dilutedEPS": 115.16,
        "ebit": 579.1,
        "grossIncome": 731.5,
        "interestExpense": 13.166,
        "interestIncomeExpense": -13.2,
        "netIncome": 426.1,
        "netIncomeAfterTaxes": 426.1,
        "period": "2022-03-31",
        "pretaxIncome": 565.9,
        "provisionforIncomeTaxes": 139.8,
        "revenue": 2382.9,
        "sgaExpense": 152.4,
        "totalOperatingExpense": 152.4
      },
      {
        "costOfGoodsSold": 1646.1,
        "dilutedAverageSharesOutstanding": 3.8,
        "dilutedEPS": 88.05,
        "ebit": 440,
        "grossIncome": 589.2,
        "interestExpense": 13.207,
        "interestIncomeExpense": -13.2,
        "netIncome": 334.6,
        "netIncomeAfterTaxes": 334.6,
        "period": "2021-12-31",
        "pretaxIncome": 426.8,
        "provisionforIncomeTaxes": 92.2,
        "revenue": 2235.2,
        "sgaExpense": 149.1,
        "totalOperatingExpense": 149.1
      },
      {
        "costOfGoodsSold": 1817.9,
        "dilutedAverageSharesOutstanding": 3.8,
        "dilutedEPS": 87.39,
        "ebit": 447.4,
        "grossIncome": 582.6,
        "interestExpense": 13.243,
        "interestIncomeExpense": -13.2,
        "netIncome": 332.1,
        "netIncomeAfterTaxes": 332.1,
        "period": "2021-09-30",
        "pretaxIncome": 434.1,
        "provisionforIncomeTaxes": 102,
        "revenue": 2400.5,
        "sgaExpense": 135.2,
        "totalOperatingExpense": 135.2
      },
      {
        "costOfGoodsSold": 1721.7,
        "dilutedAverageSharesOutstanding": 3.9,
        "dilutedEPS": 82.38,
        "ebit": 430.7,
        "grossIncome": 566.8,
        "interestExpense": 13.27,
        "interestIncomeExpense": -13.3,
        "netIncome": 321.3,
        "netIncomeAfterTaxes": 321.3,
        "period": "2021-06-30",
        "pretaxIncome": 417.5,
        "provisionforIncomeTaxes": 96.2,
        "revenue": 2288.4,
        "sgaExpense": 136,
        "totalOperatingExpense": 136
      },
      {
        "costOfGoodsSold": 1577.5,
        "dilutedAverageSharesOutstanding": 3.9,
        "dilutedEPS": 63.79,
        "ebit": 325.4,
        "grossIncome": 468.5,
        "interestExpense": 13.397,
        "interestIncomeExpense": -13.4,
        "netIncome": 248.8,
        "netIncomeAfterTaxes": 248.8,
        "period": "2021-03-31",
        "pretaxIncome": 312,
        "provisionforIncomeTaxes": 63.2,
        "revenue": 2045.9,
        "sgaExpense": 143.1,
        "totalOperatingExpense": 143
      },
      {
        "costOfGoodsSold": 1822.1,
        "dilutedAverageSharesOutstanding": 4,
        "dilutedEPS": 76.25,
        "ebit": 398.5,
        "grossIncome": 532.5,
        "interestExpense": 13.174,
        "interestIncomeExpense": -13.2,
        "netIncome": 305,
        "netIncomeAfterTaxes": 305,
        "period": "2020-12-31",
        "pretaxIncome": 385.4,
        "provisionforIncomeTaxes": 80.4,
        "revenue": 2354.6,
        "sgaExpense": 134,
        "totalOperatingExpense": 134
      },
      {
        "costOfGoodsSold": 1536,
        "dilutedAverageSharesOutstanding": 3.9,
        "dilutedEPS": 65.76,
        "ebit": 333.1,
        "grossIncome": 459.1,
        "interestExpense": 11.687,
        "interestIncomeExpense": -11.7,
        "netIncome": 256.5,
        "netIncomeAfterTaxes": 256.5,
        "period": "2020-09-30",
        "pretaxIncome": 321.5,
        "provisionforIncomeTaxes": 65,
        "revenue": 1995.1,
        "sgaExpense": 125.9,
        "totalOperatingExpense": 126
      },
      {
        "costOfGoodsSold": 1284.5,
        "dilutedAverageSharesOutstanding": 3.9,
        "dilutedEPS": 42.07,
        "ebit": 219.4,
        "grossIncome": 340.8,
        "interestExpense": 9.525,
        "interestIncomeExpense": -9.5,
        "netIncome": 164.1,
        "netIncomeAfterTaxes": 164.1,
        "period": "2020-06-30",
        "pretaxIncome": 209.8,
        "provisionforIncomeTaxes": 45.8,
        "revenue": 1625.3,
        "sgaExpense": 121.5,
        "totalOperatingExpense": 121.5
      },
      {
        "costOfGoodsSold": 1294.7,
        "dilutedAverageSharesOutstanding": 3.9,
        "dilutedEPS": 45.05,
        "ebit": 167.9,
        "grossIncome": 296.2,
        "interestExpense": 6.486,
        "interestIncomeExpense": -6.5,
        "netIncome": 175.7,
        "netIncomeAfterTaxes": 175.7,
        "period": "2020-03-31",
        "pretaxIncome": 161.4,
        "provisionforIncomeTaxes": -14.3,
        "revenue": 1591,
        "sgaExpense": 128.4,
        "totalOperatingExpense": 128.4
      },
      {
        "costOfGoodsSold": 1567.4,
        "dilutedAverageSharesOutstanding": 4,
        "dilutedEPS": 64.02,
        "ebit": 301.9,
        "grossIncome": 433.4,
        "interestExpense": 6.571,
        "interestIncomeExpense": -6.6,
        "netIncome": 256.1,
        "netIncomeAfterTaxes": 256.1,
        "period": "2019-12-31",
        "pretaxIncome": 295.3,
        "provisionforIncomeTaxes": 39.2,
        "revenue": 2000.8,
        "sgaExpense": 131.5,
        "totalOperatingExpense": 131.5
      },
      {
        "costOfGoodsSold": 1518.3,
        "dilutedAverageSharesOutstanding": 4,
        "dilutedEPS": 55.95,
        "ebit": 273.5,
        "grossIncome": 403.8,
        "interestExpense": 6.293,
        "interestIncomeExpense": -6.3,
        "netIncome": 223.8,
        "netIncomeAfterTaxes": 223.8,
        "period": "2019-09-30",
        "pretaxIncome": 267.2,
        "provisionforIncomeTaxes": 43.4,
        "revenue": 1922.1,
        "sgaExpense": 130.4,
        "totalOperatingExpense": 130.4
      },
      {
        "costOfGoodsSold": 1425.4,
        "dilutedAverageSharesOutstanding": 4,
        "dilutedEPS": 52.55,
        "ebit": 251,
        "grossIncome": 384.1,
        "interestExpense": 6.301,
        "interestIncomeExpense": -6.3,
        "netIncome": 210.2,
        "netIncomeAfterTaxes": 210.2,
        "period": "2019-06-30",
        "pretaxIncome": 244.7,
        "provisionforIncomeTaxes": 34.5,
        "revenue": 1809.4,
        "sgaExpense": 133,
        "totalOperatingExpense": 133
      },
      {
        "costOfGoodsSold": 1338.8,
        "dilutedAverageSharesOutstanding": 4,
        "dilutedEPS": 47.1,
        "ebit": 224.8,
        "grossIncome": 357.3,
        "interestExpense": 6.215,
        "interestIncomeExpense": -6.2,
        "netIncome": 188.4,
        "netIncomeAfterTaxes": 188.4,
        "period": "2019-03-31",
        "pretaxIncome": 218.6,
        "provisionforIncomeTaxes": 30.2,
        "revenue": 1696.1,
        "sgaExpense": 132.5,
        "totalOperatingExpense": 132.5
      },
      {
        "costOfGoodsSold": 1590.7,
        "dilutedAverageSharesOutstanding": 4,
        "dilutedEPS": 58.05,
        "ebit": 283.7,
        "grossIncome": 412.6,
        "interestExpense": 6.273,
        "interestIncomeExpense": -6.3,
        "netIncome": 232.2,
        "netIncomeAfterTaxes": 231.7,
        "period": "2018-12-31",
        "pretaxIncome": 277.4,
        "provisionforIncomeTaxes": 45.8,
        "revenue": 2003.4,
        "sgaExpense": 128.9,
        "totalOperatingExpense": 128.9
      },
      {
        "costOfGoodsSold": 1472.6,
        "dilutedAverageSharesOutstanding": 4.1,
        "dilutedEPS": 47.75,
        "ebit": 255.9,
        "grossIncome": 386.6,
        "interestExpense": 6.197,
        "interestIncomeExpense": -6.2,
        "netIncome": 195.8,
        "netIncomeAfterTaxes": 195.8,
        "period": "2018-09-30",
        "pretaxIncome": 249.7,
        "provisionforIncomeTaxes": 53.9,
        "revenue": 1859.3,
        "sgaExpense": 130.7,
        "totalOperatingExpense": 130.8
      },
      {
        "costOfGoodsSold": 1416.8,
        "dilutedAverageSharesOutstanding": 4.1,
        "dilutedEPS": 49.56,
        "ebit": 247.9,
        "grossIncome": 376.2,
        "interestExpense": 6.329,
        "interestIncomeExpense": -6.3,
        "netIncome": 203.2,
        "netIncomeAfterTaxes": 203.2,
        "period": "2018-06-30",
        "pretaxIncome": 241.6,
        "provisionforIncomeTaxes": 38.4,
        "revenue": 1793,
        "sgaExpense": 128.3,
        "totalOperatingExpense": 128.3
      },
      {
        "costOfGoodsSold": 1211.9,
        "dilutedAverageSharesOutstanding": 4.2,
        "dilutedEPS": 39.52,
        "ebit": 197.3,
        "grossIncome": 322.1,
        "interestExpense": 6.282,
        "interestIncomeExpense": -6.3,
        "netIncome": 166,
        "netIncomeAfterTaxes": 166,
        "period": "2018-03-31",
        "pretaxIncome": 191,
        "provisionforIncomeTaxes": 24.9,
        "revenue": 1534,
        "sgaExpense": 124.8,
        "totalOperatingExpense": 124.8
      },
      {
        "costOfGoodsSold": 1438.3,
        "dilutedAverageSharesOutstanding": 4.4,
        "dilutedEPS": 28.31,
        "ebit": 267.6,
        "grossIncome": 383.6,
        "interestExpense": 6.315,
        "interestIncomeExpense": -6.3,
        "netIncome": 124.6,
        "netIncomeAfterTaxes": 187.3,
        "period": "2017-12-31",
        "pretaxIncome": 261.3,
        "provisionforIncomeTaxes": 74,
        "revenue": 1821.9,
        "sgaExpense": 116,
        "totalOperatingExpense": 116
      },
      {
        "costOfGoodsSold": 1308,
        "dilutedAverageSharesOutstanding": 4.3,
        "dilutedEPS": 37.69,
        "ebit": 250.6,
        "grossIncome": 364.2,
        "interestExpense": 6.12,
        "interestIncomeExpense": -6.1,
        "netIncome": 162.1,
        "netIncomeAfterTaxes": 162.1,
        "period": "2017-09-30",
        "pretaxIncome": 244.5,
        "provisionforIncomeTaxes": 82.4,
        "revenue": 1672.2,
        "sgaExpense": 113.6,
        "totalOperatingExpense": 113.6
      },
      {
        "costOfGoodsSold": 1218.1,
        "dilutedAverageSharesOutstanding": 4.2,
        "dilutedEPS": 35.21,
        "ebit": 214.9,
        "grossIncome": 329.9,
        "interestExpense": 5.914,
        "interestIncomeExpense": -5.9,
        "netIncome": 147.9,
        "netIncomeAfterTaxes": 147.9,
        "period": "2017-06-30",
        "pretaxIncome": 209,
        "provisionforIncomeTaxes": 61.1,
        "revenue": 1548,
        "sgaExpense": 115,
        "totalOperatingExpense": 115
      },
      {
        "costOfGoodsSold": 1026,
        "dilutedAverageSharesOutstanding": 4.1,
        "dilutedEPS": 25.09,
        "ebit": 138,
        "grossIncome": 254.1,
        "interestExpense": 5.836,
        "interestIncomeExpense": -5.8,
        "netIncome": 102.9,
        "netIncomeAfterTaxes": 102.9,
        "period": "2017-03-31",
        "pretaxIncome": 132.2,
        "provisionforIncomeTaxes": 29.2,
        "revenue": 1280.2,
        "sgaExpense": 116.2,
        "totalOperatingExpense": 116.2
      },
      {
        "costOfGoodsSold": 1413.4,
        "dilutedAverageSharesOutstanding": 4,
        "dilutedEPS": 37.72,
        "ebit": 234.8,
        "grossIncome": 342.9,
        "interestExpense": 6.181,
        "interestIncomeExpense": -6.2,
        "netIncome": 150.9,
        "netIncomeAfterTaxes": 150.9,
        "period": "2016-12-31",
        "pretaxIncome": 228.7,
        "provisionforIncomeTaxes": 77.8,
        "revenue": 1756.3,
        "sgaExpense": 108.1,
        "totalOperatingExpense": 108.1
      },
      {
        "costOfGoodsSold": 1242.3,
        "dilutedAverageSharesOutstanding": 4.1,
        "dilutedEPS": 28.63,
        "ebit": 190.6,
        "grossIncome": 298.5,
        "interestExpense": 5.624,
        "interestIncomeExpense": -5.6,
        "netIncome": 117.4,
        "netIncomeAfterTaxes": 117.4,
        "period": "2016-09-30",
        "pretaxIncome": 185,
        "provisionforIncomeTaxes": 67.6,
        "revenue": 1540.7,
        "sgaExpense": 107.8,
        "totalOperatingExpense": 107.8
      },
      {
        "costOfGoodsSold": 1126.4,
        "dilutedAverageSharesOutstanding": 4.2,
        "dilutedEPS": 21.83,
        "ebit": 149.5,
        "grossIncome": 264.4,
        "interestExpense": 4.814,
        "interestIncomeExpense": -4.8,
        "netIncome": 91.7,
        "netIncomeAfterTaxes": 91.7,
        "period": "2016-06-30",
        "pretaxIncome": 144.7,
        "provisionforIncomeTaxes": 53,
        "revenue": 1390.8,
        "sgaExpense": 114.9,
        "totalOperatingExpense": 114.8
      },
      {
        "costOfGoodsSold": 925.8,
        "dilutedAverageSharesOutstanding": 4.1,
        "dilutedEPS": 15.92,
        "ebit": 108.4,
        "grossIncome": 221,
        "interestExpense": 5.088,
        "interestIncomeExpense": -5.1,
        "netIncome": 65.3,
        "netIncomeAfterTaxes": 65.3,
        "period": "2016-03-31",
        "pretaxIncome": 103.3,
        "provisionforIncomeTaxes": 38,
        "revenue": 1146.7,
        "sgaExpense": 112.6,
        "totalOperatingExpense": 112.5
      },
      {
        "costOfGoodsSold": 1238.6,
        "dilutedAverageSharesOutstanding": 4.2,
        "dilutedEPS": 31.9,
        "ebit": 212.8,
        "grossIncome": 319.7,
        "interestExpense": 5.604,
        "interestIncomeExpense": -5.6,
        "netIncome": 134,
        "netIncomeAfterTaxes": 134,
        "period": "2015-12-31",
        "pretaxIncome": 207.2,
        "provisionforIncomeTaxes": 73.2,
        "revenue": 1558.3,
        "sgaExpense": 106.9,
        "totalOperatingExpense": 106.9
      },
      {
        "costOfGoodsSold": 1111.7,
        "dilutedAverageSharesOutstanding": 4.3,
        "dilutedEPS": 27.11,
        "ebit": 191.1,
        "grossIncome": 293.7,
        "interestExpense": 6.081,
        "interestIncomeExpense": -6.1,
        "netIncome": 116.5,
        "netIncomeAfterTaxes": 116.5,
        "period": "2015-09-30",
        "pretaxIncome": 185,
        "provisionforIncomeTaxes": 68.5,
        "revenue": 1405.3,
        "sgaExpense": 102.6,
        "totalOperatingExpense": 102.6
      }
    ],
    "symbol": "NVR"
  }
}