{
  "symbol": "PNR",
  "statement": "ic",
  "frequency": "quarterly",
  "timestamp": "2025-09-19T14:05:24.992263",
  "data": {
    "financials": [
      {
        "costOfGoodsSold": 651,
        "dilutedAverageSharesOutstanding": 165.7,
        "dilutedEPS": 0.8962,
        "ebit": 245.7,
        "grossIncome": 472.1,
        "interestIncomeExpense": -17.9,
        "netIncome": 148.5,
        "netIncomeAfterTaxes": 148.5,
        "nonRecurringItems": -54.3,
        "period": "2025-06-30",
        "pretaxIncome": 172.5,
        "provisionforIncomeTaxes": 24,
        "researchDevelopment": 25.1,
        "revenue": 1123.1,
        "sgaExpense": 201.3,
        "totalOperatingExpense": 226.4,
        "totalOtherIncomeExpenseNet": -1
      },
      {
        "costOfGoodsSold": 597.4,
        "dilutedAverageSharesOutstanding": 166.3,
        "dilutedEPS": 0.9315,
        "ebit": 221.9,
        "grossIncome": 413,
        "interestIncomeExpense": -19.7,
        "netIncome": 154.9,
        "netIncomeAfterTaxes": 154.9,
        "nonRecurringItems": -18.8,
        "period": "2025-03-31",
        "pretaxIncome": 182.9,
        "provisionforIncomeTaxes": 28,
        "researchDevelopment": 23.6,
        "revenue": 1010.4,
        "sgaExpense": 167.5,
        "totalOperatingExpense": 191.1,
        "totalOtherIncomeExpenseNet": -0.5
      },
      {
        "costOfGoodsSold": 590.4,
        "dilutedAverageSharesOutstanding": 166.8,
        "dilutedEPS": 0.9976,
        "ebit": 210.6,
        "grossIncome": 382.5,
        "interestIncomeExpense": -15.2,
        "netIncome": 166.4,
        "netIncomeAfterTaxes": 166.4,
        "nonRecurringItems": -15.5,
        "period": "2024-12-31",
        "pretaxIncome": 184.4,
        "provisionforIncomeTaxes": 18,
        "researchDevelopment": 21.8,
        "revenue": 972.9,
        "sgaExpense": 150.1,
        "totalOperatingExpense": 171.9,
        "totalOtherIncomeExpenseNet": 4.5
      },
      {
        "costOfGoodsSold": 571.9,
        "dilutedAverageSharesOutstanding": 167,
        "dilutedEPS": 0.8359,
        "ebit": 220.1,
        "grossIncome": 421.5,
        "interestIncomeExpense": -19.8,
        "netIncome": 139.6,
        "netIncomeAfterTaxes": 139.6,
        "nonRecurringItems": -40.2,
        "period": "2024-09-30",
        "pretaxIncome": 160.2,
        "provisionforIncomeTaxes": 20.6,
        "researchDevelopment": 22.9,
        "revenue": 993.4,
        "sgaExpense": 178.5,
        "totalOperatingExpense": 201.4,
        "totalOtherIncomeExpenseNet": 0.1
      },
      {
        "costOfGoodsSold": 656.1,
        "dilutedAverageSharesOutstanding": 167.3,
        "dilutedEPS": 1.1124,
        "ebit": 273,
        "grossIncome": 443.2,
        "interestIncomeExpense": -26.3,
        "netIncome": 186.1,
        "netIncomeAfterTaxes": 186.1,
        "nonRecurringItems": -25,
        "period": "2024-06-30",
        "pretaxIncome": 220.9,
        "provisionforIncomeTaxes": 34.8,
        "researchDevelopment": 24.8,
        "revenue": 1099.3,
        "sgaExpense": 145.4,
        "totalOperatingExpense": 170.2,
        "totalOtherIncomeExpenseNet": -0.8
      },
      {
        "costOfGoodsSold": 622.1,
        "dilutedAverageSharesOutstanding": 167.2,
        "dilutedEPS": 0.7984,
        "ebit": 203.1,
        "grossIncome": 395.1,
        "interestIncomeExpense": -27.3,
        "netIncome": 133.3,
        "netIncomeAfterTaxes": 133.5,
        "nonRecurringItems": -22.3,
        "period": "2024-03-31",
        "pretaxIncome": 153.4,
        "provisionforIncomeTaxes": 19.9,
        "researchDevelopment": 24.1,
        "revenue": 1017.2,
        "sgaExpense": 167.9,
        "totalOperatingExpense": 192,
        "totalOtherIncomeExpenseNet": -0.1
      },
      {
        "costOfGoodsSold": 618.5,
        "dilutedAverageSharesOutstanding": 166.6,
        "dilutedEPS": 1.2491,
        "ebit": 183.3,
        "grossIncome": 366.1,
        "interestIncomeExpense": -26.6,
        "netIncome": 208,
        "netIncomeAfterTaxes": 208.1,
        "nonRecurringItems": -16.3,
        "period": "2023-12-31",
        "pretaxIncome": 134,
        "provisionforIncomeTaxes": -74.1,
        "researchDevelopment": 23.5,
        "revenue": 984.6,
        "sgaExpense": 159.3,
        "totalOperatingExpense": 182.8,
        "totalOtherIncomeExpenseNet": -6.4
      },
      {
        "costOfGoodsSold": 637,
        "dilutedAverageSharesOutstanding": 166.6,
        "dilutedEPS": 0.7929,
        "ebit": 193.6,
        "grossIncome": 371.8,
        "interestIncomeExpense": -27.5,
        "netIncome": 132.1,
        "netIncomeAfterTaxes": 132.1,
        "nonRecurringItems": -13.5,
        "period": "2023-09-30",
        "pretaxIncome": 152.9,
        "provisionforIncomeTaxes": 20.8,
        "researchDevelopment": 25.5,
        "revenue": 1008.8,
        "sgaExpense": 152.7,
        "totalOperatingExpense": 178.2,
        "totalOtherIncomeExpenseNet": 0.3
      },
      {
        "costOfGoodsSold": 683,
        "dilutedAverageSharesOutstanding": 166.1,
        "dilutedEPS": 0.9284,
        "ebit": 214.5,
        "grossIncome": 399.5,
        "interestIncomeExpense": -31.8,
        "netIncome": 152.9,
        "netIncomeAfterTaxes": 154.2,
        "nonRecurringItems": -6,
        "period": "2023-06-30",
        "pretaxIncome": 181.5,
        "provisionforIncomeTaxes": 27.3,
        "researchDevelopment": 25.9,
        "revenue": 1082.5,
        "sgaExpense": 159.1,
        "totalOperatingExpense": 185,
        "totalOtherIncomeExpenseNet": 4.8
      },
      {
        "costOfGoodsSold": 646.8,
        "dilutedAverageSharesOutstanding": 165.8,
        "dilutedEPS": 0.775,
        "ebit": 192.1,
        "grossIncome": 381.8,
        "interestIncomeExpense": -32.4,
        "netIncome": 129.7,
        "netIncomeAfterTaxes": 128.5,
        "nonRecurringItems": -8.5,
        "period": "2023-03-31",
        "pretaxIncome": 150.5,
        "provisionforIncomeTaxes": 22,
        "researchDevelopment": 24.9,
        "revenue": 1028.6,
        "sgaExpense": 164.8,
        "totalOperatingExpense": 189.7,
        "totalOtherIncomeExpenseNet": -0.7
      },
      {
        "costOfGoodsSold": 678.1,
        "dilutedAverageSharesOutstanding": 165,
        "dilutedEPS": 0.5836,
        "ebit": 129.7,
        "grossIncome": 324.8,
        "interestIncomeExpense": -27.6,
        "netIncome": 95,
        "netIncomeAfterTaxes": 96.3,
        "nonRecurringItems": -18.1,
        "period": "2022-12-31",
        "pretaxIncome": 101.4,
        "provisionforIncomeTaxes": 5.1,
        "researchDevelopment": 23.1,
        "revenue": 1002.9,
        "sgaExpense": 172,
        "totalOperatingExpense": 195.1,
        "totalOtherIncomeExpenseNet": 17.4
      },
      {
        "costOfGoodsSold": 707,
        "dilutedAverageSharesOutstanding": 165.2,
        "dilutedEPS": 0.6986,
        "ebit": 171.4,
        "grossIncome": 348.1,
        "interestIncomeExpense": -19.3,
        "netIncome": 115.4,
        "netIncomeAfterTaxes": 115.4,
        "nonRecurringItems": -24.1,
        "period": "2022-09-30",
        "pretaxIncome": 127.7,
        "provisionforIncomeTaxes": 12.3,
        "researchDevelopment": 23.7,
        "revenue": 1055.1,
        "sgaExpense": 153,
        "totalOperatingExpense": 176.7,
        "totalOtherIncomeExpenseNet": -0.3
      },
      {
        "costOfGoodsSold": 704.7,
        "dilutedAverageSharesOutstanding": 165.5,
        "dilutedEPS": 0.9245,
        "ebit": 193.9,
        "grossIncome": 359.5,
        "interestIncomeExpense": -9.2,
        "netIncome": 152.9,
        "netIncomeAfterTaxes": 153,
        "nonRecurringItems": -3.1,
        "period": "2022-06-30",
        "pretaxIncome": 181.5,
        "provisionforIncomeTaxes": 28.5,
        "researchDevelopment": 23.1,
        "revenue": 1064.2,
        "sgaExpense": 142.5,
        "totalOperatingExpense": 165.6,
        "totalOtherIncomeExpenseNet": -0.1
      },
      {
        "costOfGoodsSold": 667.4,
        "dilutedAverageSharesOutstanding": 166.5,
        "dilutedEPS": 0.7117,
        "ebit": 153.4,
        "grossIncome": 332.2,
        "interestIncomeExpense": -5.7,
        "netIncome": 117.6,
        "netIncomeAfterTaxes": 118.5,
        "nonRecurringItems": -7.6,
        "period": "2022-03-31",
        "pretaxIncome": 140,
        "provisionforIncomeTaxes": 21.5,
        "researchDevelopment": 22.3,
        "revenue": 999.6,
        "sgaExpense": 156.5,
        "totalOperatingExpense": 178.8,
        "totalOtherIncomeExpenseNet": -0.1
      },
      {
        "costOfGoodsSold": 660.4,
        "dilutedAverageSharesOutstanding": 166.9,
        "dilutedEPS": 0.8904,
        "ebit": 160.4,
        "grossIncome": 328.2,
        "interestIncomeExpense": -1,
        "netIncome": 148.7,
        "netIncomeAfterTaxes": 148.6,
        "nonRecurringItems": -9.7,
        "period": "2021-12-31",
        "pretaxIncome": 151.7,
        "provisionforIncomeTaxes": 3.1,
        "researchDevelopment": 21.5,
        "revenue": 988.6,
        "sgaExpense": 146.3,
        "totalOperatingExpense": 167.8,
        "totalOtherIncomeExpenseNet": 2
      },
      {
        "costOfGoodsSold": 634.4,
        "dilutedAverageSharesOutstanding": 167.6,
        "dilutedEPS": 0.8574,
        "ebit": 167.3,
        "grossIncome": 334.8,
        "interestIncomeExpense": -2.6,
        "netIncome": 143.6,
        "netIncomeAfterTaxes": 143.7,
        "nonRecurringItems": 1.4,
        "period": "2021-09-30",
        "pretaxIncome": 165.8,
        "provisionforIncomeTaxes": 22.1,
        "researchDevelopment": 21.9,
        "revenue": 969.2,
        "sgaExpense": 145.6,
        "totalOperatingExpense": 167.5,
        "totalOtherIncomeExpenseNet": -0.3
      },
      {
        "costOfGoodsSold": 600.1,
        "dilutedAverageSharesOutstanding": 167.8,
        "dilutedEPS": 0.7902,
        "ebit": 167.9,
        "grossIncome": 341,
        "interestIncomeExpense": -3.8,
        "netIncome": 132.1,
        "netIncomeAfterTaxes": 132.6,
        "nonRecurringItems": -6.1,
        "period": "2021-06-30",
        "pretaxIncome": 157.7,
        "provisionforIncomeTaxes": 25.1,
        "researchDevelopment": 21,
        "revenue": 941.1,
        "sgaExpense": 152.1,
        "totalOperatingExpense": 173.1,
        "totalOtherIncomeExpenseNet": -0.3
      },
      {
        "costOfGoodsSold": 550.7,
        "dilutedAverageSharesOutstanding": 167.7,
        "dilutedEPS": 0.78,
        "ebit": 158.2,
        "grossIncome": 315.2,
        "interestIncomeExpense": -5.1,
        "netIncome": 128.6,
        "netIncomeAfterTaxes": 131.1,
        "nonRecurringItems": -1.1,
        "period": "2021-03-31",
        "pretaxIncome": 151.6,
        "provisionforIncomeTaxes": 20.5,
        "researchDevelopment": 21.5,
        "revenue": 865.9,
        "sgaExpense": 135.5,
        "totalOperatingExpense": 157,
        "totalOtherIncomeExpenseNet": -0.4
      },
      {
        "costOfGoodsSold": 512.5,
        "dilutedAverageSharesOutstanding": 167.4,
        "dilutedEPS": 0.6,
        "ebit": 130,
        "grossIncome": 283.5,
        "interestIncomeExpense": -3.9,
        "netIncome": 103,
        "netIncomeAfterTaxes": 99.8,
        "nonRecurringItems": -8.5,
        "period": "2020-12-31",
        "pretaxIncome": 110.7,
        "provisionforIncomeTaxes": 10.9,
        "researchDevelopment": 20.1,
        "revenue": 796,
        "sgaExpense": 133.4,
        "totalOperatingExpense": 153.5,
        "totalOtherIncomeExpenseNet": -6.9
      },
      {
        "costOfGoodsSold": 521.1,
        "dilutedAverageSharesOutstanding": 167.1,
        "dilutedEPS": 0.66,
        "ebit": 129.9,
        "grossIncome": 277.4,
        "interestIncomeExpense": -5.4,
        "netIncome": 110.8,
        "netIncomeAfterTaxes": 110.8,
        "nonRecurringItems": -1.8,
        "period": "2020-09-30",
        "pretaxIncome": 125.2,
        "provisionforIncomeTaxes": 14.4,
        "researchDevelopment": 19.3,
        "revenue": 798.5,
        "sgaExpense": 128.2,
        "totalOperatingExpense": 147.5,
        "totalOtherIncomeExpenseNet": 2.5
      },
      {
        "costOfGoodsSold": 468.2,
        "dilutedAverageSharesOutstanding": 166.4,
        "dilutedEPS": 0.44,
        "ebit": 112.2,
        "grossIncome": 245.1,
        "interestIncomeExpense": -7.7,
        "netIncome": 72.1,
        "netIncomeAfterTaxes": 73.8,
        "nonRecurringItems": -1.2,
        "period": "2020-06-30",
        "pretaxIncome": 103.6,
        "provisionforIncomeTaxes": 29.8,
        "researchDevelopment": 17.3,
        "revenue": 713.3,
        "sgaExpense": 115.6,
        "totalOperatingExpense": 132.9,
        "totalOtherIncomeExpenseNet": 0.3
      },
      {
        "costOfGoodsSold": 458.4,
        "dilutedAverageSharesOutstanding": 168.7,
        "dilutedEPS": 0.43,
        "ebit": 103.4,
        "grossIncome": 251.6,
        "interestIncomeExpense": -6.9,
        "netIncome": 72.7,
        "netIncomeAfterTaxes": 72.7,
        "nonRecurringItems": -2.7,
        "period": "2020-03-31",
        "pretaxIncome": 92.6,
        "provisionforIncomeTaxes": 19.9,
        "researchDevelopment": 19,
        "revenue": 710,
        "sgaExpense": 129.2,
        "totalOperatingExpense": 148.2,
        "totalOtherIncomeExpenseNet": -1.2
      },
      {
        "costOfGoodsSold": 481,
        "dilutedAverageSharesOutstanding": 170.7,
        "dilutedEPS": 0.57,
        "ebit": 125.6,
        "grossIncome": 274.2,
        "interestIncomeExpense": -6.5,
        "netIncome": 97.8,
        "netIncomeAfterTaxes": 102.9,
        "nonRecurringItems": -4.4,
        "period": "2019-12-31",
        "pretaxIncome": 105.9,
        "provisionforIncomeTaxes": 3,
        "researchDevelopment": 17.7,
        "revenue": 755.2,
        "sgaExpense": 130.9,
        "totalOperatingExpense": 148.6,
        "totalOtherIncomeExpenseNet": -8.8
      },
      {
        "costOfGoodsSold": 458.6,
        "dilutedAverageSharesOutstanding": 168.6,
        "dilutedEPS": 0.54,
        "ebit": 111.7,
        "grossIncome": 255,
        "interestIncomeExpense": -6.9,
        "netIncome": 92.3,
        "netIncomeAfterTaxes": 91.3,
        "nonRecurringItems": -3,
        "period": "2019-09-30",
        "pretaxIncome": 101.2,
        "provisionforIncomeTaxes": 9.9,
        "researchDevelopment": 19.8,
        "revenue": 713.6,
        "sgaExpense": 123.5,
        "totalOperatingExpense": 143.3,
        "totalOtherIncomeExpenseNet": -0.6
      },
      {
        "costOfGoodsSold": 512.8,
        "dilutedAverageSharesOutstanding": 170.5,
        "dilutedEPS": 0.68,
        "ebit": 140.5,
        "grossIncome": 286.7,
        "interestIncomeExpense": -9.4,
        "netIncome": 114.3,
        "netIncomeAfterTaxes": 115.1,
        "nonRecurringItems": -6.8,
        "period": "2019-06-30",
        "pretaxIncome": 137.2,
        "provisionforIncomeTaxes": 22.1,
        "researchDevelopment": 20.7,
        "revenue": 799.5,
        "sgaExpense": 125.5,
        "totalOperatingExpense": 146.2,
        "totalOtherIncomeExpenseNet": 12.9
      },
      {
        "costOfGoodsSold": 453.3,
        "dilutedAverageSharesOutstanding": 172.5,
        "dilutedEPS": 0.3,
        "ebit": 68.7,
        "grossIncome": 235.6,
        "interestIncomeExpense": -7.3,
        "netIncome": 51.3,
        "netIncomeAfterTaxes": 52.4,
        "nonRecurringItems": 2.4,
        "period": "2019-03-31",
        "pretaxIncome": 63.2,
        "provisionforIncomeTaxes": 10.8,
        "researchDevelopment": 20.7,
        "revenue": 688.9,
        "sgaExpense": 146.2,
        "totalOperatingExpense": 166.9,
        "totalOtherIncomeExpenseNet": -0.6
      },
      {
        "costOfGoodsSold": 472.5,
        "dilutedAverageSharesOutstanding": 173.7,
        "dilutedEPS": 0.54,
        "ebit": 119.5,
        "grossIncome": 268,
        "interestIncomeExpense": -4.7,
        "netIncome": 92.9,
        "netIncomeAfterTaxes": 94.2,
        "nonRecurringItems": -7.4,
        "period": "2018-12-31",
        "pretaxIncome": 105.8,
        "provisionforIncomeTaxes": 11.6,
        "researchDevelopment": 19.7,
        "revenue": 740.5,
        "sgaExpense": 128.8,
        "totalOperatingExpense": 148.5,
        "totalOtherIncomeExpenseNet": -1.6
      },
      {
        "costOfGoodsSold": 467.6,
        "dilutedAverageSharesOutstanding": 175.7,
        "dilutedEPS": 0.62,
        "ebit": 111.9,
        "grossIncome": 243.8,
        "interestIncomeExpense": -4.3,
        "netIncome": 110.1,
        "netIncomeAfterTaxes": 117.8,
        "nonRecurringItems": -3.7,
        "period": "2018-09-30",
        "pretaxIncome": 101.8,
        "provisionforIncomeTaxes": -16,
        "researchDevelopment": 19.1,
        "revenue": 711.4,
        "sgaExpense": 112.8,
        "totalOperatingExpense": 131.9,
        "totalOtherIncomeExpenseNet": -2.1
      },
      {
        "costOfGoodsSold": 498,
        "dilutedAverageSharesOutstanding": 178.6,
        "dilutedEPS": 0.23,
        "ebit": 147.6,
        "grossIncome": 282.6,
        "interestIncomeExpense": -10.1,
        "netIncome": 41.5,
        "netIncomeAfterTaxes": 77.9,
        "nonRecurringItems": -43,
        "period": "2018-06-30",
        "pretaxIncome": 98.7,
        "provisionforIncomeTaxes": 20.8,
        "researchDevelopment": 19.1,
        "revenue": 780.6,
        "sgaExpense": 115.9,
        "totalOperatingExpense": 135,
        "totalOtherIncomeExpenseNet": 4.2
      },
      {
        "costOfGoodsSold": 479.3,
        "dilutedAverageSharesOutstanding": 181.5,
        "dilutedEPS": 0.56,
        "ebit": 98.3,
        "grossIncome": 253.3,
        "interestIncomeExpense": -13.5,
        "netIncome": 102.9,
        "netIncomeAfterTaxes": 58.4,
        "nonRecurringItems": -10.9,
        "period": "2018-03-31",
        "pretaxIncome": 73.5,
        "provisionforIncomeTaxes": 15.1,
        "researchDevelopment": 18.8,
        "revenue": 732.6,
        "sgaExpense": 136.2,
        "totalOperatingExpense": 155,
        "totalOtherIncomeExpenseNet": -0.4
      },
      {
        "costOfGoodsSold": 467.1,
        "dilutedAverageSharesOutstanding": 183.7,
        "dilutedEPS": 1.03,
        "ebit": 94.7,
        "grossIncome": 253.7,
        "interestIncomeExpense": -13.1,
        "netIncome": 189.6,
        "netIncomeAfterTaxes": 118.8,
        "nonRecurringItems": -9.7,
        "period": "2017-12-31",
        "pretaxIncome": 62.5,
        "provisionforIncomeTaxes": -56.3,
        "researchDevelopment": 18.5,
        "revenue": 720.8,
        "sgaExpense": 140.5,
        "totalOperatingExpense": 159,
        "totalOtherIncomeExpenseNet": -9.4
      },
      {
        "costOfGoodsSold": 451.1,
        "dilutedAverageSharesOutstanding": 183.5,
        "dilutedEPS": 0.68,
        "ebit": 103.2,
        "grossIncome": 236.5,
        "interestIncomeExpense": -13.9,
        "netIncome": 125.4,
        "netIncomeAfterTaxes": 48.9,
        "nonRecurringItems": -5.2,
        "period": "2017-09-30",
        "pretaxIncome": 83,
        "provisionforIncomeTaxes": 34.1,
        "researchDevelopment": 17.9,
        "revenue": 687.6,
        "sgaExpense": 115.4,
        "totalOperatingExpense": 133.3,
        "totalOtherIncomeExpenseNet": -1.1
      },
      {
        "costOfGoodsSold": 480.4,
        "dilutedAverageSharesOutstanding": 181.7,
        "dilutedEPS": 1.45,
        "ebit": 135.1,
        "grossIncome": 273.6,
        "interestIncomeExpense": -25.3,
        "netIncome": 263.7,
        "netIncomeAfterTaxes": -3.4,
        "nonRecurringItems": -107.3,
        "period": "2017-06-30",
        "pretaxIncome": 1.6,
        "provisionforIncomeTaxes": 5,
        "researchDevelopment": 17.7,
        "revenue": 754,
        "sgaExpense": 120.8,
        "totalOperatingExpense": 138.5,
        "totalOtherIncomeExpenseNet": -0.9
      },
      {
        "costOfGoodsSold": 459.6,
        "dilutedAverageSharesOutstanding": 181.8,
        "dilutedEPS": 0.48,
        "ebit": 73.5,
        "grossIncome": 223.7,
        "interestIncomeExpense": -35,
        "netIncome": 87.8,
        "netIncomeAfterTaxes": 12.7,
        "nonRecurringItems": -11.6,
        "period": "2017-03-31",
        "pretaxIncome": 25.7,
        "provisionforIncomeTaxes": 13,
        "researchDevelopment": 19.1,
        "revenue": 683.3,
        "sgaExpense": 131.1,
        "totalOperatingExpense": 150.2,
        "totalOtherIncomeExpenseNet": -1.2
      },
      {
        "costOfGoodsSold": -526.4,
        "dilutedAverageSharesOutstanding": 187.4,
        "dilutedEPS": 0.69,
        "ebit": -192.2,
        "grossIncome": -394.9,
        "interestIncomeExpense": -36.9,
        "netIncome": 131,
        "netIncomeAfterTaxes": -163.8,
        "nonRecurringItems": 3.8,
        "period": "2016-12-31",
        "pretaxIncome": -214.8,
        "provisionforIncomeTaxes": -51,
        "researchDevelopment": -13.6,
        "revenue": -921.3,
        "sgaExpense": -189.1,
        "totalOperatingExpense": -202.7,
        "totalOtherIncomeExpenseNet": 10.5
      },
      {
        "costOfGoodsSold": 769.8,
        "dilutedAverageSharesOutstanding": 183.6,
        "dilutedEPS": 0.76,
        "ebit": 190.1,
        "grossIncome": 440.9,
        "interestIncomeExpense": -33.1,
        "netIncome": 141,
        "netIncomeAfterTaxes": 117.5,
        "nonRecurringItems": -7.3,
        "period": "2016-09-30",
        "pretaxIncome": 149.7,
        "provisionforIncomeTaxes": 32.2,
        "researchDevelopment": 29.7,
        "revenue": 1210.7,
        "sgaExpense": 221.1,
        "totalOperatingExpense": 250.8
      },
      {
        "costOfGoodsSold": 819.4,
        "dilutedAverageSharesOutstanding": 183,
        "dilutedEPS": 0.78,
        "ebit": 215.5,
        "grossIncome": 481.8,
        "interestIncomeExpense": -34.3,
        "netIncome": 142.8,
        "netIncomeAfterTaxes": 132.7,
        "nonRecurringItems": -12.1,
        "period": "2016-06-30",
        "pretaxIncome": 169.1,
        "provisionforIncomeTaxes": 36.4,
        "researchDevelopment": 28.7,
        "revenue": 1301.2,
        "sgaExpense": 237.6,
        "totalOperatingExpense": 266.3
      },
      {
        "costOfGoodsSold": 758.7,
        "dilutedAverageSharesOutstanding": 182.4,
        "dilutedEPS": 0.58,
        "ebit": 153.2,
        "grossIncome": 431.3,
        "interestIncomeExpense": -35.8,
        "netIncome": 107.4,
        "netIncomeAfterTaxes": 91.8,
        "nonRecurringItems": -0.5,
        "period": "2016-03-31",
        "pretaxIncome": 116.9,
        "provisionforIncomeTaxes": 25.1,
        "researchDevelopment": 28.5,
        "revenue": 1190,
        "sgaExpense": 249.6,
        "totalOperatingExpense": 278.1
      },
      {
        "costOfGoodsSold": 856.5,
        "dilutedAverageSharesOutstanding": 180.9,
        "dilutedEPS": -2.5,
        "ebit": 195.4,
        "grossIncome": 432.5,
        "interestExpense": 39.1,
        "interestIncomeExpense": -34.2,
        "netIncome": -453.3,
        "netIncomeAfterTaxes": 104,
        "nonRecurringItems": -26.9,
        "period": "2015-12-31",
        "pretaxIncome": 134.3,
        "provisionforIncomeTaxes": 30.3,
        "researchDevelopment": 26.4,
        "revenue": 1289,
        "sgaExpense": 210.7,
        "totalOperatingExpense": 237.1
      },
      {
        "costOfGoodsSold": 718.1,
        "dilutedAverageSharesOutstanding": 182.6,
        "dilutedEPS": 0.63,
        "ebit": 160.1,
        "grossIncome": 394.7,
        "interestIncomeExpense": -30.7,
        "netIncome": 115.2,
        "netIncomeAfterTaxes": 94.7,
        "nonRecurringItems": -7.2,
        "period": "2015-09-26",
        "pretaxIncome": 122.2,
        "provisionforIncomeTaxes": 27.5,
        "researchDevelopment": 24.8,
        "revenue": 1112.8,
        "sgaExpense": 209.8,
        "totalOperatingExpense": 234.6
      }
    ],
    "symbol": "PNR"
  }
}