{
  "symbol": "BG",
  "statement": "ic",
  "frequency": "annual",
  "timestamp": "2025-09-19T13:57:10.999178",
  "data": {
    "financials": [
      {
        "costOfGoodsSold": 49715,
        "dilutedAverageSharesOutstanding": 142,
        "dilutedEPS": 8.01,
        "ebit": 1617,
        "grossIncome": 3393,
        "interestExpense": 471,
        "interestIncomeExpense": -575,
        "minorityInterest": -11,
        "netIncome": 1137,
        "netIncomeAfterTaxes": 1148,
        "period": "2024-12-31",
        "pretaxIncome": 1484,
        "provisionforIncomeTaxes": 336,
        "revenue": 53108,
        "sgaExpense": 1776,
        "totalOperatingExpense": 1776,
        "totalOtherIncomeExpenseNet": 442,
        "year": 2024
      },
      {
        "costOfGoodsSold": 54687,
        "dilutedAverageSharesOutstanding": 150.788,
        "dilutedEPS": 14.88,
        "ebit": 3252,
        "grossIncome": 4853,
        "interestExpense": 516,
        "interestIncomeExpense": -192,
        "minorityInterest": -94,
        "netIncome": 2243,
        "netIncomeAfterTaxes": 2337,
        "nonRecurringItems": -158,
        "period": "2023-12-31",
        "pretaxIncome": 3051,
        "provisionforIncomeTaxes": 714,
        "revenue": 59540,
        "sgaExpense": 1601,
        "totalOperatingExpense": 1601,
        "totalOtherIncomeExpenseNet": 149,
        "year": 2023
      },
      {
        "costOfGoodsSold": 63445,
        "dilutedAverageSharesOutstanding": 153.135,
        "dilutedEPS": 10.51,
        "ebit": 2418,
        "grossIncome": 3787,
        "interestExpense": 403,
        "interestIncomeExpense": -378,
        "minorityInterest": -68,
        "netIncome": 1610,
        "netIncomeAfterTaxes": 1678,
        "nonRecurringItems": -105,
        "period": "2022-12-31",
        "pretaxIncome": 2066,
        "provisionforIncomeTaxes": 388,
        "revenue": 67232,
        "sgaExpense": 1369,
        "totalOperatingExpense": 1369,
        "totalOtherIncomeExpenseNet": 131,
        "year": 2022
      },
      {
        "costOfGoodsSold": 55619,
        "dilutedAverageSharesOutstanding": 152.367,
        "dilutedEPS": 13.42,
        "ebit": 2299,
        "gainLossOnDispositionOfAssets": 219,
        "grossIncome": 3533,
        "interestExpense": 243,
        "interestIncomeExpense": -26,
        "minorityInterest": -89,
        "netIncome": 2044,
        "netIncomeAfterTaxes": 2167,
        "nonRecurringItems": -170,
        "period": "2021-12-31",
        "pretaxIncome": 2565,
        "provisionforIncomeTaxes": 398,
        "revenue": 59152,
        "sgaExpense": 1234,
        "totalOperatingExpense": 1234,
        "totalOtherIncomeExpenseNet": 243,
        "year": 2021
      },
      {
        "costOfGoodsSold": 38619,
        "dilutedAverageSharesOutstanding": 149.69,
        "dilutedEPS": 7.49,
        "ebit": 1427,
        "grossIncome": 2785,
        "interestExpense": 265,
        "interestIncomeExpense": -122,
        "minorityInterest": -20,
        "netIncome": 1121,
        "netIncomeAfterTaxes": 1165,
        "nonRecurringItems": 0,
        "period": "2020-12-31",
        "pretaxIncome": 1413,
        "provisionforIncomeTaxes": 248,
        "revenue": 41404,
        "sgaExpense": 1358,
        "totalOperatingExpense": 1358,
        "totalOtherIncomeExpenseNet": 108,
        "year": 2020
      },
      {
        "costOfGoodsSold": 38920,
        "dilutedAverageSharesOutstanding": 141.492,
        "dilutedEPS": -9.34,
        "ebit": 906,
        "grossIncome": 2220,
        "interestExpense": 317,
        "interestIncomeExpense": -461,
        "minorityInterest": 11,
        "netIncome": -1322,
        "netIncomeAfterTaxes": -1302,
        "nonRecurringItems": -1825,
        "period": "2019-12-31",
        "pretaxIncome": -1205,
        "provisionforIncomeTaxes": 97,
        "revenue": 41140,
        "sgaExpense": 1314,
        "totalOperatingExpense": 1314,
        "totalOtherIncomeExpenseNet": 175,
        "year": 2019
      },
      {
        "costOfGoodsSold": 43467,
        "dilutedAverageSharesOutstanding": 141.704,
        "dilutedEPS": 1.64,
        "ebit": 860,
        "grossIncome": 2276,
        "interestExpense": 332,
        "interestIncomeExpense": -435,
        "minorityInterest": -20,
        "netIncome": 233,
        "netIncomeAfterTaxes": 236,
        "nonRecurringItems": -18,
        "period": "2018-12-31",
        "pretaxIncome": 456,
        "provisionforIncomeTaxes": 220,
        "revenue": 45743,
        "sgaExpense": 1416,
        "totalOperatingExpense": 1416,
        "totalOtherIncomeExpenseNet": 49,
        "year": 2018
      },
      {
        "costOfGoodsSold": 44030,
        "dilutedAverageSharesOutstanding": 141.265,
        "dilutedEPS": 0.89,
        "ebit": 319,
        "grossIncome": 1764,
        "interestExpense": 263,
        "interestIncomeExpense": -108,
        "minorityInterest": -14,
        "netIncome": 126,
        "netIncomeAfterTaxes": 207,
        "nonRecurringItems": -17,
        "period": "2017-12-31",
        "pretaxIncome": 230,
        "provisionforIncomeTaxes": 23,
        "revenue": 45794,
        "sgaExpense": 1445,
        "totalOperatingExpense": 1445,
        "totalOtherIncomeExpenseNet": 36,
        "year": 2017
      },
      {
        "costOfGoodsSold": 40269,
        "dilutedAverageSharesOutstanding": 148.226,
        "dilutedEPS": 4.78,
        "ebit": 1124,
        "grossIncome": 2410,
        "interestExpense": 234,
        "interestIncomeExpense": -69,
        "minorityInterest": -22,
        "netIncome": 709,
        "netIncomeAfterTaxes": 776,
        "nonRecurringItems": -71,
        "period": "2016-12-31",
        "pretaxIncome": 996,
        "provisionforIncomeTaxes": 220,
        "revenue": 42679,
        "sgaExpense": 1286,
        "totalOperatingExpense": 1286,
        "totalOtherIncomeExpenseNet": 12,
        "year": 2016
      },
      {
        "costOfGoodsSold": 40762,
        "dilutedAverageSharesOutstanding": 152.239,
        "dilutedEPS": 4.84,
        "ebit": 1258,
        "grossIncome": 2693,
        "interestExpense": 258,
        "interestIncomeExpense": -178,
        "minorityInterest": 1,
        "netIncome": 738,
        "netIncomeAfterTaxes": 755,
        "nonRecurringItems": -13,
        "period": "2015-12-31",
        "pretaxIncome": 1051,
        "provisionforIncomeTaxes": 296,
        "revenue": 43455,
        "sgaExpense": 1435,
        "totalOperatingExpense": 1435,
        "totalOtherIncomeExpenseNet": -16,
        "year": 2015
      }
    ],
    "symbol": "BG"
  }
}