{
  "symbol": "XYZ",
  "statement": "ic",
  "frequency": "quarterly",
  "timestamp": "2025-09-19T13:56:53.382509",
  "data": {
    "financials": [
      {
        "costOfGoodsSold": 3517.927,
        "depreciationAmortization": 33.891,
        "dilutedAverageSharesOutstanding": 618.928,
        "dilutedEPS": 0.8713,
        "ebit": 778.383,
        "grossIncome": 2536.53,
        "interestIncomeExpense": 190.06,
        "minorityInterest": 0.124,
        "netIncome": 538.458,
        "netIncomeAfterTaxes": 538.334,
        "nonRecurringItems": -294.09,
        "period": "2025-06-30",
        "pretaxIncome": 659.382,
        "provisionforIncomeTaxes": 121.048,
        "researchDevelopment": 725.288,
        "revenue": 6054.457,
        "sgaExpense": 998.968,
        "totalOperatingExpense": 1758.147,
        "totalOtherIncomeExpenseNet": -14.971
      },
      {
        "costOfGoodsSold": 3482.193,
        "depreciationAmortization": 33.656,
        "dilutedAverageSharesOutstanding": 623.0155,
        "dilutedEPS": 0.3073,
        "ebit": 498.991,
        "grossIncome": 2289.603,
        "interestIncomeExpense": -110.72,
        "minorityInterest": 1.15,
        "netIncome": 189.872,
        "netIncomeAfterTaxes": 188.722,
        "nonRecurringItems": -169.689,
        "period": "2025-03-31",
        "pretaxIncome": 227.05,
        "provisionforIncomeTaxes": 38.328,
        "researchDevelopment": 760.699,
        "revenue": 5771.796,
        "sgaExpense": 996.257,
        "totalOperatingExpense": 1790.612,
        "totalOtherIncomeExpenseNet": 8.468
      },
      {
        "costOfGoodsSold": 3721.163,
        "depreciationAmortization": 34.593,
        "dilutedAverageSharesOutstanding": 639.303,
        "dilutedEPS": 3.04,
        "ebit": 257.631,
        "grossIncome": 2311.398,
        "interestIncomeExpense": 437.525,
        "minorityInterest": 21.351,
        "netIncome": 1946.02,
        "netIncomeAfterTaxes": 14.821,
        "nonRecurringItems": -244.618,
        "period": "2024-12-31",
        "pretaxIncome": 277.794,
        "provisionforIncomeTaxes": 262.973,
        "researchDevelopment": 769.695,
        "revenue": 6032.561,
        "sgaExpense": 1249.479,
        "totalOperatingExpense": 2053.767,
        "totalOtherIncomeExpenseNet": -172.744
      },
      {
        "costOfGoodsSold": 3726.116,
        "depreciationAmortization": 36.021,
        "dilutedAverageSharesOutstanding": 632.76,
        "dilutedEPS": 0.45,
        "ebit": 515.071,
        "grossIncome": 2249.685,
        "interestIncomeExpense": -16.763,
        "minorityInterest": 2.618,
        "netIncome": 283.754,
        "netIncomeAfterTaxes": 281.136,
        "nonRecurringItems": -192.062,
        "period": "2024-09-30",
        "pretaxIncome": 324.147,
        "provisionforIncomeTaxes": 43.011,
        "researchDevelopment": 710.983,
        "revenue": 5975.801,
        "sgaExpense": 987.61,
        "totalOperatingExpense": 1734.614,
        "totalOtherIncomeExpenseNet": 17.901
      },
      {
        "costOfGoodsSold": 3922.083,
        "depreciationAmortization": 40.813,
        "dilutedAverageSharesOutstanding": 634.221,
        "dilutedEPS": 0.31,
        "ebit": 498.374,
        "grossIncome": 2233.48,
        "interestIncomeExpense": 5.465,
        "minorityInterest": 5.396,
        "netIncome": 195.268,
        "netIncomeAfterTaxes": 189.872,
        "nonRecurringItems": -191.812,
        "period": "2024-06-30",
        "pretaxIncome": 248.901,
        "provisionforIncomeTaxes": 59.029,
        "researchDevelopment": 713.163,
        "revenue": 6155.563,
        "sgaExpense": 981.13,
        "totalOperatingExpense": 1735.106,
        "totalOtherIncomeExpenseNet": -63.126
      },
      {
        "costOfGoodsSold": 3862.655,
        "depreciationAmortization": 43.282,
        "dilutedAverageSharesOutstanding": 637.36,
        "dilutedEPS": 0.74,
        "ebit": 415.472,
        "grossIncome": 2094.473,
        "interestIncomeExpense": 17.634,
        "minorityInterest": 1.185,
        "netIncome": 472.005,
        "netIncomeAfterTaxes": 470.82,
        "nonRecurringItems": -165.729,
        "period": "2024-03-31",
        "pretaxIncome": 506.312,
        "provisionforIncomeTaxes": 35.492,
        "researchDevelopment": 720.574,
        "revenue": 5957.128,
        "sgaExpense": 915.145,
        "totalOperatingExpense": 1679.001,
        "totalOtherIncomeExpenseNet": 238.935
      },
      {
        "costOfGoodsSold": 3747.29,
        "depreciationAmortization": 43.127,
        "dilutedAverageSharesOutstanding": 635.795,
        "dilutedEPS": 0.28,
        "ebit": 45.006,
        "grossIncome": 2025.752,
        "interestIncomeExpense": 19.016,
        "minorityInterest": 20.266,
        "netIncome": 178.07,
        "netIncomeAfterTaxes": 157.804,
        "nonRecurringItems": -175.658,
        "period": "2023-12-31",
        "pretaxIncome": 106.012,
        "provisionforIncomeTaxes": -51.792,
        "researchDevelopment": 685.422,
        "revenue": 5773.042,
        "sgaExpense": 1252.197,
        "totalOperatingExpense": 1980.746,
        "totalOtherIncomeExpenseNet": 217.648
      },
      {
        "costOfGoodsSold": 3719.044,
        "depreciationAmortization": 56.965,
        "dilutedAverageSharesOutstanding": 611.276,
        "dilutedEPS": -0.15,
        "ebit": 167.43,
        "grossIncome": 1898.449,
        "interestIncomeExpense": 21.998,
        "minorityInterest": 4.806,
        "netIncome": -88.738,
        "netIncomeAfterTaxes": -93.544,
        "nonRecurringItems": -177.338,
        "period": "2023-09-30",
        "pretaxIncome": -12.405,
        "provisionforIncomeTaxes": 81.139,
        "researchDevelopment": 713.788,
        "revenue": 5617.493,
        "sgaExpense": 960.266,
        "totalOperatingExpense": 1731.019,
        "totalOtherIncomeExpenseNet": -24.495
      },
      {
        "costOfGoodsSold": 3668.856,
        "depreciationAmortization": 36.865,
        "dilutedAverageSharesOutstanding": 606.692,
        "dilutedEPS": -0.17,
        "ebit": 47.664,
        "grossIncome": 1866.101,
        "interestIncomeExpense": 2.574,
        "minorityInterest": 3.336,
        "netIncome": -102.042,
        "netIncomeAfterTaxes": -105.378,
        "nonRecurringItems": -179.771,
        "period": "2023-06-30",
        "pretaxIncome": -113.528,
        "provisionforIncomeTaxes": -8.15,
        "researchDevelopment": 694.672,
        "revenue": 5534.957,
        "sgaExpense": 1086.9,
        "totalOperatingExpense": 1818.437,
        "totalOtherIncomeExpenseNet": 16.005
      },
      {
        "costOfGoodsSold": 3275.547,
        "depreciationAmortization": 37.087,
        "dilutedAverageSharesOutstanding": 623.579,
        "dilutedEPS": 0.16,
        "ebit": 121.724,
        "grossIncome": 1714.584,
        "interestIncomeExpense": -11.724,
        "minorityInterest": 2.488,
        "netIncome": 98.316,
        "netIncomeAfterTaxes": 95.828,
        "nonRecurringItems": -127.896,
        "period": "2023-03-31",
        "pretaxIncome": 74.706,
        "provisionforIncomeTaxes": -21.122,
        "researchDevelopment": 626.937,
        "revenue": 4990.131,
        "sgaExpense": 928.836,
        "totalOperatingExpense": 1592.86,
        "totalOtherIncomeExpenseNet": 92.602
      },
      {
        "costOfGoodsSold": 2990.707,
        "depreciationAmortization": 35.344,
        "dilutedAverageSharesOutstanding": 599.094,
        "dilutedEPS": -0.19,
        "ebit": 29.06,
        "grossIncome": 1660.195,
        "interestIncomeExpense": 28.071,
        "minorityInterest": 3.798,
        "netIncome": -113.823,
        "netIncomeAfterTaxes": -117.621,
        "nonRecurringItems": -164.241,
        "period": "2022-12-31",
        "pretaxIncome": -112.246,
        "provisionforIncomeTaxes": 5.375,
        "researchDevelopment": 604.524,
        "revenue": 4650.902,
        "sgaExpense": 991.267,
        "totalOperatingExpense": 1631.135,
        "totalOtherIncomeExpenseNet": -5.136
      },
      {
        "costOfGoodsSold": 2948.452,
        "depreciationAmortization": 37.361,
        "dilutedAverageSharesOutstanding": 592.672,
        "dilutedEPS": -0.02,
        "ebit": 100.416,
        "grossIncome": 1567.089,
        "interestIncomeExpense": -6.754,
        "minorityInterest": 4.033,
        "netIncome": -14.711,
        "netIncomeAfterTaxes": -18.744,
        "nonRecurringItems": -149.205,
        "period": "2022-09-30",
        "pretaxIncome": -36.033,
        "provisionforIncomeTaxes": -17.289,
        "researchDevelopment": 548.037,
        "revenue": 4515.541,
        "sgaExpense": 881.275,
        "totalOperatingExpense": 1466.673,
        "totalOtherIncomeExpenseNet": 19.51
      },
      {
        "costOfGoodsSold": 2934.851,
        "depreciationAmortization": 39.389,
        "dilutedAverageSharesOutstanding": 581.35,
        "dilutedEPS": -0.36,
        "ebit": -21.115,
        "grossIncome": 1469.648,
        "interestIncomeExpense": -18.081,
        "minorityInterest": 1.263,
        "netIncome": -208.014,
        "netIncomeAfterTaxes": -209.277,
        "nonRecurringItems": -192.658,
        "period": "2022-06-30",
        "pretaxIncome": -207.973,
        "provisionforIncomeTaxes": 1.304,
        "researchDevelopment": 524.827,
        "revenue": 4404.499,
        "sgaExpense": 926.547,
        "totalOperatingExpense": 1490.763,
        "totalOtherIncomeExpenseNet": 23.881
      },
      {
        "costOfGoodsSold": 2665.685,
        "dilutedAverageSharesOutstanding": 541.435,
        "dilutedEPS": -0.38,
        "ebit": -135.639,
        "grossIncome": 1294.96,
        "interestIncomeExpense": 33.993,
        "minorityInterest": 3.164,
        "netIncome": -204.199,
        "netIncomeAfterTaxes": -207.363,
        "nonRecurringItems": -91.15,
        "period": "2022-03-31",
        "pretaxIncome": -209.065,
        "provisionforIncomeTaxes": -1.702,
        "researchDevelopment": 484.761,
        "revenue": 3960.645,
        "sgaExpense": 945.838,
        "totalOperatingExpense": 1430.599,
        "totalOtherIncomeExpenseNet": -16.269
      },
      {
        "costOfGoodsSold": 2896.491,
        "dilutedAverageSharesOutstanding": 462.611,
        "dilutedEPS": -0.17,
        "ebit": 2.503,
        "grossIncome": 1182.043,
        "interestIncomeExpense": -18.513,
        "minorityInterest": 4.155,
        "netIncome": -76.829,
        "netIncomeAfterTaxes": -80.984,
        "nonRecurringItems": -57.117,
        "period": "2021-12-31",
        "pretaxIncome": -74.387,
        "provisionforIncomeTaxes": 6.597,
        "researchDevelopment": 395.841,
        "revenue": 4078.534,
        "sgaExpense": 783.699,
        "totalOperatingExpense": 1179.54,
        "totalOtherIncomeExpenseNet": -1.26
      },
      {
        "costOfGoodsSold": 2711.512,
        "dilutedAverageSharesOutstanding": 460.654,
        "dilutedEPS": 0,
        "ebit": 91.302,
        "grossIncome": 1133.215,
        "interestIncomeExpense": -20.245,
        "minorityInterest": 2.96,
        "netIncome": 0.084,
        "netIncomeAfterTaxes": -2.876,
        "nonRecurringItems": -68.306,
        "period": "2021-09-30",
        "pretaxIncome": -2.424,
        "provisionforIncomeTaxes": 0.452,
        "researchDevelopment": 366.587,
        "revenue": 3844.727,
        "sgaExpense": 675.326,
        "totalOperatingExpense": 1041.913,
        "totalOtherIncomeExpenseNet": -5.175
      },
      {
        "costOfGoodsSold": 3539.608,
        "dilutedAverageSharesOutstanding": 522.578,
        "dilutedEPS": 0.39,
        "ebit": 218.433,
        "grossIncome": 1141.064,
        "interestIncomeExpense": 70.28,
        "minorityInterest": 0.343,
        "netIncome": 204.021,
        "netIncomeAfterTaxes": 203.678,
        "nonRecurringItems": -93.439,
        "period": "2021-06-30",
        "pretaxIncome": 194.318,
        "provisionforIncomeTaxes": -9.36,
        "researchDevelopment": 326.51,
        "revenue": 4680.672,
        "sgaExpense": 596.121,
        "totalOperatingExpense": 922.631,
        "totalOtherIncomeExpenseNet": -0.956
      },
      {
        "costOfGoodsSold": 4093.769,
        "depreciationAmortization": 1.463,
        "dilutedAverageSharesOutstanding": 501.353,
        "dilutedEPS": 0.08,
        "ebit": 107.991,
        "grossIncome": 963.501,
        "interestIncomeExpense": -29.153,
        "netIncome": 39.008,
        "netIncomeAfterTaxes": 39.008,
        "nonRecurringItems": -40.255,
        "period": "2021-03-31",
        "pretaxIncome": 39.955,
        "provisionforIncomeTaxes": 0.947,
        "researchDevelopment": 308.678,
        "revenue": 5057.27,
        "sgaExpense": 545.369,
        "totalOperatingExpense": 855.51,
        "totalOtherIncomeExpenseNet": 1.372
      },
      {
        "costOfGoodsSold": 2355.28,
        "depreciationAmortization": 1.077,
        "dilutedAverageSharesOutstanding": 609.103,
        "dilutedEPS": 0.48,
        "ebit": 61.169,
        "grossIncome": 803.69,
        "interestIncomeExpense": 256.311,
        "netIncome": 293.959,
        "netIncomeAfterTaxes": 293.959,
        "nonRecurringItems": -15.986,
        "period": "2020-12-31",
        "pretaxIncome": 298.407,
        "provisionforIncomeTaxes": 4.448,
        "researchDevelopment": 253.448,
        "revenue": 3158.97,
        "sgaExpense": 487.996,
        "totalOperatingExpense": 742.521,
        "totalOtherIncomeExpenseNet": -3.087
      },
      {
        "costOfGoodsSold": 2239.419,
        "depreciationAmortization": 0.983,
        "dilutedAverageSharesOutstanding": 488.069,
        "dilutedEPS": 0.07,
        "ebit": 64.54,
        "grossIncome": 794.455,
        "interestIncomeExpense": -14.98,
        "netIncome": 36.515,
        "netIncomeAfterTaxes": 36.515,
        "nonRecurringItems": -15.198,
        "period": "2020-09-30",
        "pretaxIncome": 35.146,
        "provisionforIncomeTaxes": -1.369,
        "researchDevelopment": 226.567,
        "revenue": 3033.874,
        "sgaExpense": 502.365,
        "totalOperatingExpense": 729.915,
        "totalOtherIncomeExpenseNet": 0.784
      },
      {
        "costOfGoodsSold": 1326.862,
        "depreciationAmortization": 0.905,
        "dilutedAverageSharesOutstanding": 440.117,
        "dilutedEPS": -0.03,
        "ebit": 14.551,
        "grossIncome": 596.763,
        "interestIncomeExpense": 6.229,
        "netIncome": -11.478,
        "netIncomeAfterTaxes": -11.478,
        "nonRecurringItems": -37.603,
        "period": "2020-06-30",
        "pretaxIncome": -12.23,
        "provisionforIncomeTaxes": -0.752,
        "researchDevelopment": 206.825,
        "revenue": 1923.625,
        "sgaExpense": 374.482,
        "totalOperatingExpense": 582.212,
        "totalOtherIncomeExpenseNet": 4.593
      },
      {
        "costOfGoodsSold": 842.608,
        "depreciationAmortization": 0.89,
        "dilutedAverageSharesOutstanding": 434.94,
        "dilutedEPS": -0.24,
        "ebit": 18.595,
        "grossIncome": 538.501,
        "interestIncomeExpense": -9.206,
        "netIncome": -105.891,
        "netIncomeAfterTaxes": -105.891,
        "nonRecurringItems": -108.883,
        "period": "2020-03-31",
        "pretaxIncome": -105.356,
        "provisionforIncomeTaxes": 0.535,
        "researchDevelopment": 194.986,
        "revenue": 1381.109,
        "sgaExpense": 324.03,
        "totalOperatingExpense": 519.906,
        "totalOtherIncomeExpenseNet": -5.862
      },
      {
        "costOfGoodsSold": 786.38,
        "depreciationAmortization": 0.89,
        "dilutedAverageSharesOutstanding": 594.587,
        "dilutedEPS": 0.66,
        "ebit": 49.48,
        "grossIncome": 527.049,
        "interestIncomeExpense": -1.919,
        "netIncome": 390.94,
        "netIncomeAfterTaxes": 390.94,
        "nonRecurringItems": 341.313,
        "period": "2019-12-31",
        "pretaxIncome": 391.448,
        "provisionforIncomeTaxes": 0.508,
        "researchDevelopment": 173.284,
        "revenue": 1313.429,
        "sgaExpense": 303.395,
        "totalOperatingExpense": 477.569,
        "totalOtherIncomeExpenseNet": 2.574
      },
      {
        "costOfGoodsSold": 766.437,
        "depreciationAmortization": 1.003,
        "dilutedAverageSharesOutstanding": 466.099,
        "dilutedEPS": 0.06,
        "ebit": 64.816,
        "grossIncome": 500.037,
        "interestIncomeExpense": -3.17,
        "netIncome": 29.397,
        "netIncomeAfterTaxes": 29.397,
        "nonRecurringItems": -32.722,
        "period": "2019-09-30",
        "pretaxIncome": 32.003,
        "provisionforIncomeTaxes": 2.606,
        "researchDevelopment": 168.771,
        "revenue": 1266.474,
        "sgaExpense": 265.447,
        "totalOperatingExpense": 435.221,
        "totalOtherIncomeExpenseNet": 3.079
      },
      {
        "costOfGoodsSold": 708.393,
        "depreciationAmortization": 1.294,
        "dilutedAverageSharesOutstanding": 423.305,
        "dilutedEPS": -0.02,
        "ebit": 33.421,
        "grossIncome": 465.845,
        "interestIncomeExpense": -9.985,
        "netIncome": -6.74,
        "netIncomeAfterTaxes": -6.74,
        "nonRecurringItems": -34.264,
        "period": "2019-06-30",
        "pretaxIncome": -7.216,
        "provisionforIncomeTaxes": -0.476,
        "researchDevelopment": 174.201,
        "revenue": 1174.238,
        "sgaExpense": 256.929,
        "totalOperatingExpense": 432.424,
        "totalOtherIncomeExpenseNet": 3.612
      },
      {
        "costOfGoodsSold": 562.605,
        "depreciationAmortization": 2.085,
        "dilutedAverageSharesOutstanding": 419.289,
        "dilutedEPS": -0.09,
        "ebit": 5.799,
        "grossIncome": 396.754,
        "interestIncomeExpense": -18.768,
        "netIncome": -38.151,
        "netIncomeAfterTaxes": -38.151,
        "nonRecurringItems": -27.841,
        "period": "2019-03-31",
        "pretaxIncome": -38.022,
        "provisionforIncomeTaxes": 0.129,
        "researchDevelopment": 153.559,
        "revenue": 959.359,
        "sgaExpense": 235.311,
        "totalOperatingExpense": 390.955,
        "totalOtherIncomeExpenseNet": 2.788
      },
      {
        "costOfGoodsSold": 552.474,
        "depreciationAmortization": 2.127,
        "dilutedAverageSharesOutstanding": 413.984,
        "dilutedEPS": -0.07,
        "ebit": 21.366,
        "grossIncome": 380.054,
        "interestIncomeExpense": -21.742,
        "netIncome": -28.204,
        "netIncomeAfterTaxes": -28.204,
        "nonRecurringItems": -24.474,
        "period": "2018-12-31",
        "pretaxIncome": -27.723,
        "provisionforIncomeTaxes": 0.481,
        "researchDevelopment": 141.811,
        "revenue": 932.528,
        "sgaExpense": 214.75,
        "totalOperatingExpense": 358.688,
        "totalOtherIncomeExpenseNet": -2.873
      },
      {
        "costOfGoodsSold": 529.448,
        "depreciationAmortization": 1.294,
        "dilutedAverageSharesOutstanding": 474.915,
        "dilutedEPS": 0.04,
        "ebit": 13.729,
        "grossIncome": 352.66,
        "interestIncomeExpense": 29.684,
        "netIncome": 19.643,
        "netIncomeAfterTaxes": 19.643,
        "nonRecurringItems": -23.596,
        "period": "2018-09-30",
        "pretaxIncome": 20.709,
        "provisionforIncomeTaxes": 1.066,
        "researchDevelopment": 135.773,
        "revenue": 882.108,
        "sgaExpense": 201.864,
        "totalOperatingExpense": 338.931,
        "totalOtherIncomeExpenseNet": 0.892
      },
      {
        "costOfGoodsSold": 499.122,
        "depreciationAmortization": 0.672,
        "dilutedAverageSharesOutstanding": 403.301,
        "dilutedEPS": -0.01,
        "ebit": 19.329,
        "grossIncome": 315.816,
        "interestIncomeExpense": -2.655,
        "netIncome": -5.906,
        "netIncomeAfterTaxes": -5.906,
        "nonRecurringItems": -21.976,
        "period": "2018-06-30",
        "pretaxIncome": -5.302,
        "provisionforIncomeTaxes": 0.604,
        "researchDevelopment": 114.8,
        "revenue": 814.938,
        "sgaExpense": 181.015,
        "totalOperatingExpense": 296.487
      },
      {
        "costOfGoodsSold": 413.433,
        "depreciationAmortization": 0.269,
        "dilutedAverageSharesOutstanding": 395.948,
        "dilutedEPS": -0.06,
        "ebit": -2.961,
        "grossIncome": 255.17,
        "interestIncomeExpense": -2.819,
        "netIncome": -23.986,
        "netIncomeAfterTaxes": -23.986,
        "nonRecurringItems": -18.031,
        "period": "2018-03-31",
        "pretaxIncome": -23.811,
        "provisionforIncomeTaxes": 0.175,
        "researchDevelopment": 105.095,
        "revenue": 668.603,
        "sgaExpense": 152.767,
        "totalOperatingExpense": 258.131
      },
      {
        "costOfGoodsSold": 376.205,
        "depreciationAmortization": 0.234,
        "dilutedAverageSharesOutstanding": 390.03,
        "dilutedEPS": -0.04,
        "ebit": 3.824,
        "grossIncome": 239.83,
        "interestIncomeExpense": -2.839,
        "netIncome": -15.663,
        "netIncomeAfterTaxes": -15.872,
        "nonRecurringItems": -16.833,
        "period": "2017-12-31",
        "pretaxIncome": -15.848,
        "provisionforIncomeTaxes": 0.024,
        "researchDevelopment": 92.633,
        "revenue": 616.035,
        "sgaExpense": 143.139,
        "totalOperatingExpense": 236.006
      },
      {
        "costOfGoodsSold": 366.543,
        "depreciationAmortization": 0.222,
        "dilutedAverageSharesOutstanding": 383.951,
        "dilutedEPS": -0.04,
        "ebit": 5.002,
        "grossIncome": 218.616,
        "interestIncomeExpense": -1.854,
        "netIncome": -16.098,
        "netIncomeAfterTaxes": -16.098,
        "nonRecurringItems": -19.893,
        "period": "2017-09-30",
        "pretaxIncome": -16.745,
        "provisionforIncomeTaxes": -0.647,
        "researchDevelopment": 82.547,
        "revenue": 585.159,
        "sgaExpense": 130.845,
        "totalOperatingExpense": 213.614
      },
      {
        "costOfGoodsSold": 344.076,
        "depreciationAmortization": 0.222,
        "dilutedAverageSharesOutstanding": 376.357,
        "dilutedEPS": -0.04,
        "ebit": 6.177,
        "grossIncome": 207.429,
        "interestIncomeExpense": -3.266,
        "netIncome": -15.962,
        "netIncomeAfterTaxes": -15.962,
        "nonRecurringItems": -18.401,
        "period": "2017-06-30",
        "pretaxIncome": -15.49,
        "provisionforIncomeTaxes": 0.472,
        "researchDevelopment": 78.126,
        "revenue": 551.505,
        "sgaExpense": 122.904,
        "totalOperatingExpense": 201.252
      },
      {
        "costOfGoodsSold": 288.123,
        "depreciationAmortization": 0.205,
        "dilutedAverageSharesOutstanding": 366.737,
        "dilutedEPS": -0.04,
        "ebit": -2.191,
        "grossIncome": 173.431,
        "interestIncomeExpense": -0.499,
        "netIncome": -15.09,
        "netIncomeAfterTaxes": -15.09,
        "nonRecurringItems": -11.891,
        "period": "2017-03-31",
        "pretaxIncome": -14.581,
        "provisionforIncomeTaxes": 0.509,
        "researchDevelopment": 68.582,
        "revenue": 461.554,
        "sgaExpense": 106.835,
        "totalOperatingExpense": 175.622
      },
      {
        "costOfGoodsSold": 285.392,
        "depreciationAmortization": 0.147,
        "dilutedAverageSharesOutstanding": 356.441,
        "dilutedEPS": -0.04,
        "ebit": -0.944,
        "grossIncome": 166.525,
        "interestIncomeExpense": 0.537,
        "netIncome": -15.167,
        "netIncomeAfterTaxes": -15.167,
        "nonRecurringItems": -13.034,
        "period": "2016-12-31",
        "pretaxIncome": -14.131,
        "provisionforIncomeTaxes": 1.036,
        "researchDevelopment": 64.889,
        "revenue": 451.917,
        "sgaExpense": 102.433,
        "totalOperatingExpense": 167.469,
        "totalOtherIncomeExpenseNet": -0.69
      },
      {
        "costOfGoodsSold": 288.688,
        "depreciationAmortization": 0.164,
        "dilutedAverageSharesOutstanding": 343.893,
        "dilutedEPS": -0.09,
        "ebit": -19.097,
        "grossIncome": 150.314,
        "interestIncomeExpense": -0.034,
        "netIncome": -32.323,
        "netIncomeAfterTaxes": -32.323,
        "nonRecurringItems": -12.885,
        "period": "2016-09-30",
        "pretaxIncome": -32.093,
        "provisionforIncomeTaxes": 0.23,
        "researchDevelopment": 70.418,
        "revenue": 439.002,
        "sgaExpense": 98.829,
        "totalOperatingExpense": 169.411,
        "totalOtherIncomeExpenseNet": -0.077
      },
      {
        "costOfGoodsSold": 289.574,
        "depreciationAmortization": 0.222,
        "dilutedAverageSharesOutstanding": 334.488,
        "dilutedEPS": -0.08,
        "ebit": -9.905,
        "grossIncome": 148.959,
        "interestIncomeExpense": 0.237,
        "netIncome": -27.345,
        "netIncomeAfterTaxes": -27.345,
        "nonRecurringItems": -17.455,
        "period": "2016-06-30",
        "pretaxIncome": -27.033,
        "provisionforIncomeTaxes": 0.312,
        "researchDevelopment": 68.638,
        "revenue": 438.533,
        "sgaExpense": 90.004,
        "totalOperatingExpense": 158.864,
        "totalOtherIncomeExpenseNet": 0.09
      },
      {
        "costOfGoodsSold": 269.029,
        "depreciationAmortization": 0.317,
        "dilutedAverageSharesOutstanding": 331.324,
        "dilutedEPS": -0.29,
        "ebit": -89.272,
        "grossIncome": 110.24,
        "interestIncomeExpense": 0.828,
        "netIncome": -96.755,
        "netIncomeAfterTaxes": -96.755,
        "nonRecurringItems": -7.861,
        "period": "2016-03-31",
        "pretaxIncome": -96.416,
        "provisionforIncomeTaxes": 0.339,
        "researchDevelopment": 64.592,
        "revenue": 379.269,
        "sgaExpense": 134.603,
        "totalOperatingExpense": 199.512,
        "totalOtherIncomeExpenseNet": -0.111
      },
      {
        "costOfGoodsSold": 265.267,
        "depreciationAmortization": 0.384,
        "dilutedAverageSharesOutstanding": 334.949,
        "dilutedEPS": -0.24,
        "ebit": -34.648,
        "grossIncome": 109.093,
        "interestIncomeExpense": -0.667,
        "netIncome": -80.489,
        "netIncomeAfterTaxes": -48.289,
        "nonRecurringItems": -11.684,
        "period": "2015-12-31",
        "pretaxIncome": -47.045,
        "provisionforIncomeTaxes": 1.244,
        "researchDevelopment": 59.186,
        "revenue": 374.36,
        "sgaExpense": 84.171,
        "totalOperatingExpense": 143.741,
        "totalOtherIncomeExpenseNet": -0.046
      },
      {
        "costOfGoodsSold": 235.878,
        "depreciationAmortization": 0.423,
        "dilutedAverageSharesOutstanding": 327.945,
        "dilutedEPS": -0.16,
        "ebit": -36.212,
        "grossIncome": 96.31,
        "interestIncomeExpense": -0.747,
        "netIncome": -53.93,
        "netIncomeAfterTaxes": -53.93,
        "nonRecurringItems": -16.005,
        "period": "2015-09-30",
        "pretaxIncome": -52.998,
        "provisionforIncomeTaxes": 0.932,
        "researchDevelopment": 55.02,
        "revenue": 332.188,
        "sgaExpense": 77.079,
        "totalOperatingExpense": 132.522,
        "totalOtherIncomeExpenseNet": -0.034
      }
    ],
    "symbol": "XYZ"
  }
}