{
  "symbol": "MDT",
  "statement": "ic",
  "frequency": "quarterly",
  "timestamp": "2025-09-19T14:03:49.776520",
  "data": {
    "financials": [
      {
        "costOfGoodsSold": 2978,
        "depreciationAmortization": 459,
        "dilutedAverageSharesOutstanding": 1287.1,
        "dilutedEPS": 0.808,
        "ebit": 1596,
        "grossIncome": 5600,
        "interestExpense": 176,
        "interestIncomeExpense": -176,
        "minorityInterest": -7,
        "netIncome": 1040,
        "netIncomeAfterTaxes": 1047,
        "nonRecurringItems": -151,
        "otherOperatingExpensesTotal": 44,
        "period": "2025-07-25",
        "pretaxIncome": 1302,
        "provisionforIncomeTaxes": 255,
        "researchDevelopment": 726,
        "revenue": 8578,
        "sgaExpense": 2775,
        "totalOperatingExpense": 4004,
        "totalOtherIncomeExpenseNet": 33
      },
      {
        "costOfGoodsSold": 3145,
        "depreciationAmortization": 564,
        "dilutedAverageSharesOutstanding": 1287.8,
        "dilutedEPS": 0.82,
        "ebit": 1798,
        "grossIncome": 5782,
        "interestExpense": 174,
        "interestIncomeExpense": -375,
        "minorityInterest": -5,
        "netIncome": 1056,
        "netIncomeAfterTaxes": 1062,
        "nonRecurringItems": -362,
        "otherOperatingExpensesTotal": 16,
        "period": "2025-04-25",
        "pretaxIncome": 1261,
        "provisionforIncomeTaxes": 199,
        "researchDevelopment": 684,
        "revenue": 8927,
        "sgaExpense": 2720,
        "totalOperatingExpense": 3984,
        "totalOtherIncomeExpenseNet": 200
      },
      {
        "costOfGoodsSold": 2775,
        "depreciationAmortization": 416,
        "dilutedAverageSharesOutstanding": 1286.2,
        "dilutedEPS": 1.0061,
        "ebit": 1715,
        "grossIncome": 5517,
        "interestExpense": 179,
        "interestIncomeExpense": -135,
        "minorityInterest": -9,
        "netIncome": 1294,
        "netIncomeAfterTaxes": 1303,
        "nonRecurringItems": -69,
        "otherOperatingExpensesTotal": -6,
        "period": "2025-01-24",
        "pretaxIncome": 1540,
        "provisionforIncomeTaxes": 237,
        "researchDevelopment": 675,
        "revenue": 8292,
        "sgaExpense": 2717,
        "totalOperatingExpense": 3802,
        "totalOtherIncomeExpenseNet": 29
      },
      {
        "costOfGoodsSold": 2935,
        "depreciationAmortization": 413,
        "dilutedAverageSharesOutstanding": 1286.9,
        "dilutedEPS": 0.9869,
        "ebit": 1642,
        "grossIncome": 5468,
        "interestExpense": 209,
        "interestIncomeExpense": -72,
        "minorityInterest": -9,
        "netIncome": 1270,
        "netIncomeAfterTaxes": 1278,
        "nonRecurringItems": -47,
        "otherOperatingExpensesTotal": -35,
        "period": "2024-10-25",
        "pretaxIncome": 1559,
        "provisionforIncomeTaxes": 281,
        "researchDevelopment": 697,
        "revenue": 8403,
        "sgaExpense": 2751,
        "totalOperatingExpense": 3826,
        "totalOtherIncomeExpenseNet": 36
      },
      {
        "costOfGoodsSold": 2752,
        "depreciationAmortization": 414,
        "dilutedAverageSharesOutstanding": 1296.5,
        "dilutedEPS": 0.8037,
        "ebit": 1420,
        "grossIncome": 5163,
        "interestExpense": 167,
        "interestIncomeExpense": -21,
        "minorityInterest": -6,
        "netIncome": 1042,
        "netIncomeAfterTaxes": 1048,
        "nonRecurringItems": -142,
        "otherOperatingExpensesTotal": 3,
        "period": "2024-07-26",
        "pretaxIncome": 1268,
        "provisionforIncomeTaxes": 220,
        "researchDevelopment": 676,
        "revenue": 7915,
        "sgaExpense": 2650,
        "totalOperatingExpense": 3743,
        "totalOtherIncomeExpenseNet": 11
      },
      {
        "costOfGoodsSold": 2962,
        "depreciationAmortization": 419,
        "dilutedAverageSharesOutstanding": 1323.6,
        "dilutedEPS": 0.4941,
        "ebit": 1688,
        "grossIncome": 5627,
        "interestExpense": 202,
        "interestIncomeExpense": -425,
        "minorityInterest": -5,
        "netIncome": 654,
        "netIncomeAfterTaxes": 658,
        "nonRecurringItems": -635,
        "otherOperatingExpensesTotal": 108,
        "period": "2024-04-26",
        "pretaxIncome": 855,
        "provisionforIncomeTaxes": 197,
        "researchDevelopment": 675,
        "revenue": 8589,
        "sgaExpense": 2737,
        "totalOperatingExpense": 3939,
        "totalOtherIncomeExpenseNet": 227
      },
      {
        "costOfGoodsSold": 2770,
        "depreciationAmortization": 419,
        "dilutedAverageSharesOutstanding": 1331.7,
        "dilutedEPS": 0.9927,
        "ebit": 1538,
        "grossIncome": 5319,
        "interestExpense": 188,
        "interestIncomeExpense": -67,
        "minorityInterest": -15,
        "netIncome": 1322,
        "netIncomeAfterTaxes": 1337,
        "nonRecurringItems": -55,
        "otherOperatingExpensesTotal": 17,
        "period": "2024-01-26",
        "pretaxIncome": 1472,
        "provisionforIncomeTaxes": 135,
        "researchDevelopment": 695,
        "revenue": 8089,
        "sgaExpense": 2650,
        "totalOperatingExpense": 3781,
        "totalOtherIncomeExpenseNet": 56
      },
      {
        "costOfGoodsSold": 2746,
        "depreciationAmortization": 425,
        "dilutedAverageSharesOutstanding": 1331.9,
        "dilutedEPS": 0.68,
        "ebit": 1496,
        "grossIncome": 5238,
        "interestExpense": 180,
        "interestIncomeExpense": -39,
        "minorityInterest": -2,
        "netIncome": 909,
        "netIncomeAfterTaxes": 911,
        "nonRecurringItems": -156,
        "otherOperatingExpensesTotal": -31,
        "period": "2023-10-27",
        "pretaxIncome": 1313,
        "provisionforIncomeTaxes": 402,
        "researchDevelopment": 698,
        "revenue": 7984,
        "sgaExpense": 2650,
        "totalOperatingExpense": 3742,
        "totalOtherIncomeExpenseNet": 12
      },
      {
        "costOfGoodsSold": 2612,
        "depreciationAmortization": 429,
        "dilutedAverageSharesOutstanding": 1330.5,
        "dilutedEPS": 0.59,
        "ebit": 1399,
        "grossIncome": 5090,
        "interestExpense": 148,
        "interestIncomeExpense": -101,
        "minorityInterest": -6,
        "netIncome": 791,
        "netIncomeAfterTaxes": 796,
        "nonRecurringItems": -131,
        "otherOperatingExpensesTotal": 2,
        "period": "2023-07-28",
        "pretaxIncome": 1196,
        "provisionforIncomeTaxes": 400,
        "researchDevelopment": 668,
        "revenue": 7702,
        "sgaExpense": 2592,
        "totalOperatingExpense": 3691,
        "totalOtherIncomeExpenseNet": 29
      },
      {
        "costOfGoodsSold": 2949,
        "depreciationAmortization": 423,
        "dilutedAverageSharesOutstanding": 1332.8,
        "dilutedEPS": 0.88,
        "ebit": 2011,
        "grossIncome": 5596,
        "interestExpense": 187,
        "interestIncomeExpense": -36,
        "minorityInterest": -9,
        "netIncome": 1179,
        "netIncomeAfterTaxes": 1189,
        "nonRecurringItems": -446,
        "otherOperatingExpensesTotal": -47,
        "period": "2023-04-28",
        "pretaxIncome": 1551,
        "provisionforIncomeTaxes": 362,
        "researchDevelopment": 641,
        "revenue": 8545,
        "sgaExpense": 2568,
        "totalOperatingExpense": 3585,
        "totalOtherIncomeExpenseNet": 22
      },
      {
        "costOfGoodsSold": 2663,
        "depreciationAmortization": 431,
        "dilutedAverageSharesOutstanding": 1332,
        "dilutedEPS": 0.92,
        "ebit": 1520,
        "grossIncome": 5064,
        "interestExpense": 167,
        "interestIncomeExpense": -41,
        "minorityInterest": -6,
        "netIncome": 1222,
        "netIncomeAfterTaxes": 1229,
        "nonRecurringItems": -128,
        "otherOperatingExpensesTotal": -150,
        "period": "2023-01-27",
        "pretaxIncome": 1375,
        "provisionforIncomeTaxes": 146,
        "researchDevelopment": 688,
        "revenue": 7727,
        "sgaExpense": 2575,
        "totalOperatingExpense": 3544,
        "totalOtherIncomeExpenseNet": 24
      },
      {
        "costOfGoodsSold": 2516,
        "depreciationAmortization": 421,
        "dilutedAverageSharesOutstanding": 1332,
        "dilutedEPS": 0.32,
        "ebit": 1514,
        "grossIncome": 5069,
        "interestExpense": 118,
        "interestIncomeExpense": -33,
        "minorityInterest": -8,
        "netIncome": 427,
        "netIncomeAfterTaxes": 436,
        "nonRecurringItems": -114,
        "otherOperatingExpensesTotal": -114,
        "period": "2022-10-28",
        "pretaxIncome": 1395,
        "provisionforIncomeTaxes": 959,
        "researchDevelopment": 676,
        "revenue": 7585,
        "sgaExpense": 2572,
        "totalOperatingExpense": 3555,
        "totalOtherIncomeExpenseNet": 28
      },
      {
        "costOfGoodsSold": 2497,
        "depreciationAmortization": 423,
        "dilutedAverageSharesOutstanding": 1329.4,
        "dilutedEPS": 0.7,
        "ebit": 1301,
        "grossIncome": 4874,
        "interestExpense": 111,
        "interestIncomeExpense": -24,
        "minorityInterest": -2,
        "netIncome": 929,
        "netIncomeAfterTaxes": 932,
        "nonRecurringItems": -236,
        "otherOperatingExpensesTotal": -68,
        "period": "2022-07-29",
        "pretaxIncome": 1044,
        "provisionforIncomeTaxes": 112,
        "researchDevelopment": 692,
        "revenue": 7371,
        "sgaExpense": 2526,
        "totalOperatingExpense": 3573,
        "totalOtherIncomeExpenseNet": 3
      },
      {
        "costOfGoodsSold": 2565,
        "depreciationAmortization": 435,
        "dilutedAverageSharesOutstanding": 1343.9,
        "dilutedEPS": 1.1,
        "ebit": 1724,
        "grossIncome": 5524,
        "interestExpense": 143,
        "interestIncomeExpense": -167,
        "minorityInterest": -6,
        "netIncome": 1485,
        "netIncomeAfterTaxes": 1492,
        "nonRecurringItems": -53,
        "otherOperatingExpensesTotal": 143,
        "period": "2022-04-29",
        "pretaxIncome": 1602,
        "provisionforIncomeTaxes": 110,
        "researchDevelopment": 652,
        "revenue": 8089,
        "sgaExpense": 2570,
        "totalOperatingExpense": 3800,
        "totalOtherIncomeExpenseNet": 98
      },
      {
        "costOfGoodsSold": 2433,
        "depreciationAmortization": 432,
        "dilutedAverageSharesOutstanding": 1350.3,
        "dilutedEPS": 1.1,
        "ebit": 1772,
        "grossIncome": 5330,
        "interestExpense": 137,
        "interestIncomeExpense": -103,
        "minorityInterest": -4,
        "netIncome": 1480,
        "netIncomeAfterTaxes": 1483,
        "nonRecurringItems": -113,
        "otherOperatingExpensesTotal": -63,
        "period": "2022-01-28",
        "pretaxIncome": 1589,
        "provisionforIncomeTaxes": 106,
        "researchDevelopment": 668,
        "revenue": 7763,
        "sgaExpense": 2521,
        "totalOperatingExpense": 3558,
        "totalOtherIncomeExpenseNet": 33
      },
      {
        "costOfGoodsSold": 2466,
        "depreciationAmortization": 431,
        "dilutedAverageSharesOutstanding": 1355.3,
        "dilutedEPS": 0.97,
        "ebit": 1674,
        "grossIncome": 5381,
        "interestExpense": 136,
        "interestIncomeExpense": -86,
        "minorityInterest": -6,
        "netIncome": 1311,
        "netIncomeAfterTaxes": 1317,
        "nonRecurringItems": -111,
        "otherOperatingExpensesTotal": 21,
        "period": "2021-10-29",
        "pretaxIncome": 1493,
        "provisionforIncomeTaxes": 176,
        "researchDevelopment": 676,
        "revenue": 7847,
        "sgaExpense": 2579,
        "totalOperatingExpense": 3707,
        "totalOtherIncomeExpenseNet": 16
      },
      {
        "costOfGoodsSold": 2507,
        "depreciationAmortization": 436,
        "dilutedAverageSharesOutstanding": 1344.5,
        "dilutedEPS": 0.57,
        "ebit": 1692,
        "grossIncome": 5480,
        "interestExpense": 137,
        "interestIncomeExpense": -51,
        "minorityInterest": -6,
        "netIncome": 763,
        "netIncomeAfterTaxes": 769,
        "nonRecurringItems": -833,
        "otherOperatingExpensesTotal": 92,
        "period": "2021-07-30",
        "pretaxIncome": 833,
        "provisionforIncomeTaxes": 64,
        "researchDevelopment": 750,
        "revenue": 7987,
        "sgaExpense": 2510,
        "totalOperatingExpense": 3788,
        "totalOtherIncomeExpenseNet": 25
      },
      {
        "costOfGoodsSold": 2620,
        "depreciationAmortization": 446,
        "dilutedAverageSharesOutstanding": 1357.9,
        "dilutedEPS": 1,
        "ebit": 1943,
        "grossIncome": 5568,
        "interestExpense": 142,
        "interestIncomeExpense": -94,
        "minorityInterest": -6,
        "netIncome": 1360,
        "netIncomeAfterTaxes": 1366,
        "nonRecurringItems": -338,
        "otherOperatingExpensesTotal": 199,
        "period": "2021-04-30",
        "pretaxIncome": 1566,
        "provisionforIncomeTaxes": 200,
        "researchDevelopment": 632,
        "revenue": 8188,
        "sgaExpense": 2348,
        "totalOperatingExpense": 3625,
        "totalOtherIncomeExpenseNet": 55
      },
      {
        "costOfGoodsSold": 2585,
        "depreciationAmortization": 453,
        "dilutedAverageSharesOutstanding": 1356,
        "dilutedEPS": 0.94,
        "ebit": 1548,
        "grossIncome": 5190,
        "interestExpense": 143,
        "interestIncomeExpense": -97,
        "minorityInterest": -9,
        "netIncome": 1270,
        "netIncomeAfterTaxes": 1279,
        "nonRecurringItems": -271,
        "otherOperatingExpensesTotal": 81,
        "period": "2021-01-29",
        "pretaxIncome": 1220,
        "provisionforIncomeTaxes": -59,
        "researchDevelopment": 601,
        "revenue": 7775,
        "sgaExpense": 2507,
        "totalOperatingExpense": 3642,
        "totalOtherIncomeExpenseNet": 40
      },
      {
        "costOfGoodsSold": 2673,
        "depreciationAmortization": 443,
        "dilutedAverageSharesOutstanding": 1352.1,
        "dilutedEPS": 0.36,
        "ebit": 1191,
        "grossIncome": 4974,
        "interestExpense": 162,
        "interestIncomeExpense": -116,
        "minorityInterest": -5,
        "netIncome": 489,
        "netIncomeAfterTaxes": 494,
        "nonRecurringItems": -569,
        "otherOperatingExpensesTotal": 149,
        "period": "2020-10-30",
        "pretaxIncome": 525,
        "provisionforIncomeTaxes": 31,
        "researchDevelopment": 639,
        "revenue": 7647,
        "sgaExpense": 2552,
        "totalOperatingExpense": 3783,
        "totalOtherIncomeExpenseNet": 19
      },
      {
        "costOfGoodsSold": 2478,
        "depreciationAmortization": 440,
        "dilutedAverageSharesOutstanding": 1350,
        "dilutedEPS": 0.36,
        "ebit": 712,
        "grossIncome": 4029,
        "interestExpense": 171,
        "interestIncomeExpense": -119,
        "minorityInterest": -4,
        "netIncome": 487,
        "netIncomeAfterTaxes": 491,
        "nonRecurringItems": -39,
        "otherOperatingExpensesTotal": -114,
        "period": "2020-07-31",
        "pretaxIncome": 584,
        "provisionforIncomeTaxes": 93,
        "researchDevelopment": 621,
        "revenue": 6507,
        "sgaExpense": 2370,
        "totalOperatingExpense": 3317,
        "totalOtherIncomeExpenseNet": 30
      },
      {
        "costOfGoodsSold": 2232,
        "depreciationAmortization": 439,
        "dilutedAverageSharesOutstanding": 1349.6,
        "dilutedEPS": 0.47,
        "ebit": 458,
        "grossIncome": 3765,
        "interestExpense": 162,
        "interestIncomeExpense": -16,
        "minorityInterest": 7,
        "netIncome": 646,
        "netIncomeAfterTaxes": 606,
        "nonRecurringItems": -226,
        "otherOperatingExpensesTotal": -10,
        "period": "2020-04-24",
        "pretaxIncome": 205,
        "provisionforIncomeTaxes": -401,
        "researchDevelopment": 568,
        "revenue": 5997,
        "sgaExpense": 2310,
        "totalOperatingExpense": 3307,
        "totalOtherIncomeExpenseNet": -11
      },
      {
        "costOfGoodsSold": 2350,
        "depreciationAmortization": 436,
        "dilutedAverageSharesOutstanding": 1351.5,
        "dilutedEPS": 1.42,
        "ebit": 1857,
        "grossIncome": 5367,
        "interestExpense": 156,
        "interestIncomeExpense": -64,
        "minorityInterest": -4,
        "netIncome": 1915,
        "netIncomeAfterTaxes": 1919,
        "nonRecurringItems": -233,
        "otherOperatingExpensesTotal": -24,
        "period": "2020-01-24",
        "pretaxIncome": 1579,
        "provisionforIncomeTaxes": -340,
        "researchDevelopment": 573,
        "revenue": 7717,
        "sgaExpense": 2525,
        "totalOperatingExpense": 3510,
        "totalOtherIncomeExpenseNet": 19
      },
      {
        "costOfGoodsSold": 2362,
        "depreciationAmortization": 441,
        "dilutedAverageSharesOutstanding": 1351.4,
        "dilutedEPS": 1.01,
        "ebit": 1582,
        "grossIncome": 5344,
        "interestExpense": 165,
        "interestIncomeExpense": -154,
        "minorityInterest": -7,
        "netIncome": 1364,
        "netIncomeAfterTaxes": 1371,
        "nonRecurringItems": -242,
        "otherOperatingExpensesTotal": 160,
        "period": "2019-10-25",
        "pretaxIncome": 1294,
        "provisionforIncomeTaxes": -77,
        "researchDevelopment": 603,
        "revenue": 7706,
        "sgaExpense": 2558,
        "totalOperatingExpense": 3762,
        "totalOtherIncomeExpenseNet": 108
      },
      {
        "costOfGoodsSold": 2325,
        "depreciationAmortization": 440,
        "dilutedAverageSharesOutstanding": 1351.9,
        "dilutedEPS": 0.62,
        "ebit": 1668,
        "grossIncome": 5168,
        "interestExpense": 196,
        "interestIncomeExpense": -190,
        "minorityInterest": -13,
        "netIncome": 864,
        "netIncomeAfterTaxes": 847,
        "nonRecurringItems": -602,
        "otherOperatingExpensesTotal": -9,
        "period": "2019-07-26",
        "pretaxIncome": 977,
        "provisionforIncomeTaxes": 130,
        "researchDevelopment": 587,
        "revenue": 7493,
        "sgaExpense": 2482,
        "totalOperatingExpense": 3500,
        "totalOtherIncomeExpenseNet": 101
      },
      {
        "costOfGoodsSold": 2450,
        "depreciationAmortization": 437,
        "dilutedAverageSharesOutstanding": 1351.5,
        "dilutedEPS": 0.86,
        "ebit": 2208,
        "grossIncome": 5696,
        "interestExpense": 233,
        "interestIncomeExpense": -99,
        "minorityInterest": -10,
        "netIncome": 1172,
        "netIncomeAfterTaxes": 1177,
        "nonRecurringItems": -800,
        "otherOperatingExpensesTotal": -183,
        "period": "2019-04-26",
        "pretaxIncome": 1292,
        "provisionforIncomeTaxes": 115,
        "researchDevelopment": 594,
        "revenue": 8146,
        "sgaExpense": 2640,
        "totalOperatingExpense": 3488,
        "totalOtherIncomeExpenseNet": -17
      },
      {
        "costOfGoodsSold": 2244,
        "depreciationAmortization": 436,
        "dilutedAverageSharesOutstanding": 1352.7,
        "dilutedEPS": 0.93,
        "ebit": 1778,
        "grossIncome": 5302,
        "interestExpense": 243,
        "interestIncomeExpense": -218,
        "minorityInterest": -2,
        "netIncome": 1269,
        "netIncomeAfterTaxes": 1259,
        "nonRecurringItems": -206,
        "otherOperatingExpensesTotal": 27,
        "period": "2019-01-25",
        "pretaxIncome": 1370,
        "provisionforIncomeTaxes": 111,
        "researchDevelopment": 561,
        "revenue": 7546,
        "sgaExpense": 2500,
        "totalOperatingExpense": 3524,
        "totalOtherIncomeExpenseNet": 16
      },
      {
        "costOfGoodsSold": 2181,
        "depreciationAmortization": 445,
        "dilutedAverageSharesOutstanding": 1360.9,
        "dilutedEPS": 0.81,
        "ebit": 1581,
        "grossIncome": 5300,
        "interestExpense": 241,
        "interestIncomeExpense": -115,
        "minorityInterest": -5,
        "netIncome": 1115,
        "netIncomeAfterTaxes": 1178,
        "nonRecurringItems": -97,
        "otherOperatingExpensesTotal": 130,
        "period": "2018-10-26",
        "pretaxIncome": 1355,
        "provisionforIncomeTaxes": 177,
        "researchDevelopment": 590,
        "revenue": 7481,
        "sgaExpense": 2554,
        "totalOperatingExpense": 3719,
        "totalOtherIncomeExpenseNet": -14
      },
      {
        "costOfGoodsSold": 2189,
        "depreciationAmortization": 446,
        "dilutedAverageSharesOutstanding": 1365.4,
        "dilutedEPS": 0.77,
        "ebit": 1334,
        "grossIncome": 5195,
        "interestExpense": 242,
        "interestIncomeExpense": -20,
        "minorityInterest": -2,
        "netIncome": 1075,
        "netIncomeAfterTaxes": 1048,
        "nonRecurringItems": -239,
        "otherOperatingExpensesTotal": 292,
        "period": "2018-07-27",
        "pretaxIncome": 1180,
        "provisionforIncomeTaxes": 132,
        "researchDevelopment": 585,
        "revenue": 7384,
        "sgaExpense": 2538,
        "totalOperatingExpense": 3861,
        "totalOtherIncomeExpenseNet": 105
      },
      {
        "costOfGoodsSold": 2383,
        "depreciationAmortization": 448,
        "dilutedAverageSharesOutstanding": 1366.1,
        "dilutedEPS": 1.06,
        "ebit": 2042,
        "grossIncome": 5761,
        "interestExpense": 279,
        "interestIncomeExpense": -345,
        "minorityInterest": -5,
        "netIncome": 1460,
        "netIncomeAfterTaxes": 1502,
        "nonRecurringItems": -206,
        "otherOperatingExpensesTotal": 146,
        "period": "2018-04-27",
        "pretaxIncome": 1725,
        "provisionforIncomeTaxes": 223,
        "researchDevelopment": 592,
        "revenue": 8144,
        "sgaExpense": 2533,
        "totalOperatingExpense": 3719,
        "totalOtherIncomeExpenseNet": 234
      },
      {
        "costOfGoodsSold": 2193,
        "depreciationAmortization": 461,
        "dilutedAverageSharesOutstanding": 1354,
        "dilutedEPS": -1.02,
        "ebit": 1690,
        "grossIncome": 5176,
        "interestExpense": 270,
        "interestIncomeExpense": -330,
        "minorityInterest": 3,
        "netIncome": -1389,
        "netIncomeAfterTaxes": 853,
        "nonRecurringItems": -96,
        "otherOperatingExpensesTotal": -30,
        "period": "2018-01-26",
        "pretaxIncome": 1027,
        "provisionforIncomeTaxes": 174,
        "researchDevelopment": 559,
        "revenue": 7369,
        "sgaExpense": 2496,
        "totalOperatingExpense": 3486,
        "totalOtherIncomeExpenseNet": -237
      },
      {
        "costOfGoodsSold": 2116,
        "depreciationAmortization": 460,
        "dilutedAverageSharesOutstanding": 1365.8,
        "dilutedEPS": 1.48,
        "ebit": 1346,
        "grossIncome": 4934,
        "interestExpense": 273,
        "interestIncomeExpense": -206,
        "minorityInterest": 4,
        "netIncome": 2017,
        "netIncomeAfterTaxes": 2013,
        "nonRecurringItems": 581,
        "otherOperatingExpensesTotal": 134,
        "period": "2017-10-27",
        "pretaxIncome": 1728,
        "provisionforIncomeTaxes": -285,
        "researchDevelopment": 556,
        "revenue": 7050,
        "sgaExpense": 2438,
        "totalOperatingExpense": 3588,
        "totalOtherIncomeExpenseNet": 7
      },
      {
        "costOfGoodsSold": 2347,
        "depreciationAmortization": 454,
        "dilutedAverageSharesOutstanding": 1375.6,
        "dilutedEPS": 0.74,
        "ebit": 1513,
        "grossIncome": 5043,
        "interestExpense": 286,
        "interestIncomeExpense": -219,
        "minorityInterest": 7,
        "netIncome": 1016,
        "netIncomeAfterTaxes": 1009,
        "nonRecurringItems": -106,
        "otherOperatingExpensesTotal": 40,
        "period": "2017-07-28",
        "pretaxIncome": 1195,
        "provisionforIncomeTaxes": 186,
        "researchDevelopment": 549,
        "revenue": 7390,
        "sgaExpense": 2487,
        "totalOperatingExpense": 3530,
        "totalOtherIncomeExpenseNet": 7
      },
      {
        "costOfGoodsSold": 2430,
        "depreciationAmortization": 496,
        "dilutedAverageSharesOutstanding": 1381.5,
        "dilutedEPS": 0.84,
        "ebit": 1653,
        "grossIncome": 5486,
        "interestExpense": 290,
        "interestIncomeExpense": -115,
        "minorityInterest": -1,
        "netIncome": 1163,
        "netIncomeAfterTaxes": 1164,
        "nonRecurringItems": -50,
        "otherOperatingExpensesTotal": -2,
        "period": "2017-04-28",
        "pretaxIncome": 1435,
        "provisionforIncomeTaxes": 271,
        "researchDevelopment": 553,
        "revenue": 7916,
        "sgaExpense": 2786,
        "totalOperatingExpense": 3833,
        "totalOtherIncomeExpenseNet": -53
      },
      {
        "costOfGoodsSold": 2267,
        "depreciationAmortization": 497,
        "dilutedAverageSharesOutstanding": 1383.1,
        "dilutedEPS": 0.59,
        "ebit": 1622,
        "grossIncome": 5016,
        "interestExpense": 268,
        "interestIncomeExpense": -247,
        "minorityInterest": 1,
        "netIncome": 821,
        "netIncomeAfterTaxes": 820,
        "nonRecurringItems": -408,
        "otherOperatingExpensesTotal": -21,
        "period": "2017-01-27",
        "pretaxIncome": 967,
        "provisionforIncomeTaxes": 147,
        "researchDevelopment": 530,
        "revenue": 7283,
        "sgaExpense": 2388,
        "totalOperatingExpense": 3394
      },
      {
        "costOfGoodsSold": 2323,
        "depreciationAmortization": 500,
        "dilutedAverageSharesOutstanding": 1392.5,
        "dilutedEPS": 0.8,
        "ebit": 1501,
        "grossIncome": 5022,
        "interestExpense": 264,
        "interestIncomeExpense": -211,
        "minorityInterest": 4,
        "netIncome": 1115,
        "netIncomeAfterTaxes": 1111,
        "nonRecurringItems": -78,
        "otherOperatingExpensesTotal": 51,
        "period": "2016-10-28",
        "pretaxIncome": 1212,
        "provisionforIncomeTaxes": 101,
        "researchDevelopment": 554,
        "revenue": 7345,
        "sgaExpense": 2416,
        "totalOperatingExpense": 3521
      },
      {
        "costOfGoodsSold": 2247,
        "depreciationAmortization": 487,
        "dilutedAverageSharesOutstanding": 1407.1,
        "dilutedEPS": 0.66,
        "ebit": 1412,
        "grossIncome": 4919,
        "interestExpense": 272,
        "interestIncomeExpense": -182,
        "netIncome": 929,
        "netIncomeAfterTaxes": 929,
        "nonRecurringItems": -242,
        "otherOperatingExpensesTotal": 36,
        "period": "2016-07-29",
        "pretaxIncome": 988,
        "provisionforIncomeTaxes": 59,
        "researchDevelopment": 556,
        "revenue": 7166,
        "sgaExpense": 2428,
        "totalOperatingExpense": 3507
      },
      {
        "costOfGoodsSold": 2363,
        "depreciationAmortization": 483,
        "dilutedAverageSharesOutstanding": 1416,
        "dilutedEPS": 0.78,
        "ebit": 1839,
        "grossIncome": 5204,
        "interestExpense": 481,
        "interestIncomeExpense": -404,
        "netIncome": 1103,
        "netIncomeAfterTaxes": 1103,
        "nonRecurringItems": -301,
        "otherOperatingExpensesTotal": -53,
        "period": "2016-04-29",
        "pretaxIncome": 1134,
        "provisionforIncomeTaxes": 31,
        "researchDevelopment": 575,
        "revenue": 7567,
        "sgaExpense": 2360,
        "totalOperatingExpense": 3365
      },
      {
        "costOfGoodsSold": 2141,
        "depreciationAmortization": 484,
        "dilutedAverageSharesOutstanding": 1422.2,
        "dilutedEPS": 0.77,
        "ebit": 1456,
        "grossIncome": 4793,
        "interestExpense": 275,
        "interestIncomeExpense": -195,
        "netIncome": 1095,
        "netIncomeAfterTaxes": 1095,
        "nonRecurringItems": -82,
        "otherOperatingExpensesTotal": -10,
        "period": "2016-01-29",
        "pretaxIncome": 1179,
        "provisionforIncomeTaxes": 84,
        "researchDevelopment": 546,
        "revenue": 6934,
        "sgaExpense": 2317,
        "totalOperatingExpense": 3337
      },
      {
        "costOfGoodsSold": 2182,
        "depreciationAmortization": 483,
        "dilutedAverageSharesOutstanding": 1428.8,
        "dilutedEPS": 0.36,
        "ebit": 1452,
        "grossIncome": 4876,
        "interestExpense": 324,
        "interestIncomeExpense": -221,
        "netIncome": 520,
        "netIncomeAfterTaxes": 520,
        "nonRecurringItems": -148,
        "otherOperatingExpensesTotal": 53,
        "period": "2015-10-30",
        "pretaxIncome": 1083,
        "provisionforIncomeTaxes": 563,
        "researchDevelopment": 545,
        "revenue": 7058,
        "sgaExpense": 2343,
        "totalOperatingExpense": 3424
      }
    ],
    "symbol": "MDT"
  }
}