{
  "symbol": "LW",
  "statement": "ic",
  "frequency": "quarterly",
  "timestamp": "2025-09-19T14:03:03.355404",
  "data": {
    "financials": [
      {
        "costOfGoodsSold": 1334.4,
        "depreciationAmortization": 12.1,
        "dilutedAverageSharesOutstanding": 141.2,
        "dilutedEPS": 0.8492,
        "ebit": 184.7,
        "equityEarningsAffiliates": -0.3,
        "grossIncome": 341.4,
        "interestExpense": 44.2,
        "interestIncomeExpense": -28.8,
        "netIncome": 119.9,
        "netIncomeAfterTaxes": 120.2,
        "nonRecurringItems": -14.3,
        "period": "2025-05-25",
        "pretaxIncome": 141.6,
        "provisionforIncomeTaxes": 21.4,
        "revenue": 1675.8,
        "sgaExpense": 144.6,
        "totalOperatingExpense": 156.7
      },
      {
        "costOfGoodsSold": 1097.3,
        "depreciationAmortization": 12.6,
        "dilutedAverageSharesOutstanding": 142.4,
        "dilutedEPS": 1.0253,
        "ebit": 268.5,
        "equityEarningsAffiliates": 2.1,
        "grossIncome": 423.2,
        "interestExpense": 47.3,
        "interestIncomeExpense": -57.4,
        "netIncome": 146,
        "netIncomeAfterTaxes": 143.9,
        "nonRecurringItems": -9.7,
        "period": "2025-02-23",
        "pretaxIncome": 201.4,
        "provisionforIncomeTaxes": 57.5,
        "revenue": 1520.5,
        "sgaExpense": 142.1,
        "totalOperatingExpense": 154.7
      },
      {
        "costOfGoodsSold": 1247.6,
        "depreciationAmortization": 10.9,
        "dilutedAverageSharesOutstanding": 142.8,
        "dilutedEPS": -0.2528,
        "ebit": 187.7,
        "equityEarningsAffiliates": 2.1,
        "grossIncome": 353.3,
        "interestExpense": 43.3,
        "interestIncomeExpense": -65.7,
        "netIncome": -36.1,
        "netIncomeAfterTaxes": -38.2,
        "nonRecurringItems": -146.8,
        "period": "2024-11-24",
        "pretaxIncome": -24.8,
        "provisionforIncomeTaxes": 13.4,
        "revenue": 1600.9,
        "sgaExpense": 154.7,
        "totalOperatingExpense": 165.6
      },
      {
        "costOfGoodsSold": 1298.1,
        "depreciationAmortization": 10.8,
        "dilutedAverageSharesOutstanding": 144.2,
        "dilutedEPS": 0.8835,
        "ebit": 190.1,
        "equityEarningsAffiliates": 11.3,
        "grossIncome": 356,
        "interestExpense": 45.2,
        "interestIncomeExpense": -39.8,
        "netIncome": 127.4,
        "netIncomeAfterTaxes": 116.1,
        "nonRecurringItems": 16.6,
        "period": "2024-08-25",
        "pretaxIncome": 166.9,
        "provisionforIncomeTaxes": 50.8,
        "revenue": 1654.1,
        "sgaExpense": 155.1,
        "totalOperatingExpense": 165.9
      },
      {
        "costOfGoodsSold": 1224,
        "dilutedAverageSharesOutstanding": 145,
        "dilutedEPS": 0.8945,
        "ebit": 219,
        "equityEarningsAffiliates": 8.2,
        "grossIncome": 387.9,
        "interestExpense": 40.3,
        "interestIncomeExpense": -45.2,
        "netIncome": 129.7,
        "netIncomeAfterTaxes": 121.5,
        "nonRecurringItems": -1.6,
        "period": "2024-05-26",
        "pretaxIncome": 172.2,
        "provisionforIncomeTaxes": 50.7,
        "revenue": 1611.9,
        "sgaExpense": 168.9,
        "totalOperatingExpense": 168.9
      },
      {
        "costOfGoodsSold": 1054.6,
        "dilutedAverageSharesOutstanding": 145.3,
        "dilutedEPS": 1.0055,
        "ebit": 231.3,
        "equityEarningsAffiliates": 1,
        "grossIncome": 403.7,
        "interestExpense": 35.7,
        "interestIncomeExpense": -40.7,
        "netIncome": 146.1,
        "netIncomeAfterTaxes": 145.1,
        "nonRecurringItems": -2.4,
        "period": "2024-02-25",
        "pretaxIncome": 188.2,
        "provisionforIncomeTaxes": 43.1,
        "revenue": 1458.3,
        "sgaExpense": 172.4,
        "totalOperatingExpense": 172.4
      },
      {
        "costOfGoodsSold": 1256.5,
        "dilutedAverageSharesOutstanding": 145.5,
        "dilutedEPS": 1.4777,
        "ebit": 304.2,
        "equityEarningsAffiliates": 4.7,
        "grossIncome": 475.6,
        "interestExpense": 29.1,
        "interestIncomeExpense": -22.9,
        "netIncome": 215,
        "netIncomeAfterTaxes": 210.3,
        "nonRecurringItems": -4.8,
        "period": "2023-11-26",
        "pretaxIncome": 276.5,
        "provisionforIncomeTaxes": 66.2,
        "revenue": 1732.1,
        "sgaExpense": 171.4,
        "totalOperatingExpense": 171.4
      },
      {
        "costOfGoodsSold": 1165.8,
        "dilutedAverageSharesOutstanding": 146.6,
        "dilutedEPS": 1.6,
        "ebit": 323.3,
        "equityEarningsAffiliates": 12.1,
        "grossIncome": 499.5,
        "interestExpense": 30.7,
        "interestIncomeExpense": -30.7,
        "netIncome": 234.8,
        "netIncomeAfterTaxes": 222.7,
        "period": "2023-08-27",
        "pretaxIncome": 292.6,
        "provisionforIncomeTaxes": 69.9,
        "revenue": 1665.3,
        "sgaExpense": 176.2,
        "totalOperatingExpense": 176.2
      },
      {
        "costOfGoodsSold": 1288.5,
        "dilutedAverageSharesOutstanding": 146.7,
        "dilutedEPS": 3.4,
        "ebit": 223,
        "equityEarningsAffiliates": 416.6,
        "grossIncome": 406.4,
        "interestExpense": 32.8,
        "interestIncomeExpense": -32.8,
        "netIncome": 498.8,
        "netIncomeAfterTaxes": 82.2,
        "nonRecurringItems": -36,
        "period": "2023-05-28",
        "pretaxIncome": 154.2,
        "provisionforIncomeTaxes": 72,
        "revenue": 1694.9,
        "sgaExpense": 183.4,
        "totalOperatingExpense": 183.4
      },
      {
        "costOfGoodsSold": 855.8,
        "dilutedAverageSharesOutstanding": 144.8,
        "dilutedEPS": 1.21,
        "ebit": 262,
        "equityEarningsAffiliates": -23.3,
        "grossIncome": 397.8,
        "interestExpense": 25.8,
        "interestIncomeExpense": -25.8,
        "netIncome": 175.1,
        "netIncomeAfterTaxes": 198.4,
        "nonRecurringItems": 4.3,
        "period": "2023-02-26",
        "pretaxIncome": 240.5,
        "provisionforIncomeTaxes": 42.1,
        "revenue": 1253.6,
        "sgaExpense": 135.8,
        "totalOperatingExpense": 135.8
      },
      {
        "costOfGoodsSold": 894.9,
        "dilutedAverageSharesOutstanding": 144.6,
        "dilutedEPS": 0.71,
        "ebit": 245.3,
        "equityEarningsAffiliates": -107.3,
        "grossIncome": 381.6,
        "interestExpense": 24.6,
        "interestIncomeExpense": -24.6,
        "netIncome": 103.1,
        "netIncomeAfterTaxes": 210.4,
        "nonRecurringItems": 26.5,
        "period": "2022-11-27",
        "pretaxIncome": 247.2,
        "provisionforIncomeTaxes": 36.8,
        "revenue": 1276.5,
        "sgaExpense": 136.3,
        "totalOperatingExpense": 136.3
      },
      {
        "costOfGoodsSold": 852.3,
        "dilutedAverageSharesOutstanding": 144.6,
        "dilutedEPS": 1.6,
        "ebit": 157,
        "equityEarningsAffiliates": 174.6,
        "grossIncome": 273.3,
        "interestExpense": 26,
        "interestIncomeExpense": -26,
        "netIncome": 231.9,
        "netIncomeAfterTaxes": 57.3,
        "period": "2022-08-28",
        "pretaxIncome": 131,
        "provisionforIncomeTaxes": 73.7,
        "revenue": 1125.6,
        "sgaExpense": 116.3,
        "totalOperatingExpense": 116.3
      },
      {
        "costOfGoodsSold": 898.9,
        "dilutedAverageSharesOutstanding": 145,
        "dilutedEPS": 0.22,
        "ebit": 136,
        "equityEarningsAffiliates": -56.7,
        "grossIncome": 254.2,
        "interestExpense": 24.9,
        "interestIncomeExpense": -24.9,
        "netIncome": 32,
        "netIncomeAfterTaxes": 88.7,
        "nonRecurringItems": 0,
        "period": "2022-05-29",
        "pretaxIncome": 111.1,
        "provisionforIncomeTaxes": 22.4,
        "revenue": 1153.1,
        "sgaExpense": 118.2,
        "totalOperatingExpense": 118.2
      },
      {
        "costOfGoodsSold": 734,
        "dilutedAverageSharesOutstanding": 145.5,
        "dilutedEPS": 0.73,
        "ebit": 133.8,
        "equityEarningsAffiliates": 29.7,
        "grossIncome": 221,
        "interestExpense": 25.8,
        "interestIncomeExpense": -25.8,
        "netIncome": 106.6,
        "netIncomeAfterTaxes": 76.9,
        "nonRecurringItems": 0,
        "period": "2022-02-27",
        "pretaxIncome": 108,
        "provisionforIncomeTaxes": 31.1,
        "revenue": 955,
        "sgaExpense": 87.2,
        "totalOperatingExpense": 87.2
      },
      {
        "costOfGoodsSold": 801.1,
        "dilutedAverageSharesOutstanding": 146.3,
        "dilutedEPS": 0.22,
        "ebit": 114.4,
        "equityEarningsAffiliates": 10.1,
        "grossIncome": 205.5,
        "interestExpense": 29.1,
        "interestIncomeExpense": -29.1,
        "netIncome": 32.5,
        "netIncomeAfterTaxes": 22.4,
        "nonRecurringItems": -53.3,
        "period": "2021-11-28",
        "pretaxIncome": 32,
        "provisionforIncomeTaxes": 9.6,
        "revenue": 1006.6,
        "sgaExpense": 91.1,
        "totalOperatingExpense": 91.1
      },
      {
        "costOfGoodsSold": 832.9,
        "dilutedAverageSharesOutstanding": 146.9,
        "dilutedEPS": 0.2,
        "ebit": 60.2,
        "equityEarningsAffiliates": 6.2,
        "grossIncome": 151.3,
        "interestExpense": 27.9,
        "interestIncomeExpense": -27.9,
        "netIncome": 29.8,
        "netIncomeAfterTaxes": 23.6,
        "period": "2021-08-29",
        "pretaxIncome": 32.3,
        "provisionforIncomeTaxes": 8.7,
        "revenue": 984.2,
        "sgaExpense": 91.1,
        "totalOperatingExpense": 91.1
      },
      {
        "costOfGoodsSold": 809.5,
        "dilutedAverageSharesOutstanding": 147.1,
        "dilutedEPS": 0.45,
        "ebit": 98.9,
        "equityEarningsAffiliates": 9.6,
        "grossIncome": 198,
        "interestExpense": 28.7,
        "interestIncomeExpense": -28.7,
        "minorityInterest": 0,
        "netIncome": 65.5,
        "netIncomeAfterTaxes": 55.9,
        "period": "2021-05-30",
        "pretaxIncome": 70.2,
        "provisionforIncomeTaxes": 14.3,
        "revenue": 1007.5,
        "sgaExpense": 99.1,
        "totalOperatingExpense": 99.1
      },
      {
        "costOfGoodsSold": 699.1,
        "dilutedAverageSharesOutstanding": 147.2,
        "dilutedEPS": 0.45,
        "ebit": 100.6,
        "equityEarningsAffiliates": 11.1,
        "grossIncome": 196.7,
        "interestExpense": 29.3,
        "interestIncomeExpense": -29.3,
        "netIncome": 66.1,
        "netIncomeAfterTaxes": 55,
        "period": "2021-02-28",
        "pretaxIncome": 71.3,
        "provisionforIncomeTaxes": 16.3,
        "revenue": 895.8,
        "sgaExpense": 96.1,
        "totalOperatingExpense": 96.1
      },
      {
        "costOfGoodsSold": 672.6,
        "dilutedAverageSharesOutstanding": 147.1,
        "dilutedEPS": 0.66,
        "ebit": 139.6,
        "equityEarningsAffiliates": 19.2,
        "grossIncome": 223.5,
        "interestExpense": 30,
        "interestIncomeExpense": -30,
        "netIncome": 96.9,
        "netIncomeAfterTaxes": 77.7,
        "period": "2020-11-29",
        "pretaxIncome": 109.6,
        "provisionforIncomeTaxes": 31.9,
        "revenue": 896.1,
        "sgaExpense": 83.9,
        "totalOperatingExpense": 83.9
      },
      {
        "costOfGoodsSold": 657.7,
        "dilutedAverageSharesOutstanding": 147.1,
        "dilutedEPS": 0.61,
        "ebit": 135.7,
        "equityEarningsAffiliates": 11.9,
        "grossIncome": 213.8,
        "interestExpense": 30.3,
        "interestIncomeExpense": -30.3,
        "netIncome": 89.3,
        "netIncomeAfterTaxes": 77.4,
        "period": "2020-08-30",
        "pretaxIncome": 105.4,
        "provisionforIncomeTaxes": 28,
        "revenue": 871.5,
        "sgaExpense": 78.1,
        "totalOperatingExpense": 78.1
      },
      {
        "costOfGoodsSold": 735.8,
        "dilutedAverageSharesOutstanding": 146.2,
        "dilutedEPS": -0.01,
        "ebit": 30.9,
        "equityEarningsAffiliates": -6.1,
        "grossIncome": 111.1,
        "interestExpense": 29.2,
        "interestIncomeExpense": -29.2,
        "minorityInterest": 0,
        "netIncome": -1.6,
        "netIncomeAfterTaxes": 4.5,
        "period": "2020-05-31",
        "pretaxIncome": 1.7,
        "provisionforIncomeTaxes": -2.8,
        "revenue": 846.9,
        "sgaExpense": 80.2,
        "totalOperatingExpense": 80.2
      },
      {
        "costOfGoodsSold": 686.9,
        "dilutedAverageSharesOutstanding": 147.2,
        "dilutedEPS": 0.76,
        "ebit": 162.5,
        "equityEarningsAffiliates": 9.8,
        "grossIncome": 250.4,
        "interestExpense": 25.2,
        "interestIncomeExpense": -25.2,
        "minorityInterest": 0,
        "netIncome": 111.4,
        "netIncomeAfterTaxes": 101.6,
        "period": "2020-02-23",
        "pretaxIncome": 137.3,
        "provisionforIncomeTaxes": 35.7,
        "revenue": 937.3,
        "sgaExpense": 87.9,
        "totalOperatingExpense": 87.9
      },
      {
        "costOfGoodsSold": 734.1,
        "dilutedAverageSharesOutstanding": 147.1,
        "dilutedEPS": 0.95,
        "ebit": 193.5,
        "equityEarningsAffiliates": 15,
        "grossIncome": 285.1,
        "interestExpense": 25.4,
        "interestIncomeExpense": -25.4,
        "minorityInterest": 0,
        "netIncome": 140.4,
        "netIncomeAfterTaxes": 125.4,
        "period": "2019-11-24",
        "pretaxIncome": 168.1,
        "provisionforIncomeTaxes": 42.7,
        "revenue": 1019.2,
        "sgaExpense": 91.6,
        "totalOperatingExpense": 91.6
      },
      {
        "costOfGoodsSold": 740.4,
        "dilutedAverageSharesOutstanding": 147,
        "dilutedEPS": 0.79,
        "ebit": 170,
        "equityEarningsAffiliates": 10.6,
        "grossIncome": 248.6,
        "interestExpense": 28.2,
        "interestIncomeExpense": -28.2,
        "minorityInterest": 0,
        "netIncome": 115.7,
        "netIncomeAfterTaxes": 105.1,
        "period": "2019-08-25",
        "pretaxIncome": 141.8,
        "provisionforIncomeTaxes": 36.7,
        "revenue": 989,
        "sgaExpense": 78.6,
        "totalOperatingExpense": 78.6
      },
      {
        "costOfGoodsSold": 752.9,
        "dilutedAverageSharesOutstanding": 147.3,
        "dilutedEPS": 0.74,
        "ebit": 148,
        "equityEarningsAffiliates": 15.2,
        "grossIncome": 250.5,
        "interestExpense": 27.1,
        "interestIncomeExpense": -27.1,
        "minorityInterest": 0,
        "netIncome": 111,
        "netIncomeAfterTaxes": 92.8,
        "period": "2019-05-26",
        "pretaxIncome": 120.9,
        "provisionforIncomeTaxes": 28.1,
        "revenue": 1003.4,
        "sgaExpense": 102.5,
        "totalOperatingExpense": 102.5
      },
      {
        "costOfGoodsSold": 653.4,
        "dilutedAverageSharesOutstanding": 147.4,
        "dilutedEPS": 0.96,
        "ebit": 193.8,
        "equityEarningsAffiliates": 14.2,
        "grossIncome": 273.4,
        "interestExpense": 27,
        "interestIncomeExpense": -27,
        "minorityInterest": 0,
        "netIncome": 140.9,
        "netIncomeAfterTaxes": 127.2,
        "period": "2019-02-24",
        "pretaxIncome": 166.8,
        "provisionforIncomeTaxes": 39.6,
        "revenue": 926.8,
        "sgaExpense": 79.6,
        "totalOperatingExpense": 79.6
      },
      {
        "costOfGoodsSold": 662.4,
        "dilutedAverageSharesOutstanding": 147.4,
        "dilutedEPS": 0.74,
        "ebit": 174,
        "equityEarningsAffiliates": 10.2,
        "grossIncome": 249,
        "interestExpense": 26.2,
        "interestIncomeExpense": -26.2,
        "minorityInterest": -5,
        "netIncome": 109,
        "netIncomeAfterTaxes": 113.8,
        "period": "2018-11-25",
        "pretaxIncome": 147.8,
        "provisionforIncomeTaxes": 34,
        "revenue": 911.4,
        "sgaExpense": 75,
        "totalOperatingExpense": 75
      },
      {
        "costOfGoodsSold": 684.3,
        "dilutedAverageSharesOutstanding": 147.2,
        "dilutedEPS": 0.73,
        "ebit": 152.6,
        "equityEarningsAffiliates": 19.9,
        "grossIncome": 230.6,
        "interestExpense": 26.8,
        "interestIncomeExpense": -26.8,
        "minorityInterest": -3.6,
        "netIncome": 106.9,
        "netIncomeAfterTaxes": 91.5,
        "nonRecurringItems": 0,
        "period": "2018-08-26",
        "pretaxIncome": 125.8,
        "provisionforIncomeTaxes": 34.3,
        "revenue": 914.9,
        "sgaExpense": 78,
        "totalOperatingExpense": 78
      },
      {
        "costOfGoodsSold": 688.5,
        "dilutedAverageSharesOutstanding": 147.3,
        "dilutedEPS": 0.67,
        "ebit": 134.3,
        "equityEarningsAffiliates": 25.1,
        "grossIncome": 229.7,
        "interestExpense": 27.7,
        "interestIncomeExpense": -27.7,
        "minorityInterest": -2.8,
        "netIncome": 99.5,
        "netIncomeAfterTaxes": 50.9,
        "nonRecurringItems": -0.8,
        "period": "2018-05-27",
        "pretaxIncome": 105.8,
        "provisionforIncomeTaxes": 54.9,
        "revenue": 918.2,
        "sgaExpense": 95.4,
        "totalOperatingExpense": 95.4
      },
      {
        "costOfGoodsSold": 619.5,
        "dilutedAverageSharesOutstanding": 147.1,
        "dilutedEPS": 1.05,
        "ebit": 170.9,
        "equityEarningsAffiliates": 26.4,
        "grossIncome": 243.9,
        "interestExpense": 28.5,
        "interestIncomeExpense": -28.5,
        "minorityInterest": -2.8,
        "netIncome": 155.9,
        "netIncomeAfterTaxes": 86.2,
        "nonRecurringItems": -1.7,
        "period": "2018-02-25",
        "pretaxIncome": 140.7,
        "provisionforIncomeTaxes": 54.5,
        "revenue": 863.4,
        "sgaExpense": 73,
        "totalOperatingExpense": 73
      },
      {
        "costOfGoodsSold": 615.4,
        "dilutedAverageSharesOutstanding": 146.9,
        "dilutedEPS": 0.52,
        "ebit": 143.8,
        "equityEarningsAffiliates": 12.1,
        "grossIncome": 209.2,
        "interestExpense": 27.4,
        "interestIncomeExpense": -27.4,
        "minorityInterest": -6.4,
        "netIncome": 76.1,
        "netIncomeAfterTaxes": 70.9,
        "nonRecurringItems": -4,
        "period": "2017-11-26",
        "pretaxIncome": 112.4,
        "provisionforIncomeTaxes": 41.5,
        "revenue": 824.6,
        "sgaExpense": 65.4,
        "totalOperatingExpense": 65.4
      },
      {
        "costOfGoodsSold": 620.8,
        "dilutedAverageSharesOutstanding": 146.8,
        "dilutedEPS": 0.56,
        "ebit": 139.8,
        "equityEarningsAffiliates": 20,
        "grossIncome": 196.7,
        "interestExpense": 25.2,
        "interestIncomeExpense": -25.2,
        "minorityInterest": -4.9,
        "netIncome": 82.6,
        "netIncomeAfterTaxes": 68.3,
        "nonRecurringItems": -2.2,
        "period": "2017-08-27",
        "pretaxIncome": 112.4,
        "provisionforIncomeTaxes": 44.1,
        "revenue": 817.5,
        "sgaExpense": 56.9,
        "totalOperatingExpense": 56.9
      },
      {
        "costOfGoodsSold": 640.2,
        "dilutedAverageSharesOutstanding": 146.9,
        "dilutedEPS": 0.51,
        "ebit": 125.3,
        "equityEarningsAffiliates": 23.8,
        "grossIncome": 192.3,
        "interestExpense": 26.7,
        "interestIncomeExpense": -26.7,
        "minorityInterest": -2.6,
        "netIncome": 75.4,
        "netIncomeAfterTaxes": 54.7,
        "nonRecurringItems": -2.7,
        "period": "2017-05-28",
        "pretaxIncome": 95.9,
        "provisionforIncomeTaxes": 41.2,
        "revenue": 832.5,
        "sgaExpense": 67,
        "totalOperatingExpense": 67
      },
      {
        "costOfGoodsSold": 561.5,
        "dilutedAverageSharesOutstanding": 146.5,
        "dilutedEPS": 0.57,
        "ebit": 150.3,
        "equityEarningsAffiliates": 12.7,
        "grossIncome": 207,
        "interestExpense": 26.3,
        "interestIncomeExpense": -26.3,
        "minorityInterest": -3.4,
        "netIncome": 83.5,
        "netIncomeAfterTaxes": 74.9,
        "nonRecurringItems": -5.1,
        "period": "2017-02-26",
        "pretaxIncome": 118.9,
        "provisionforIncomeTaxes": 44,
        "revenue": 768.5,
        "sgaExpense": 56.7,
        "totalOperatingExpense": 56.7
      },
      {
        "costOfGoodsSold": 591.8,
        "dilutedAverageSharesOutstanding": 146.3,
        "dilutedEPS": 0.59,
        "ebit": 134.6,
        "equityEarningsAffiliates": 6.2,
        "grossIncome": 198.9,
        "interestExpense": 6.8,
        "interestIncomeExpense": -6.9,
        "minorityInterest": -3.8,
        "netIncome": 86.7,
        "netIncomeAfterTaxes": 84.8,
        "nonRecurringItems": -9,
        "period": "2016-11-27",
        "pretaxIncome": 118.7,
        "provisionforIncomeTaxes": 33.9,
        "revenue": 790.7,
        "sgaExpense": 64.3,
        "totalOperatingExpense": 64.3
      },
      {
        "costOfGoodsSold": 595.7,
        "dilutedAverageSharesOutstanding": 146.3,
        "dilutedEPS": 0.54,
        "ebit": 134.7,
        "equityEarningsAffiliates": 10.6,
        "grossIncome": 180.6,
        "interestExpense": 1.5,
        "interestIncomeExpense": -1.5,
        "minorityInterest": -3.5,
        "netIncome": 79.2,
        "netIncomeAfterTaxes": 72.5,
        "nonRecurringItems": -9.7,
        "period": "2016-08-28",
        "pretaxIncome": 123.5,
        "provisionforIncomeTaxes": 51,
        "revenue": 776.3,
        "sgaExpense": 45.9,
        "totalOperatingExpense": 45.9
      },
      {
        "costOfGoodsSold": 600.2,
        "dilutedAverageSharesOutstanding": 146,
        "dilutedEPS": 0.29,
        "ebit": 56.5,
        "equityEarningsAffiliates": 15.4,
        "grossIncome": 176.8,
        "interestExpense": 1.6,
        "interestIncomeExpense": -1.6,
        "minorityInterest": -2.8,
        "netIncome": 42.2,
        "netIncomeAfterTaxes": 30,
        "nonRecurringItems": -4.6,
        "period": "2016-05-29",
        "pretaxIncome": 50.3,
        "provisionforIncomeTaxes": 20.3,
        "revenue": 777,
        "sgaExpense": 120.3,
        "totalOperatingExpense": 120.3
      },
      {
        "costOfGoodsSold": 546.8,
        "dilutedAverageSharesOutstanding": 146,
        "dilutedEPS": 0.71,
        "ebit": 127.6,
        "equityEarningsAffiliates": 36.1,
        "grossIncome": 181.9,
        "interestExpense": 1.5,
        "interestIncomeExpense": -1.1,
        "minorityInterest": -1.3,
        "netIncome": 103.9,
        "netIncomeAfterTaxes": 72.6,
        "nonRecurringItems": -0.7,
        "period": "2016-02-28",
        "pretaxIncome": 125.8,
        "provisionforIncomeTaxes": 53.2,
        "revenue": 728.7,
        "sgaExpense": 54.3,
        "totalOperatingExpense": 54.3
      },
      {
        "costOfGoodsSold": 578.5,
        "dilutedAverageSharesOutstanding": 146,
        "dilutedEPS": 0.5,
        "ebit": 109.5,
        "equityEarningsAffiliates": 7.7,
        "grossIncome": 161.8,
        "interestExpense": 1.5,
        "interestIncomeExpense": -1.5,
        "minorityInterest": -3.7,
        "netIncome": 72.9,
        "netIncomeAfterTaxes": 69.3,
        "nonRecurringItems": 0,
        "period": "2015-11-29",
        "pretaxIncome": 108,
        "provisionforIncomeTaxes": 38.7,
        "revenue": 740.3,
        "sgaExpense": 52.3,
        "totalOperatingExpense": 52.3
      },
      {
        "costOfGoodsSold": 606.5,
        "dilutedAverageSharesOutstanding": 146,
        "dilutedEPS": 0.42,
        "ebit": 83.8,
        "equityEarningsAffiliates": 12.5,
        "grossIncome": 141.3,
        "interestExpense": 1.3,
        "interestIncomeExpense": -0.5,
        "minorityInterest": -1.5,
        "netIncome": 61.5,
        "netIncomeAfterTaxes": 51,
        "nonRecurringItems": 0,
        "period": "2015-08-30",
        "pretaxIncome": 83.3,
        "provisionforIncomeTaxes": 32.3,
        "revenue": 747.8,
        "sgaExpense": 57.5,
        "totalOperatingExpense": 57.5
      }
    ],
    "symbol": "LW"
  }
}