{
  "symbol": "ELV",
  "statement": "ic",
  "frequency": "quarterly",
  "timestamp": "2025-09-19T13:59:42.556046",
  "data": {
    "financials": [
      {
        "benefitsClaimsLossAdjustment": 36706,
        "depreciationAmortization": 147,
        "dilutedAverageSharesOutstanding": 225.8,
        "dilutedEPS": 7.7192,
        "ebit": 2633,
        "grossPremiumsEarned": 49421,
        "interestExpense": 341,
        "interestIncomeExpense": -341,
        "minorityInterest": -1,
        "netIncome": 1743,
        "netIncomeAfterTaxes": 1744,
        "nonRecurringItems": 0,
        "otherOperatingExpensesTotal": 10290,
        "period": "2025-06-30",
        "pretaxIncome": 2292,
        "provisionforIncomeTaxes": 548,
        "revenue": 49776,
        "totalOperatingExpense": 47143
      },
      {
        "benefitsClaimsLossAdjustment": 35312,
        "depreciationAmortization": 155,
        "dilutedAverageSharesOutstanding": 227.2,
        "dilutedEPS": 9.6083,
        "ebit": 3141,
        "grossPremiumsEarned": 48765,
        "interestExpense": 344,
        "interestIncomeExpense": -344,
        "minorityInterest": -1,
        "netIncome": 2183,
        "netIncomeAfterTaxes": 2184,
        "otherOperatingExpensesTotal": 10283,
        "period": "2025-03-31",
        "pretaxIncome": 2797,
        "provisionforIncomeTaxes": 613,
        "revenue": 48891,
        "totalOperatingExpense": 45750
      },
      {
        "benefitsClaimsLossAdjustment": 33500,
        "depreciationAmortization": 180,
        "dilutedAverageSharesOutstanding": 230.8,
        "dilutedEPS": 1.8111,
        "ebit": 946,
        "grossPremiumsEarned": 44989,
        "interestExpense": 340,
        "interestIncomeExpense": -340,
        "minorityInterest": 5,
        "netIncome": 418,
        "netIncomeAfterTaxes": 413,
        "nonRecurringItems": 0,
        "otherOperatingExpensesTotal": 10816,
        "period": "2024-12-31",
        "pretaxIncome": 606,
        "provisionforIncomeTaxes": 193,
        "revenue": 45442,
        "totalOperatingExpense": 44496
      },
      {
        "benefitsClaimsLossAdjustment": 32949,
        "depreciationAmortization": 122,
        "dilutedAverageSharesOutstanding": 233.1,
        "dilutedEPS": 4.3586,
        "ebit": 1980,
        "grossPremiumsEarned": 44719,
        "interestExpense": 300,
        "interestIncomeExpense": -300,
        "minorityInterest": 8,
        "netIncome": 1016,
        "netIncomeAfterTaxes": 1008,
        "nonRecurringItems": -307,
        "otherOperatingExpensesTotal": 10094,
        "period": "2024-09-30",
        "pretaxIncome": 1373,
        "provisionforIncomeTaxes": 365,
        "revenue": 45145,
        "totalOperatingExpense": 43165
      },
      {
        "benefitsClaimsLossAdjustment": 30572,
        "depreciationAmortization": 162,
        "dilutedAverageSharesOutstanding": 233.4,
        "dilutedEPS": 9.8543,
        "ebit": 3026,
        "grossPremiumsEarned": 43223,
        "interestExpense": 280,
        "interestIncomeExpense": -280,
        "minorityInterest": -1,
        "netIncome": 2300,
        "netIncomeAfterTaxes": 2301,
        "nonRecurringItems": 240,
        "otherOperatingExpensesTotal": 9886,
        "period": "2024-06-30",
        "pretaxIncome": 2986,
        "provisionforIncomeTaxes": 685,
        "revenue": 43646,
        "totalOperatingExpense": 40620
      },
      {
        "benefitsClaimsLossAdjustment": 30546,
        "depreciationAmortization": 116,
        "dilutedAverageSharesOutstanding": 234.2,
        "dilutedEPS": 9.5901,
        "ebit": 3204,
        "grossPremiumsEarned": 42273,
        "interestExpense": 265,
        "interestIncomeExpense": -265,
        "minorityInterest": -3,
        "netIncome": 2246,
        "netIncomeAfterTaxes": 2249,
        "otherOperatingExpensesTotal": 8711,
        "period": "2024-03-31",
        "pretaxIncome": 2939,
        "provisionforIncomeTaxes": 690,
        "revenue": 42577,
        "totalOperatingExpense": 39373
      },
      {
        "benefitsClaimsLossAdjustment": 31334,
        "depreciationAmortization": 217,
        "dilutedAverageSharesOutstanding": 235.6,
        "dilutedEPS": 3.6333,
        "ebit": 1282,
        "grossPremiumsEarned": 42454,
        "interestExpense": 259,
        "interestIncomeExpense": -259,
        "minorityInterest": 25,
        "netIncome": 856,
        "netIncomeAfterTaxes": 831,
        "nonRecurringItems": -22,
        "otherOperatingExpensesTotal": 9814,
        "period": "2023-12-31",
        "pretaxIncome": 1001,
        "provisionforIncomeTaxes": 170,
        "revenue": 42647,
        "totalOperatingExpense": 41365
      },
      {
        "benefitsClaimsLossAdjustment": 30606,
        "depreciationAmortization": 212,
        "dilutedAverageSharesOutstanding": 236.5,
        "dilutedEPS": 5.4503,
        "ebit": 2643,
        "grossPremiumsEarned": 42480,
        "interestExpense": 259,
        "interestIncomeExpense": -259,
        "minorityInterest": -11,
        "netIncome": 1289,
        "netIncomeAfterTaxes": 1300,
        "nonRecurringItems": -730,
        "otherOperatingExpensesTotal": 9388,
        "period": "2023-09-30",
        "pretaxIncome": 1654,
        "provisionforIncomeTaxes": 354,
        "revenue": 42849,
        "totalOperatingExpense": 40206
      },
      {
        "benefitsClaimsLossAdjustment": 31604,
        "depreciationAmortization": 221,
        "dilutedAverageSharesOutstanding": 237.8,
        "dilutedEPS": 7.7923,
        "ebit": 2702,
        "grossPremiumsEarned": 43377,
        "interestExpense": 261,
        "interestIncomeExpense": -261,
        "minorityInterest": -3,
        "netIncome": 1853,
        "netIncomeAfterTaxes": 1856,
        "otherOperatingExpensesTotal": 9145,
        "period": "2023-06-30",
        "pretaxIncome": 2441,
        "provisionforIncomeTaxes": 585,
        "revenue": 43672,
        "totalOperatingExpense": 40970
      },
      {
        "benefitsClaimsLossAdjustment": 30786,
        "depreciationAmortization": 235,
        "dilutedAverageSharesOutstanding": 239.7,
        "dilutedEPS": 8.2979,
        "ebit": 2870,
        "grossPremiumsEarned": 41898,
        "interestExpense": 251,
        "interestIncomeExpense": -251,
        "minorityInterest": -15,
        "netIncome": 1989,
        "netIncomeAfterTaxes": 2004,
        "otherOperatingExpensesTotal": 8281,
        "period": "2023-03-31",
        "pretaxIncome": 2619,
        "provisionforIncomeTaxes": 615,
        "revenue": 42172,
        "totalOperatingExpense": 39302
      },
      {
        "benefitsClaimsLossAdjustment": 30091,
        "depreciationAmortization": 247,
        "dilutedAverageSharesOutstanding": 241.3,
        "dilutedEPS": 3.9329,
        "ebit": 1463,
        "grossPremiumsEarned": 39667,
        "interestExpense": 229,
        "interestIncomeExpense": -229,
        "minorityInterest": -12,
        "netIncome": 949,
        "netIncomeAfterTaxes": 961,
        "nonRecurringItems": -80,
        "otherOperatingExpensesTotal": 3646,
        "period": "2022-12-31",
        "pretaxIncome": 1154,
        "provisionforIncomeTaxes": 193,
        "revenue": 39929,
        "sgaExpense": 4482,
        "totalOperatingExpense": 38466
      },
      {
        "benefitsClaimsLossAdjustment": 29404,
        "depreciationAmortization": 225,
        "dilutedAverageSharesOutstanding": 242,
        "dilutedEPS": 6.68,
        "ebit": 2359,
        "grossPremiumsEarned": 39625,
        "interestExpense": 213,
        "interestIncomeExpense": -213,
        "minorityInterest": 5,
        "netIncome": 1618,
        "netIncomeAfterTaxes": 1613,
        "nonRecurringItems": 0,
        "otherOperatingExpensesTotal": 3437,
        "period": "2022-09-30",
        "pretaxIncome": 2146,
        "provisionforIncomeTaxes": 533,
        "revenue": 39939,
        "sgaExpense": 4514,
        "totalOperatingExpense": 37580
      },
      {
        "benefitsClaimsLossAdjustment": 28777,
        "depreciationAmortization": 166,
        "dilutedAverageSharesOutstanding": 243,
        "dilutedEPS": 6.79,
        "ebit": 2351,
        "grossPremiumsEarned": 38482,
        "interestExpense": 208,
        "interestIncomeExpense": -208,
        "minorityInterest": 3,
        "netIncome": 1653,
        "netIncomeAfterTaxes": 1650,
        "nonRecurringItems": 0,
        "otherOperatingExpensesTotal": 3069,
        "period": "2022-06-30",
        "pretaxIncome": 2143,
        "provisionforIncomeTaxes": 493,
        "revenue": 38632,
        "sgaExpense": 4269,
        "totalOperatingExpense": 36281
      },
      {
        "benefitsClaimsLossAdjustment": 28215,
        "depreciationAmortization": 129,
        "dilutedAverageSharesOutstanding": 244,
        "dilutedEPS": 7.39,
        "ebit": 2527,
        "grossPremiumsEarned": 37886,
        "interestExpense": 201,
        "interestIncomeExpense": -201,
        "minorityInterest": 10,
        "netIncome": 1805,
        "netIncomeAfterTaxes": 1795,
        "otherOperatingExpensesTotal": 2883,
        "period": "2022-03-31",
        "pretaxIncome": 2326,
        "provisionforIncomeTaxes": 531,
        "revenue": 38095,
        "sgaExpense": 4341,
        "totalOperatingExpense": 35568
      },
      {
        "benefitsClaimsLossAdjustment": 27538,
        "depreciationAmortization": 135,
        "dilutedAverageSharesOutstanding": 246,
        "dilutedEPS": 4.63,
        "ebit": 2027,
        "grossPremiumsEarned": 36018,
        "interestExpense": 200,
        "interestIncomeExpense": -200,
        "minorityInterest": 12,
        "netIncome": 1137,
        "netIncomeAfterTaxes": 1125,
        "nonRecurringItems": -427,
        "otherOperatingExpensesTotal": 3070,
        "period": "2021-12-31",
        "pretaxIncome": 1400,
        "provisionforIncomeTaxes": 275,
        "revenue": 36581,
        "sgaExpense": 3811,
        "totalOperatingExpense": 34554
      },
      {
        "benefitsClaimsLossAdjustment": 26645,
        "depreciationAmortization": 136,
        "dilutedAverageSharesOutstanding": 246,
        "dilutedEPS": 6.13,
        "ebit": 2197,
        "grossPremiumsEarned": 35548,
        "interestExpense": 201,
        "interestIncomeExpense": -201,
        "minorityInterest": 7,
        "netIncome": 1509,
        "netIncomeAfterTaxes": 1502,
        "nonRecurringItems": 0,
        "otherOperatingExpensesTotal": 2898,
        "period": "2021-09-30",
        "pretaxIncome": 1996,
        "provisionforIncomeTaxes": 494,
        "revenue": 35822,
        "sgaExpense": 3946,
        "totalOperatingExpense": 33625
      },
      {
        "benefitsClaimsLossAdjustment": 24763,
        "depreciationAmortization": 90,
        "dilutedAverageSharesOutstanding": 247,
        "dilutedEPS": 7.25,
        "ebit": 2563,
        "grossPremiumsEarned": 33279,
        "interestExpense": 205,
        "interestIncomeExpense": -205,
        "minorityInterest": -8,
        "netIncome": 1793,
        "netIncomeAfterTaxes": 1801,
        "nonRecurringItems": -5,
        "otherOperatingExpensesTotal": 2614,
        "period": "2021-06-30",
        "pretaxIncome": 2353,
        "provisionforIncomeTaxes": 552,
        "revenue": 33851,
        "sgaExpense": 3821,
        "totalOperatingExpense": 31288
      },
      {
        "benefitsClaimsLossAdjustment": 23699,
        "depreciationAmortization": 80,
        "dilutedAverageSharesOutstanding": 248,
        "dilutedEPS": 6.71,
        "ebit": 2368,
        "grossPremiumsEarned": 32098,
        "interestExpense": 192,
        "interestIncomeExpense": -192,
        "minorityInterest": -2,
        "netIncome": 1665,
        "netIncomeAfterTaxes": 1667,
        "nonRecurringItems": 0,
        "otherOperatingExpensesTotal": 2313,
        "period": "2021-03-31",
        "pretaxIncome": 2176,
        "provisionforIncomeTaxes": 509,
        "revenue": 32385,
        "sgaExpense": 3925,
        "totalOperatingExpense": 30017
      },
      {
        "benefitsClaimsLossAdjustment": 24088,
        "depreciationAmortization": 92,
        "dilutedAverageSharesOutstanding": 251,
        "dilutedEPS": 2.19,
        "ebit": 786,
        "grossPremiumsEarned": 31533,
        "interestExpense": 191,
        "interestIncomeExpense": -191,
        "netIncome": 551,
        "netIncomeAfterTaxes": 551,
        "nonRecurringItems": 16,
        "otherOperatingExpensesTotal": 2522,
        "period": "2020-12-31",
        "pretaxIncome": 611,
        "provisionforIncomeTaxes": 60,
        "revenue": 31760,
        "sgaExpense": 4272,
        "totalOperatingExpense": 30974
      },
      {
        "benefitsClaimsLossAdjustment": 22921,
        "depreciationAmortization": 93,
        "dilutedAverageSharesOutstanding": 254,
        "dilutedEPS": 0.87,
        "ebit": 1242,
        "grossPremiumsEarned": 30649,
        "interestExpense": 198,
        "interestIncomeExpense": -198,
        "netIncome": 222,
        "netIncomeAfterTaxes": 222,
        "nonRecurringItems": -655,
        "otherOperatingExpensesTotal": 2222,
        "period": "2020-09-30",
        "pretaxIncome": 389,
        "provisionforIncomeTaxes": 167,
        "revenue": 31176,
        "sgaExpense": 4698,
        "totalOperatingExpense": 29934
      },
      {
        "benefitsClaimsLossAdjustment": 19547,
        "depreciationAmortization": 93,
        "dilutedAverageSharesOutstanding": 255,
        "dilutedEPS": 8.91,
        "ebit": 3342,
        "grossPremiumsEarned": 29178,
        "interestExpense": 201,
        "interestIncomeExpense": -201,
        "netIncome": 2276,
        "netIncomeAfterTaxes": 2276,
        "nonRecurringItems": 8,
        "otherOperatingExpensesTotal": 2225,
        "period": "2020-06-30",
        "pretaxIncome": 3149,
        "provisionforIncomeTaxes": 873,
        "revenue": 29253,
        "sgaExpense": 4046,
        "totalOperatingExpense": 25911
      },
      {
        "benefitsClaimsLossAdjustment": 21489,
        "depreciationAmortization": 83,
        "dilutedAverageSharesOutstanding": 256,
        "dilutedEPS": 5.94,
        "ebit": 2341,
        "grossPremiumsEarned": 29448,
        "interestExpense": 194,
        "interestIncomeExpense": -194,
        "netIncome": 1523,
        "netIncomeAfterTaxes": 1523,
        "nonRecurringItems": -58,
        "otherOperatingExpensesTotal": 1984,
        "period": "2020-03-31",
        "pretaxIncome": 2089,
        "provisionforIncomeTaxes": 566,
        "revenue": 29678,
        "sgaExpense": 3781,
        "totalOperatingExpense": 27337
      },
      {
        "benefitsClaimsLossAdjustment": 21383,
        "depreciationAmortization": 82,
        "dilutedAverageSharesOutstanding": 258,
        "dilutedEPS": 3.62,
        "ebit": 1308,
        "grossPremiumsEarned": 27132,
        "interestExpense": 190,
        "interestIncomeExpense": -190,
        "netIncome": 934,
        "netIncomeAfterTaxes": 934,
        "nonRecurringItems": -20,
        "otherOperatingExpensesTotal": 1149,
        "period": "2019-12-31",
        "pretaxIncome": 1098,
        "provisionforIncomeTaxes": 164,
        "revenue": 27424,
        "sgaExpense": 3502,
        "totalOperatingExpense": 26116
      },
      {
        "benefitsClaimsLossAdjustment": 20753,
        "depreciationAmortization": 84,
        "dilutedAverageSharesOutstanding": 260,
        "dilutedEPS": 4.55,
        "ebit": 1687,
        "grossPremiumsEarned": 26444,
        "interestExpense": 185,
        "interestIncomeExpense": -185,
        "netIncome": 1183,
        "netIncomeAfterTaxes": 1183,
        "nonRecurringItems": -13,
        "otherOperatingExpensesTotal": 745,
        "period": "2019-09-30",
        "pretaxIncome": 1489,
        "provisionforIncomeTaxes": 306,
        "revenue": 26687,
        "sgaExpense": 3418,
        "totalOperatingExpense": 25000
      },
      {
        "benefitsClaimsLossAdjustment": 20368,
        "depreciationAmortization": 85,
        "dilutedAverageSharesOutstanding": 261,
        "dilutedEPS": 4.36,
        "ebit": 1644,
        "grossPremiumsEarned": 25177,
        "interestExpense": 184,
        "interestIncomeExpense": -184,
        "netIncome": 1139,
        "netIncomeAfterTaxes": 1139,
        "nonRecurringItems": -7,
        "otherOperatingExpensesTotal": 98,
        "period": "2019-06-30",
        "pretaxIncome": 1453,
        "provisionforIncomeTaxes": 314,
        "revenue": 25473,
        "sgaExpense": 3278,
        "totalOperatingExpense": 23829
      },
      {
        "benefitsClaimsLossAdjustment": 19282,
        "depreciationAmortization": 87,
        "dilutedAverageSharesOutstanding": 262,
        "dilutedEPS": 5.91,
        "ebit": 2141,
        "grossPremiumsEarned": 24388,
        "interestExpense": 187,
        "interestIncomeExpense": -187,
        "netIncome": 1551,
        "netIncomeAfterTaxes": 1551,
        "nonRecurringItems": -9,
        "period": "2019-03-31",
        "pretaxIncome": 1945,
        "provisionforIncomeTaxes": 394,
        "revenue": 24676,
        "sgaExpense": 3166,
        "totalOperatingExpense": 22535
      },
      {
        "benefitsClaimsLossAdjustment": 18936,
        "depreciationAmortization": 93,
        "dilutedAverageSharesOutstanding": 264,
        "dilutedEPS": 1.6,
        "ebit": 734,
        "grossPremiumsEarned": 23304,
        "interestExpense": 189,
        "interestIncomeExpense": -189,
        "netIncome": 425,
        "netIncomeAfterTaxes": 397,
        "nonRecurringItems": -2,
        "period": "2018-12-31",
        "pretaxIncome": 543,
        "provisionforIncomeTaxes": 146,
        "revenue": 23381,
        "sgaExpense": 3618,
        "totalOperatingExpense": 22647
      },
      {
        "benefitsClaimsLossAdjustment": 18185,
        "depreciationAmortization": 91,
        "dilutedAverageSharesOutstanding": 265,
        "dilutedEPS": 3.62,
        "ebit": 1435,
        "grossPremiumsEarned": 22980,
        "interestExpense": 188,
        "interestIncomeExpense": -188,
        "netIncome": 960,
        "netIncomeAfterTaxes": 960,
        "nonRecurringItems": -5,
        "period": "2018-09-30",
        "pretaxIncome": 1242,
        "provisionforIncomeTaxes": 282,
        "revenue": 23257,
        "sgaExpense": 3546,
        "totalOperatingExpense": 21822
      },
      {
        "benefitsClaimsLossAdjustment": 17728,
        "depreciationAmortization": 94,
        "dilutedAverageSharesOutstanding": 265,
        "dilutedEPS": 3.98,
        "ebit": 1699,
        "grossPremiumsEarned": 22715,
        "interestExpense": 191.7,
        "interestIncomeExpense": -192,
        "netIncome": 1053,
        "netIncomeAfterTaxes": 1053,
        "nonRecurringItems": -4,
        "period": "2018-06-30",
        "pretaxIncome": 1504,
        "provisionforIncomeTaxes": 450,
        "revenue": 22948,
        "sgaExpense": 3428,
        "totalOperatingExpense": 21249
      },
      {
        "benefitsClaimsLossAdjustment": 17046,
        "depreciationAmortization": 80,
        "dilutedAverageSharesOutstanding": 263,
        "dilutedEPS": 4.99,
        "ebit": 1992,
        "grossPremiumsEarned": 22342,
        "interestExpense": 184.2,
        "interestIncomeExpense": -184,
        "netIncome": 1313,
        "netIncomeAfterTaxes": 1313,
        "nonRecurringItems": -27,
        "period": "2018-03-31",
        "pretaxIncome": 1780,
        "provisionforIncomeTaxes": 468,
        "revenue": 22545,
        "sgaExpense": 3429,
        "totalOperatingExpense": 20554
      },
      {
        "benefitsClaimsLossAdjustment": 18673,
        "depreciationAmortization": 44,
        "dilutedAverageSharesOutstanding": 263,
        "dilutedEPS": 4.68,
        "ebit": 583,
        "grossPremiumsEarned": 22447,
        "interestExpense": 163.6,
        "interestIncomeExpense": -164,
        "netIncome": 1231,
        "netIncomeAfterTaxes": 122,
        "nonRecurringItems": -295,
        "period": "2017-12-31",
        "pretaxIncome": 124,
        "provisionforIncomeTaxes": 2,
        "revenue": 22693,
        "sgaExpense": 3393,
        "totalOperatingExpense": 22110
      },
      {
        "benefitsClaimsLossAdjustment": 18104,
        "depreciationAmortization": 42,
        "dilutedAverageSharesOutstanding": 267,
        "dilutedEPS": 2.8,
        "ebit": 1275,
        "grossPremiumsEarned": 22097,
        "interestExpense": 150.5,
        "interestIncomeExpense": -151,
        "netIncome": 747,
        "netIncomeAfterTaxes": 747,
        "nonRecurringItems": -6,
        "period": "2017-09-30",
        "pretaxIncome": 1119,
        "provisionforIncomeTaxes": 372,
        "revenue": 22432,
        "sgaExpense": 3011,
        "totalOperatingExpense": 21156
      },
      {
        "benefitsClaimsLossAdjustment": 17917,
        "depreciationAmortization": 41,
        "dilutedAverageSharesOutstanding": 271,
        "dilutedEPS": 3.16,
        "ebit": 1403,
        "grossPremiumsEarned": 22198,
        "interestExpense": 189.9,
        "interestIncomeExpense": -190,
        "netIncome": 855,
        "netIncomeAfterTaxes": 855,
        "nonRecurringItems": -7,
        "period": "2017-06-30",
        "pretaxIncome": 1206,
        "provisionforIncomeTaxes": 350,
        "revenue": 22414,
        "sgaExpense": 3054,
        "totalOperatingExpense": 21012
      },
      {
        "benefitsClaimsLossAdjustment": 17543,
        "depreciationAmortization": 42,
        "dilutedAverageSharesOutstanding": 270,
        "dilutedEPS": 3.73,
        "ebit": 1758,
        "grossPremiumsEarned": 22320,
        "interestExpense": 235,
        "interestIncomeExpense": -235,
        "netIncome": 1010,
        "netIncomeAfterTaxes": 1010,
        "nonRecurringItems": -8,
        "period": "2017-03-31",
        "pretaxIncome": 1515,
        "provisionforIncomeTaxes": 505,
        "revenue": 22534,
        "sgaExpense": 3191,
        "totalOperatingExpense": 20776
      },
      {
        "benefitsClaimsLossAdjustment": 17568,
        "depreciationAmortization": 47,
        "dilutedAverageSharesOutstanding": 269,
        "dilutedEPS": 1.37,
        "ebit": 848,
        "grossPremiumsEarned": 21485,
        "interestExpense": 177.3,
        "interestIncomeExpense": -177,
        "netIncome": 368,
        "netIncomeAfterTaxes": 368,
        "nonRecurringItems": -12,
        "period": "2016-12-31",
        "pretaxIncome": 659,
        "provisionforIncomeTaxes": 290,
        "revenue": 21726,
        "sgaExpense": 3264,
        "totalOperatingExpense": 20878
      },
      {
        "benefitsClaimsLossAdjustment": 16923,
        "depreciationAmortization": 47,
        "dilutedAverageSharesOutstanding": 268,
        "dilutedEPS": 2.3,
        "ebit": 1320,
        "grossPremiumsEarned": 21125,
        "interestExpense": 172.9,
        "interestIncomeExpense": -173,
        "netIncome": 618,
        "netIncomeAfterTaxes": 618,
        "nonRecurringItems": -11,
        "period": "2016-09-30",
        "pretaxIncome": 1137,
        "provisionforIncomeTaxes": 519,
        "revenue": 21415,
        "sgaExpense": 3125,
        "totalOperatingExpense": 20095
      },
      {
        "benefitsClaimsLossAdjustment": 16805,
        "depreciationAmortization": 48,
        "dilutedAverageSharesOutstanding": 268,
        "dilutedEPS": 2.91,
        "ebit": 1660,
        "grossPremiumsEarned": 21275,
        "interestExpense": 185.7,
        "interestIncomeExpense": -186,
        "netIncome": 781,
        "netIncomeAfterTaxes": 781,
        "nonRecurringItems": -26,
        "period": "2016-06-30",
        "pretaxIncome": 1448,
        "provisionforIncomeTaxes": 668,
        "revenue": 21482,
        "sgaExpense": 2969,
        "totalOperatingExpense": 19822
      },
      {
        "benefitsClaimsLossAdjustment": 15539,
        "depreciationAmortization": 50,
        "dilutedAverageSharesOutstanding": 268,
        "dilutedEPS": 2.63,
        "ebit": 1566,
        "grossPremiumsEarned": 20309,
        "interestExpense": 187.1,
        "interestIncomeExpense": -187,
        "netIncome": 703,
        "netIncomeAfterTaxes": 703,
        "nonRecurringItems": -67,
        "period": "2016-03-31",
        "pretaxIncome": 1312,
        "provisionforIncomeTaxes": 609,
        "revenue": 20355,
        "sgaExpense": 3200,
        "totalOperatingExpense": 18789
      },
      {
        "benefitsClaimsLossAdjustment": 16316,
        "depreciationAmortization": 58,
        "dilutedAverageSharesOutstanding": 268,
        "dilutedEPS": 0.68,
        "ebit": 575,
        "grossPremiumsEarned": 20024,
        "interestExpense": 179.7,
        "interestIncomeExpense": -180,
        "netIncome": 181,
        "netIncomeAfterTaxes": 181,
        "nonRecurringItems": -21,
        "period": "2015-12-31",
        "pretaxIncome": 374,
        "provisionforIncomeTaxes": 193,
        "revenue": 20216,
        "sgaExpense": 3268,
        "totalOperatingExpense": 19641
      },
      {
        "benefitsClaimsLossAdjustment": 15469,
        "depreciationAmortization": 60,
        "dilutedAverageSharesOutstanding": 269,
        "dilutedEPS": 2.43,
        "ebit": 1311,
        "grossPremiumsEarned": 19771,
        "interestExpense": 164.8,
        "interestIncomeExpense": -165,
        "netIncome": 655,
        "netIncomeAfterTaxes": 655,
        "nonRecurringItems": -17,
        "period": "2015-09-30",
        "pretaxIncome": 1130,
        "provisionforIncomeTaxes": 475,
        "revenue": 19921,
        "sgaExpense": 3080,
        "totalOperatingExpense": 18609
      }
    ],
    "symbol": "ELV"
  }
}