{
  "symbol": "PWR",
  "statement": "ic",
  "frequency": "annual",
  "timestamp": "2025-09-19T14:05:56.995775",
  "data": {
    "financials": [
      {
        "costOfGoodsSold": 20162.034,
        "depreciationAmortization": 382.959,
        "dilutedAverageSharesOutstanding": 150.056,
        "dilutedEPS": 6.03,
        "ebit": 1295.984,
        "grossIncome": 3510.761,
        "interestExpense": 202.687,
        "interestIncomeExpense": -124.169,
        "minorityInterest": -22.459,
        "netIncome": 904.824,
        "netIncomeAfterTaxes": 927.283,
        "nonRecurringItems": 0,
        "otherOperatingExpensesTotal": 7.064,
        "period": "2024-12-31",
        "pretaxIncome": 1212.03,
        "provisionforIncomeTaxes": 284.747,
        "revenue": 23672.795,
        "sgaExpense": 1824.754,
        "totalOperatingExpense": 2214.777,
        "totalOtherIncomeExpenseNet": 40.215,
        "year": 2024
      },
      {
        "costOfGoodsSold": 17945.12,
        "depreciationAmortization": 289.014,
        "dilutedAverageSharesOutstanding": 148.823,
        "dilutedEPS": 5,
        "ebit": 1086.367,
        "grossIncome": 2937.086,
        "interestExpense": 186.913,
        "interestIncomeExpense": -132.978,
        "minorityInterest": -6,
        "netIncome": 744.689,
        "netIncomeAfterTaxes": 750.689,
        "nonRecurringItems": 0,
        "otherOperatingExpensesTotal": 6.568,
        "period": "2023-12-31",
        "pretaxIncome": 969.956,
        "provisionforIncomeTaxes": 219.267,
        "revenue": 20882.206,
        "sgaExpense": 1555.137,
        "totalOperatingExpense": 1850.719,
        "totalOtherIncomeExpenseNet": 16.567,
        "year": 2023
      },
      {
        "costOfGoodsSold": 14544.748,
        "depreciationAmortization": 353.973,
        "dilutedAverageSharesOutstanding": 147.992,
        "dilutedEPS": 3.32,
        "ebit": 834.049,
        "grossIncome": 2529.155,
        "interestExpense": 124.363,
        "interestIncomeExpense": -138.569,
        "minorityInterest": -20.454,
        "netIncome": 491.189,
        "netIncomeAfterTaxes": 511.643,
        "nonRecurringItems": -14.457,
        "otherOperatingExpensesTotal": 4.422,
        "period": "2022-12-31",
        "pretaxIncome": 703.886,
        "provisionforIncomeTaxes": 192.243,
        "revenue": 17073.903,
        "sgaExpense": 1336.711,
        "totalOperatingExpense": 1695.106,
        "totalOtherIncomeExpenseNet": 22.863,
        "year": 2022
      },
      {
        "costOfGoodsSold": 11026.954,
        "depreciationAmortization": 165.366,
        "dilutedAverageSharesOutstanding": 145.373,
        "dilutedEPS": 3.34,
        "ebit": 625.203,
        "grossIncome": 1953.259,
        "interestExpense": 68.899,
        "interestIncomeExpense": -21.644,
        "minorityInterest": -6.027,
        "netIncome": 485.956,
        "netIncomeAfterTaxes": 491.983,
        "nonRecurringItems": -5.743,
        "otherOperatingExpensesTotal": 6.734,
        "period": "2021-12-31",
        "pretaxIncome": 622.901,
        "provisionforIncomeTaxes": 130.918,
        "revenue": 12980.213,
        "sgaExpense": 1155.956,
        "totalOperatingExpense": 1328.056,
        "totalOtherIncomeExpenseNet": 25.085,
        "year": 2021
      },
      {
        "costOfGoodsSold": 9541.825,
        "depreciationAmortization": 76.704,
        "dilutedAverageSharesOutstanding": 145.247,
        "dilutedEPS": 3.07,
        "ebit": 586.25,
        "grossIncome": 1660.847,
        "interestExpense": 45.013,
        "interestIncomeExpense": -31.261,
        "minorityInterest": -6.363,
        "netIncome": 445.596,
        "netIncomeAfterTaxes": 451.959,
        "nonRecurringItems": 4.518,
        "otherOperatingExpensesTotal": 0.719,
        "period": "2020-12-31",
        "pretaxIncome": 571.346,
        "provisionforIncomeTaxes": 119.387,
        "revenue": 11202.672,
        "sgaExpense": 997.174,
        "totalOperatingExpense": 1074.597,
        "totalOtherIncomeExpenseNet": 11.839,
        "year": 2020
      },
      {
        "costOfGoodsSold": 10511.901,
        "depreciationAmortization": 62.091,
        "dilutedAverageSharesOutstanding": 147.534,
        "dilutedEPS": 2.73,
        "ebit": 568.766,
        "grossIncome": 1600.252,
        "interestExpense": 66.89,
        "interestIncomeExpense": -65.963,
        "minorityInterest": -4.771,
        "netIncome": 402.044,
        "netIncomeAfterTaxes": 406.815,
        "nonRecurringItems": -13.892,
        "otherOperatingExpensesTotal": 13.404,
        "period": "2019-12-31",
        "pretaxIncome": 572.287,
        "provisionforIncomeTaxes": 165.472,
        "revenue": 12112.153,
        "sgaExpense": 955.991,
        "totalOperatingExpense": 1031.486,
        "totalOtherIncomeExpenseNet": 83.376,
        "year": 2019
      },
      {
        "costOfGoodsSold": 9691.459,
        "depreciationAmortization": 43.994,
        "dilutedAverageSharesOutstanding": 154.226,
        "dilutedEPS": 1.9,
        "ebit": 589.644,
        "grossIncome": 1479.964,
        "interestExpense": 36.945,
        "interestIncomeExpense": -35.39,
        "minorityInterest": -2.661,
        "netIncome": 293.346,
        "netIncomeAfterTaxes": 289.712,
        "nonRecurringItems": -49.375,
        "otherOperatingExpensesTotal": -11.248,
        "period": "2018-12-31",
        "pretaxIncome": 457.666,
        "provisionforIncomeTaxes": 167.954,
        "revenue": 11171.423,
        "sgaExpense": 857.574,
        "totalOperatingExpense": 890.32,
        "totalOtherIncomeExpenseNet": -47.213,
        "year": 2018
      },
      {
        "costOfGoodsSold": 8224.618,
        "depreciationAmortization": 32.205,
        "dilutedAverageSharesOutstanding": 157.155,
        "dilutedEPS": 2,
        "ebit": 436.906,
        "grossIncome": 1241.86,
        "interestExpense": 20.946,
        "interestIncomeExpense": -20.114,
        "minorityInterest": -3.247,
        "netIncome": 314.978,
        "netIncomeAfterTaxes": 248.125,
        "nonRecurringItems": -58.057,
        "otherOperatingExpensesTotal": -5.171,
        "period": "2017-12-31",
        "pretaxIncome": 353.757,
        "provisionforIncomeTaxes": 105.632,
        "revenue": 9466.478,
        "sgaExpense": 777.92,
        "totalOperatingExpense": 804.954,
        "totalOtherIncomeExpenseNet": -4.978,
        "year": 2017
      },
      {
        "costOfGoodsSold": 6637.519,
        "depreciationAmortization": 31.685,
        "dilutedAverageSharesOutstanding": 157.288,
        "dilutedEPS": 1.26,
        "ebit": 328.777,
        "grossIncome": 1013.8,
        "interestExpense": 14.887,
        "interestIncomeExpense": -13.443,
        "minorityInterest": -1.715,
        "netIncome": 198.383,
        "netIncomeAfterTaxes": 200.44,
        "nonRecurringItems": -7.964,
        "period": "2016-12-31",
        "pretaxIncome": 307.686,
        "provisionforIncomeTaxes": 107.246,
        "revenue": 7651.319,
        "sgaExpense": 653.338,
        "totalOperatingExpense": 685.023,
        "totalOtherIncomeExpenseNet": 0.316,
        "year": 2016
      },
      {
        "costOfGoodsSold": 6648.771,
        "depreciationAmortization": 34.848,
        "dilutedAverageSharesOutstanding": 195.12,
        "dilutedEPS": 1.59,
        "ebit": 295.954,
        "grossIncome": 923.665,
        "interestExpense": 8.024,
        "interestIncomeExpense": -6.997,
        "minorityInterest": -10.917,
        "netIncome": 310.907,
        "netIncomeAfterTaxes": 131.203,
        "nonRecurringItems": -58.451,
        "period": "2015-12-31",
        "pretaxIncome": 228.675,
        "provisionforIncomeTaxes": 97.472,
        "revenue": 7572.436,
        "sgaExpense": 592.863,
        "totalOperatingExpense": 627.711,
        "totalOtherIncomeExpenseNet": -1.831,
        "year": 2015
      }
    ],
    "symbol": "PWR"
  }
}