{
  "symbol": "GILD",
  "statement": "ic",
  "frequency": "quarterly",
  "timestamp": "2025-09-19T14:01:09.051506",
  "data": {
    "financials": [
      {
        "costOfGoodsSold": 1501,
        "dilutedAverageSharesOutstanding": 1255,
        "dilutedEPS": 1.5618,
        "ebit": 2738,
        "grossIncome": 5581,
        "interestExpense": 254,
        "interestIncomeExpense": -39,
        "minorityInterest": 0,
        "netIncome": 1960,
        "netIncomeAfterTaxes": 1961,
        "nonRecurringItems": -264,
        "period": "2025-06-30",
        "pretaxIncome": 2429,
        "provisionforIncomeTaxes": 468,
        "researchDevelopment": 1485,
        "revenue": 7082,
        "sgaExpense": 1358,
        "totalOperatingExpense": 2843,
        "totalOtherIncomeExpenseNet": -6
      },
      {
        "costOfGoodsSold": 1540,
        "dilutedAverageSharesOutstanding": 1259,
        "dilutedEPS": 1.0445,
        "ebit": 2564,
        "grossIncome": 5127,
        "interestExpense": 260,
        "interestIncomeExpense": -592,
        "minorityInterest": 0,
        "netIncome": 1315,
        "netIncomeAfterTaxes": 1315,
        "nonRecurringItems": -327,
        "period": "2025-03-31",
        "pretaxIncome": 1649,
        "provisionforIncomeTaxes": 334,
        "researchDevelopment": 1341,
        "revenue": 6667,
        "sgaExpense": 1222,
        "totalOperatingExpense": 2563,
        "totalOtherIncomeExpenseNet": 4
      },
      {
        "costOfGoodsSold": 1581,
        "dilutedAverageSharesOutstanding": 1279,
        "dilutedEPS": 1.3941,
        "ebit": 2517,
        "grossIncome": 5988,
        "interestExpense": 249,
        "interestIncomeExpense": -290,
        "minorityInterest": 0,
        "netIncome": 1783,
        "netIncomeAfterTaxes": 1782,
        "nonRecurringItems": -65,
        "otherOperatingExpensesTotal": -1,
        "period": "2024-12-31",
        "pretaxIncome": 2167,
        "provisionforIncomeTaxes": 385,
        "researchDevelopment": 1611,
        "revenue": 7569,
        "sgaExpense": 1861,
        "totalOperatingExpense": 3471,
        "totalOtherIncomeExpenseNet": 5
      },
      {
        "costOfGoodsSold": 1574,
        "dilutedAverageSharesOutstanding": 1254,
        "dilutedEPS": 1,
        "ebit": 3185,
        "grossIncome": 5971,
        "interestExpense": 238,
        "interestIncomeExpense": -238,
        "minorityInterest": 0,
        "netIncome": 1253,
        "netIncomeAfterTaxes": 1253,
        "nonRecurringItems": -2297,
        "period": "2024-09-30",
        "pretaxIncome": 956,
        "provisionforIncomeTaxes": -297,
        "researchDevelopment": 1381,
        "revenue": 7545,
        "sgaExpense": 1405,
        "totalOperatingExpense": 2786,
        "totalOtherIncomeExpenseNet": 306
      },
      {
        "costOfGoodsSold": 1544,
        "dilutedAverageSharesOutstanding": 1251,
        "dilutedEPS": 1.29,
        "ebit": 2703,
        "grossIncome": 5410,
        "interestExpense": 237,
        "interestIncomeExpense": -594,
        "minorityInterest": 0,
        "netIncome": 1614,
        "netIncomeAfterTaxes": 1615,
        "nonRecurringItems": -59,
        "otherOperatingExpensesTotal": 0,
        "period": "2024-06-30",
        "pretaxIncome": 2053,
        "provisionforIncomeTaxes": 438,
        "researchDevelopment": 1338,
        "revenue": 6954,
        "sgaExpense": 1369,
        "totalOperatingExpense": 2707,
        "totalOtherIncomeExpenseNet": 3
      },
      {
        "costOfGoodsSold": 1552,
        "dilutedAverageSharesOutstanding": 1247,
        "dilutedEPS": -3.34,
        "ebit": 2436,
        "grossIncome": 5134,
        "interestExpense": 254,
        "interestIncomeExpense": -160,
        "minorityInterest": 0,
        "netIncome": -4170,
        "netIncomeAfterTaxes": -4171,
        "nonRecurringItems": -6758,
        "period": "2024-03-31",
        "pretaxIncome": -4486,
        "provisionforIncomeTaxes": -315,
        "researchDevelopment": 1403,
        "revenue": 6686,
        "sgaExpense": 1295,
        "totalOperatingExpense": 2698,
        "totalOtherIncomeExpenseNet": -4
      },
      {
        "costOfGoodsSold": 1611,
        "dilutedAverageSharesOutstanding": 1255,
        "dilutedEPS": 1.14,
        "ebit": 2536,
        "grossIncome": 5503,
        "interestExpense": 252,
        "interestIncomeExpense": 44,
        "minorityInterest": 12,
        "netIncome": 1429,
        "netIncomeAfterTaxes": 1416,
        "nonRecurringItems": -924,
        "otherOperatingExpensesTotal": -1,
        "period": "2023-12-31",
        "pretaxIncome": 1653,
        "provisionforIncomeTaxes": 237,
        "researchDevelopment": 1388,
        "revenue": 7114,
        "sgaExpense": 1580,
        "totalOperatingExpense": 2967,
        "totalOtherIncomeExpenseNet": -3
      },
      {
        "costOfGoodsSold": 1565,
        "dilutedAverageSharesOutstanding": 1257,
        "dilutedEPS": 1.73,
        "ebit": 2714,
        "grossIncome": 5486,
        "interestExpense": 232,
        "interestIncomeExpense": -400,
        "minorityInterest": 8,
        "netIncome": 2180,
        "netIncomeAfterTaxes": 2172,
        "nonRecurringItems": -91,
        "period": "2023-09-30",
        "pretaxIncome": 2318,
        "provisionforIncomeTaxes": 146,
        "researchDevelopment": 1457,
        "revenue": 7051,
        "sgaExpense": 1315,
        "totalOperatingExpense": 2772,
        "totalOtherIncomeExpenseNet": 95
      },
      {
        "costOfGoodsSold": 1442,
        "dilutedAverageSharesOutstanding": 1258,
        "dilutedEPS": 0.83,
        "ebit": 2426,
        "grossIncome": 5157,
        "interestExpense": 230,
        "interestIncomeExpense": -161,
        "minorityInterest": 6,
        "netIncome": 1045,
        "netIncomeAfterTaxes": 1039,
        "nonRecurringItems": -761,
        "period": "2023-06-30",
        "pretaxIncome": 1588,
        "provisionforIncomeTaxes": 549,
        "researchDevelopment": 1407,
        "revenue": 6599,
        "sgaExpense": 1324,
        "totalOperatingExpense": 2731,
        "totalOtherIncomeExpenseNet": 84
      },
      {
        "costOfGoodsSold": 1401,
        "dilutedAverageSharesOutstanding": 1261,
        "dilutedEPS": 0.8,
        "ebit": 2186,
        "grossIncome": 4951,
        "interestExpense": 230,
        "interestIncomeExpense": -486,
        "minorityInterest": 26,
        "netIncome": 1010,
        "netIncomeAfterTaxes": 984,
        "nonRecurringItems": -481,
        "otherOperatingExpensesTotal": -1,
        "period": "2023-03-31",
        "pretaxIncome": 1300,
        "provisionforIncomeTaxes": 316,
        "researchDevelopment": 1447,
        "revenue": 6352,
        "sgaExpense": 1319,
        "totalOperatingExpense": 2765,
        "totalOtherIncomeExpenseNet": 81
      },
      {
        "costOfGoodsSold": 1396,
        "dilutedAverageSharesOutstanding": 1265,
        "dilutedEPS": 1.3,
        "ebit": 2831,
        "grossIncome": 5993,
        "interestExpense": 226,
        "interestIncomeExpense": -287,
        "minorityInterest": 7,
        "netIncome": 1640,
        "netIncomeAfterTaxes": 1633,
        "nonRecurringItems": -564,
        "period": "2022-12-31",
        "pretaxIncome": 2031,
        "provisionforIncomeTaxes": 398,
        "researchDevelopment": 1548,
        "revenue": 7389,
        "sgaExpense": 1614,
        "totalOperatingExpense": 3162,
        "totalOtherIncomeExpenseNet": 51
      },
      {
        "costOfGoodsSold": 1395,
        "dilutedAverageSharesOutstanding": 1261,
        "dilutedEPS": 1.42,
        "ebit": 3285,
        "grossIncome": 5647,
        "interestExpense": 229,
        "interestIncomeExpense": -426,
        "minorityInterest": 3,
        "netIncome": 1789,
        "netIncomeAfterTaxes": 1786,
        "nonRecurringItems": -448,
        "period": "2022-09-30",
        "pretaxIncome": 2432,
        "provisionforIncomeTaxes": 646,
        "researchDevelopment": 1149,
        "revenue": 7042,
        "sgaExpense": 1213,
        "totalOperatingExpense": 2362,
        "totalOtherIncomeExpenseNet": 21
      },
      {
        "costOfGoodsSold": 1442,
        "dilutedAverageSharesOutstanding": 1260,
        "dilutedEPS": 0.91,
        "ebit": 2359,
        "grossIncome": 4818,
        "interestExpense": 242,
        "interestIncomeExpense": -545,
        "minorityInterest": 9,
        "netIncome": 1144,
        "netIncomeAfterTaxes": 1135,
        "nonRecurringItems": -330,
        "period": "2022-06-30",
        "pretaxIncome": 1503,
        "provisionforIncomeTaxes": 368,
        "researchDevelopment": 1102,
        "revenue": 6260,
        "sgaExpense": 1357,
        "totalOperatingExpense": 2459,
        "totalOtherIncomeExpenseNet": 19
      },
      {
        "costOfGoodsSold": 1424,
        "dilutedAverageSharesOutstanding": 1262,
        "dilutedEPS": 0.02,
        "ebit": 2897,
        "grossIncome": 5166,
        "interestExpense": 238,
        "interestIncomeExpense": -334,
        "minorityInterest": 7,
        "netIncome": 19,
        "netIncomeAfterTaxes": 12,
        "nonRecurringItems": -2700,
        "period": "2022-03-31",
        "pretaxIncome": -152,
        "provisionforIncomeTaxes": -164,
        "researchDevelopment": 1186,
        "revenue": 6590,
        "sgaExpense": 1083,
        "totalOperatingExpense": 2269,
        "totalOtherIncomeExpenseNet": -15
      },
      {
        "costOfGoodsSold": 2627,
        "dilutedAverageSharesOutstanding": 1262,
        "dilutedEPS": 0.3,
        "ebit": 940,
        "grossIncome": 4617,
        "interestExpense": 238,
        "interestIncomeExpense": -181,
        "minorityInterest": 6,
        "netIncome": 382,
        "netIncomeAfterTaxes": 376,
        "nonRecurringItems": 0,
        "period": "2021-12-31",
        "pretaxIncome": 759,
        "provisionforIncomeTaxes": 383,
        "researchDevelopment": 2027,
        "revenue": 7244,
        "sgaExpense": 1650,
        "totalOperatingExpense": 3677
      },
      {
        "costOfGoodsSold": 1223,
        "dilutedAverageSharesOutstanding": 1262,
        "dilutedEPS": 2.05,
        "ebit": 3861,
        "grossIncome": 6198,
        "interestExpense": 250,
        "interestIncomeExpense": -392,
        "minorityInterest": 6,
        "netIncome": 2592,
        "netIncomeAfterTaxes": 2586,
        "nonRecurringItems": -19,
        "period": "2021-09-30",
        "pretaxIncome": 3438,
        "provisionforIncomeTaxes": 852,
        "researchDevelopment": 1147,
        "revenue": 7421,
        "sgaExpense": 1190,
        "totalOperatingExpense": 2337,
        "totalOtherIncomeExpenseNet": -12
      },
      {
        "costOfGoodsSold": 1390,
        "dilutedAverageSharesOutstanding": 1260,
        "dilutedEPS": 1.21,
        "ebit": 2342,
        "grossIncome": 4827,
        "interestExpense": 256,
        "interestIncomeExpense": -430,
        "minorityInterest": 5,
        "netIncome": 1522,
        "netIncomeAfterTaxes": 1517,
        "nonRecurringItems": -96,
        "period": "2021-06-30",
        "pretaxIncome": 1817,
        "provisionforIncomeTaxes": 300,
        "researchDevelopment": 1134,
        "revenue": 6217,
        "sgaExpense": 1351,
        "totalOperatingExpense": 2485,
        "totalOtherIncomeExpenseNet": 1
      },
      {
        "costOfGoodsSold": 1361,
        "dilutedAverageSharesOutstanding": 1262,
        "dilutedEPS": 1.37,
        "ebit": 2963,
        "grossIncome": 5062,
        "interestExpense": 257,
        "interestIncomeExpense": -608,
        "minorityInterest": 7,
        "netIncome": 1729,
        "netIncomeAfterTaxes": 1722,
        "nonRecurringItems": -73,
        "period": "2021-03-31",
        "pretaxIncome": 2264,
        "provisionforIncomeTaxes": 542,
        "researchDevelopment": 1055,
        "revenue": 6423,
        "sgaExpense": 1044,
        "totalOperatingExpense": 2099,
        "totalOtherIncomeExpenseNet": -18
      },
      {
        "costOfGoodsSold": 1398,
        "dilutedAverageSharesOutstanding": 1281,
        "dilutedEPS": 1.21,
        "ebit": 2715,
        "grossIncome": 6023,
        "interestExpense": 267,
        "interestIncomeExpense": -921,
        "minorityInterest": 7,
        "netIncome": 1551,
        "netIncomeAfterTaxes": 1544,
        "nonRecurringItems": -64,
        "period": "2020-12-31",
        "pretaxIncome": 1814,
        "provisionforIncomeTaxes": 270,
        "researchDevelopment": 1578,
        "revenue": 7421,
        "sgaExpense": 1730,
        "totalOperatingExpense": 3308,
        "totalOtherIncomeExpenseNet": 84
      },
      {
        "costOfGoodsSold": 1141,
        "dilutedAverageSharesOutstanding": 1261,
        "dilutedEPS": 0.29,
        "ebit": 3172,
        "grossIncome": 5436,
        "interestExpense": 236,
        "interestIncomeExpense": -1200,
        "minorityInterest": 7,
        "netIncome": 360,
        "netIncomeAfterTaxes": 353,
        "nonRecurringItems": -1171,
        "period": "2020-09-30",
        "pretaxIncome": 825,
        "provisionforIncomeTaxes": 472,
        "researchDevelopment": 1158,
        "revenue": 6577,
        "sgaExpense": 1106,
        "totalOperatingExpense": 2264,
        "totalOtherIncomeExpenseNet": 24
      },
      {
        "costOfGoodsSold": 1064,
        "dilutedAverageSharesOutstanding": 1255,
        "dilutedEPS": -2.66,
        "ebit": 1541,
        "grossIncome": 4079,
        "interestExpense": 240,
        "interestIncomeExpense": -39,
        "minorityInterest": 7,
        "netIncome": -3339,
        "netIncomeAfterTaxes": -3346,
        "nonRecurringItems": -4524,
        "period": "2020-06-30",
        "pretaxIncome": -2973,
        "provisionforIncomeTaxes": 373,
        "researchDevelopment": 1299,
        "revenue": 5143,
        "sgaExpense": 1239,
        "totalOperatingExpense": 2538,
        "totalOtherIncomeExpenseNet": 49
      },
      {
        "costOfGoodsSold": 969,
        "dilutedAverageSharesOutstanding": 1270,
        "dilutedEPS": 1.22,
        "ebit": 2402,
        "grossIncome": 4579,
        "interestExpense": 241,
        "interestIncomeExpense": -500,
        "minorityInterest": 13,
        "netIncome": 1551,
        "netIncomeAfterTaxes": 1538,
        "period": "2020-03-31",
        "pretaxIncome": 2003,
        "provisionforIncomeTaxes": 465,
        "researchDevelopment": 1101,
        "revenue": 5548,
        "sgaExpense": 1076,
        "totalOperatingExpense": 2177,
        "totalOtherIncomeExpenseNet": 101
      },
      {
        "costOfGoodsSold": 1683,
        "dilutedAverageSharesOutstanding": 1274,
        "dilutedEPS": 2.12,
        "ebit": 1093,
        "grossIncome": 4196,
        "interestExpense": 243,
        "interestIncomeExpense": 638,
        "minorityInterest": 7,
        "netIncome": 2696,
        "netIncomeAfterTaxes": 2689,
        "period": "2019-12-31",
        "pretaxIncome": 1901,
        "provisionforIncomeTaxes": -788,
        "researchDevelopment": 1899,
        "revenue": 5879,
        "sgaExpense": 1204,
        "totalOperatingExpense": 3103,
        "totalOtherIncomeExpenseNet": 170
      },
      {
        "costOfGoodsSold": 1035,
        "dilutedAverageSharesOutstanding": 1267,
        "dilutedEPS": -0.92,
        "ebit": -1473,
        "grossIncome": 4569,
        "interestExpense": 250,
        "interestIncomeExpense": -152,
        "minorityInterest": 3,
        "netIncome": -1165,
        "netIncomeAfterTaxes": -1168,
        "period": "2019-09-30",
        "pretaxIncome": -1501,
        "provisionforIncomeTaxes": -333,
        "researchDevelopment": 4990,
        "revenue": 5604,
        "sgaExpense": 1052,
        "totalOperatingExpense": 6042,
        "totalOtherIncomeExpenseNet": 124
      },
      {
        "costOfGoodsSold": 1000,
        "dilutedAverageSharesOutstanding": 1277,
        "dilutedEPS": 1.47,
        "ebit": 2430,
        "grossIncome": 4685,
        "interestExpense": 248,
        "interestIncomeExpense": -196,
        "minorityInterest": 5,
        "netIncome": 1880,
        "netIncomeAfterTaxes": 1875,
        "period": "2019-06-30",
        "pretaxIncome": 2410,
        "provisionforIncomeTaxes": 535,
        "researchDevelopment": 1160,
        "revenue": 5685,
        "sgaExpense": 1095,
        "totalOperatingExpense": 2255,
        "totalOtherIncomeExpenseNet": 176
      },
      {
        "costOfGoodsSold": 957,
        "dilutedAverageSharesOutstanding": 1283,
        "dilutedEPS": 1.54,
        "ebit": 2237,
        "grossIncome": 4324,
        "interestExpense": 254,
        "interestIncomeExpense": -63,
        "minorityInterest": 7,
        "netIncome": 1975,
        "netIncomeAfterTaxes": 1968,
        "period": "2019-03-31",
        "pretaxIncome": 2350,
        "provisionforIncomeTaxes": 382,
        "researchDevelopment": 1057,
        "revenue": 5281,
        "sgaExpense": 1030,
        "totalOperatingExpense": 2087,
        "totalOtherIncomeExpenseNet": 176
      },
      {
        "costOfGoodsSold": 1570,
        "dilutedAverageSharesOutstanding": 1293,
        "dilutedEPS": 0.01,
        "ebit": 1144,
        "grossIncome": 4225,
        "interestExpense": 257,
        "interestIncomeExpense": -304,
        "minorityInterest": 0,
        "netIncome": 3,
        "netIncomeAfterTaxes": 17,
        "period": "2018-12-31",
        "pretaxIncome": 1016,
        "provisionforIncomeTaxes": 999,
        "researchDevelopment": 1950,
        "revenue": 5795,
        "sgaExpense": 1131,
        "totalOperatingExpense": 3081,
        "totalOtherIncomeExpenseNet": 176
      },
      {
        "costOfGoodsSold": 1086,
        "dilutedAverageSharesOutstanding": 1307,
        "dilutedEPS": 1.6,
        "ebit": 2623,
        "grossIncome": 4510,
        "interestExpense": 264,
        "interestIncomeExpense": -81,
        "minorityInterest": -2,
        "netIncome": 2097,
        "netIncomeAfterTaxes": 2099,
        "period": "2018-09-30",
        "pretaxIncome": 2664,
        "provisionforIncomeTaxes": 565,
        "researchDevelopment": 939,
        "revenue": 5596,
        "sgaExpense": 948,
        "totalOperatingExpense": 1887,
        "totalOtherIncomeExpenseNet": 122
      },
      {
        "costOfGoodsSold": 1196,
        "dilutedAverageSharesOutstanding": 1308,
        "dilutedEPS": 1.38,
        "ebit": 2280,
        "grossIncome": 4452,
        "interestExpense": 266,
        "interestIncomeExpense": -320,
        "minorityInterest": -2,
        "netIncome": 1817,
        "netIncomeAfterTaxes": 1809,
        "period": "2018-06-30",
        "pretaxIncome": 2086,
        "provisionforIncomeTaxes": 277,
        "researchDevelopment": 1192,
        "revenue": 5648,
        "sgaExpense": 980,
        "totalOperatingExpense": 2172,
        "totalOtherIncomeExpenseNet": 126
      },
      {
        "costOfGoodsSold": 1001,
        "dilutedAverageSharesOutstanding": 1320,
        "dilutedEPS": 1.17,
        "ebit": 2153,
        "grossIncome": 4087,
        "interestExpense": 290,
        "interestIncomeExpense": -259,
        "minorityInterest": -1,
        "netIncome": 1538,
        "netIncomeAfterTaxes": 1539,
        "period": "2018-03-31",
        "pretaxIncome": 2033,
        "provisionforIncomeTaxes": 494,
        "researchDevelopment": 937,
        "revenue": 5088,
        "sgaExpense": 997,
        "totalOperatingExpense": 1934,
        "totalOtherIncomeExpenseNet": 139
      },
      {
        "costOfGoodsSold": 1256,
        "dilutedAverageSharesOutstanding": 1307,
        "dilutedEPS": -2.95,
        "ebit": 2291,
        "grossIncome": 4693,
        "interestExpense": 297,
        "interestIncomeExpense": -289,
        "minorityInterest": -29,
        "netIncome": -3865,
        "netIncomeAfterTaxes": 1656,
        "period": "2017-12-31",
        "pretaxIncome": 2126,
        "provisionforIncomeTaxes": 470,
        "researchDevelopment": 1150,
        "revenue": 5949,
        "sgaExpense": 1252,
        "totalOperatingExpense": 2402,
        "totalOtherIncomeExpenseNet": 124
      },
      {
        "costOfGoodsSold": 1032,
        "dilutedAverageSharesOutstanding": 1319,
        "dilutedEPS": 2.06,
        "ebit": 3812,
        "grossIncome": 5480,
        "interestExpense": 291,
        "interestIncomeExpense": -283,
        "minorityInterest": 6,
        "netIncome": 2718,
        "netIncomeAfterTaxes": 2712,
        "period": "2017-09-30",
        "pretaxIncome": 3671,
        "provisionforIncomeTaxes": 959,
        "researchDevelopment": 789,
        "revenue": 6512,
        "sgaExpense": 879,
        "totalOperatingExpense": 1668,
        "totalOtherIncomeExpenseNet": 142
      },
      {
        "costOfGoodsSold": 1126,
        "dilutedAverageSharesOutstanding": 1317,
        "dilutedEPS": 2.33,
        "ebit": 4254,
        "grossIncome": 6015,
        "interestExpense": 269,
        "interestIncomeExpense": -235,
        "minorityInterest": 4,
        "netIncome": 3073,
        "netIncomeAfterTaxes": 3069,
        "period": "2017-06-30",
        "pretaxIncome": 4115,
        "provisionforIncomeTaxes": 1046,
        "researchDevelopment": 864,
        "revenue": 7141,
        "sgaExpense": 897,
        "totalOperatingExpense": 1761,
        "totalOtherIncomeExpenseNet": 96
      },
      {
        "costOfGoodsSold": 957,
        "dilutedAverageSharesOutstanding": 1320,
        "dilutedEPS": 2.05,
        "ebit": 3767,
        "grossIncome": 5548,
        "interestExpense": 261,
        "interestIncomeExpense": -383,
        "minorityInterest": 3,
        "netIncome": 2702,
        "netIncomeAfterTaxes": 2699,
        "period": "2017-03-31",
        "pretaxIncome": 3617,
        "provisionforIncomeTaxes": 918,
        "researchDevelopment": 931,
        "revenue": 6505,
        "sgaExpense": 850,
        "totalOperatingExpense": 1781,
        "totalOtherIncomeExpenseNet": 233
      },
      {
        "costOfGoodsSold": 1075,
        "dilutedAverageSharesOutstanding": 1325,
        "dilutedEPS": 2.35,
        "ebit": 4045,
        "grossIncome": 6245,
        "interestExpense": 265,
        "interestIncomeExpense": 199,
        "minorityInterest": 9,
        "netIncome": 3108,
        "netIncomeAfterTaxes": 3099,
        "period": "2016-12-31",
        "pretaxIncome": 3920,
        "provisionforIncomeTaxes": 821,
        "researchDevelopment": 1208,
        "revenue": 7320,
        "sgaExpense": 992,
        "totalOperatingExpense": 2200,
        "totalOtherIncomeExpenseNet": -324
      },
      {
        "costOfGoodsSold": 1129,
        "dilutedAverageSharesOutstanding": 1339,
        "dilutedEPS": 2.49,
        "ebit": 4399,
        "grossIncome": 6371,
        "interestExpense": 242,
        "interestIncomeExpense": -293,
        "minorityInterest": 5,
        "netIncome": 3330,
        "netIncomeAfterTaxes": 3325,
        "period": "2016-09-30",
        "pretaxIncome": 4276,
        "provisionforIncomeTaxes": 951,
        "researchDevelopment": 1141,
        "revenue": 7500,
        "sgaExpense": 831,
        "totalOperatingExpense": 1972,
        "totalOtherIncomeExpenseNet": 170
      },
      {
        "costOfGoodsSold": 864,
        "dilutedAverageSharesOutstanding": 1355,
        "dilutedEPS": 2.58,
        "ebit": 4538,
        "grossIncome": 6912,
        "interestExpense": 227,
        "interestIncomeExpense": -329,
        "minorityInterest": 0,
        "netIncome": 3497,
        "netIncomeAfterTaxes": 3497,
        "period": "2016-06-30",
        "pretaxIncome": 4399,
        "provisionforIncomeTaxes": 902,
        "researchDevelopment": 1484,
        "revenue": 7776,
        "sgaExpense": 890,
        "totalOperatingExpense": 2374,
        "totalOtherIncomeExpenseNet": 190
      },
      {
        "costOfGoodsSold": 1193,
        "dilutedAverageSharesOutstanding": 1412,
        "dilutedEPS": 2.53,
        "ebit": 4651,
        "grossIncome": 6601,
        "interestExpense": 230,
        "interestIncomeExpense": -367,
        "minorityInterest": -1,
        "netIncome": 3566,
        "netIncomeAfterTaxes": 3567,
        "period": "2016-03-31",
        "pretaxIncome": 4502,
        "provisionforIncomeTaxes": 935,
        "researchDevelopment": 1265,
        "revenue": 7794,
        "sgaExpense": 685,
        "totalOperatingExpense": 1950,
        "totalOtherIncomeExpenseNet": 218
      },
      {
        "costOfGoodsSold": 1062,
        "dilutedAverageSharesOutstanding": 1470,
        "dilutedEPS": 3.19,
        "ebit": 5621,
        "grossIncome": 7444,
        "interestExpense": 230,
        "interestIncomeExpense": -200,
        "minorityInterest": -2,
        "netIncome": 4683,
        "netIncomeAfterTaxes": 4685,
        "period": "2015-12-31",
        "pretaxIncome": 5437,
        "provisionforIncomeTaxes": 752,
        "researchDevelopment": 757,
        "revenue": 8506,
        "sgaExpense": 1066,
        "totalOperatingExpense": 1823,
        "totalOtherIncomeExpenseNet": 16
      },
      {
        "costOfGoodsSold": 1064,
        "dilutedAverageSharesOutstanding": 1503,
        "dilutedEPS": 3.06,
        "ebit": 5585,
        "grossIncome": 7231,
        "interestExpense": 165,
        "interestIncomeExpense": -140,
        "minorityInterest": 8,
        "netIncome": 4600,
        "netIncomeAfterTaxes": 4592,
        "period": "2015-09-30",
        "pretaxIncome": 5472,
        "provisionforIncomeTaxes": 880,
        "researchDevelopment": 743,
        "revenue": 8295,
        "sgaExpense": 903,
        "totalOperatingExpense": 1646,
        "totalOtherIncomeExpenseNet": 27
      }
    ],
    "symbol": "GILD"
  }
}