{
  "symbol": "CHRW",
  "statement": "ic",
  "frequency": "annual",
  "timestamp": "2025-09-19T13:57:14.135357",
  "data": {
    "financials": [
      {
        "costOfGoodsSold": 14959.942,
        "dilutedAverageSharesOutstanding": 120.679,
        "dilutedEPS": 3.8589,
        "ebit": 759.336,
        "grossIncome": 2765.014,
        "interestExpense": 89.937,
        "interestIncomeExpense": -89.937,
        "netIncome": 465.69,
        "netIncomeAfterTaxes": 465.69,
        "nonRecurringItems": -90.195,
        "period": "2024-12-31",
        "pretaxIncome": 579.204,
        "provisionforIncomeTaxes": 113.514,
        "revenue": 17724.956,
        "sgaExpense": 2005.678,
        "totalOperatingExpense": 2005.678,
        "year": 2024
      },
      {
        "costOfGoodsSold": 14991.835,
        "dilutedAverageSharesOutstanding": 119.677,
        "dilutedEPS": 2.7167,
        "ebit": 532.083,
        "grossIncome": 2604.608,
        "interestExpense": 105.421,
        "interestIncomeExpense": -105.421,
        "netIncome": 325.129,
        "netIncomeAfterTaxes": 325.129,
        "nonRecurringItems": -17.476,
        "period": "2023-12-31",
        "pretaxIncome": 409.186,
        "provisionforIncomeTaxes": 84.057,
        "revenue": 17596.443,
        "sgaExpense": 2072.525,
        "totalOperatingExpense": 2072.525,
        "year": 2023
      },
      {
        "costOfGoodsSold": 21103,
        "dilutedAverageSharesOutstanding": 127,
        "dilutedEPS": 7.4,
        "ebit": 1267,
        "grossIncome": 3593,
        "interestExpense": 100.017,
        "interestIncomeExpense": -100,
        "netIncome": 941,
        "netIncomeAfterTaxes": 941,
        "period": "2022-12-31",
        "pretaxIncome": 1167,
        "provisionforIncomeTaxes": 226,
        "revenue": 24697,
        "sgaExpense": 2326,
        "totalOperatingExpense": 2327,
        "year": 2022
      },
      {
        "costOfGoodsSold": 19950,
        "dilutedAverageSharesOutstanding": 134,
        "dilutedEPS": 6.31,
        "ebit": 1082,
        "grossIncome": 3152,
        "interestExpense": 59.817,
        "interestIncomeExpense": -60,
        "netIncome": 844,
        "netIncomeAfterTaxes": 844,
        "period": "2021-12-31",
        "pretaxIncome": 1022,
        "provisionforIncomeTaxes": 178,
        "revenue": 23102,
        "sgaExpense": 2070,
        "totalOperatingExpense": 2070,
        "year": 2021
      },
      {
        "costOfGoodsSold": 13795,
        "dilutedAverageSharesOutstanding": 136,
        "dilutedEPS": 3.72,
        "ebit": 673,
        "grossIncome": 2412,
        "interestExpense": 44.937,
        "interestIncomeExpense": -45,
        "netIncome": 506,
        "netIncomeAfterTaxes": 506,
        "period": "2020-12-31",
        "pretaxIncome": 628,
        "provisionforIncomeTaxes": 122,
        "revenue": 16207,
        "sgaExpense": 1739,
        "totalOperatingExpense": 1739,
        "year": 2020
      },
      {
        "costOfGoodsSold": 12723,
        "dilutedAverageSharesOutstanding": 138,
        "dilutedEPS": 4.19,
        "ebit": 790,
        "grossIncome": 2586,
        "interestExpense": 47.719,
        "interestIncomeExpense": -48,
        "netIncome": 577,
        "netIncomeAfterTaxes": 577,
        "period": "2019-12-31",
        "pretaxIncome": 742,
        "provisionforIncomeTaxes": 165,
        "revenue": 15310,
        "sgaExpense": 1796,
        "totalOperatingExpense": 1797,
        "year": 2019
      },
      {
        "costOfGoodsSold": 13926,
        "dilutedAverageSharesOutstanding": 140,
        "dilutedEPS": 4.76,
        "ebit": 912,
        "grossIncome": 2705,
        "interestExpense": 31.81,
        "interestIncomeExpense": -32,
        "netIncome": 665,
        "netIncomeAfterTaxes": 668,
        "period": "2018-12-31",
        "pretaxIncome": 880,
        "provisionforIncomeTaxes": 212,
        "revenue": 16631,
        "sgaExpense": 1793,
        "totalOperatingExpense": 1793,
        "year": 2018
      },
      {
        "costOfGoodsSold": 12501,
        "dilutedAverageSharesOutstanding": 141,
        "dilutedEPS": 3.58,
        "ebit": 775,
        "grossIncome": 2368,
        "interestExpense": 46.656,
        "interestIncomeExpense": -47,
        "netIncome": 505,
        "netIncomeAfterTaxes": 493,
        "period": "2017-12-31",
        "pretaxIncome": 728,
        "provisionforIncomeTaxes": 236,
        "revenue": 14869,
        "sgaExpense": 1593,
        "totalOperatingExpense": 1593,
        "year": 2017
      },
      {
        "costOfGoodsSold": 10867,
        "dilutedAverageSharesOutstanding": 143,
        "dilutedEPS": 3.59,
        "ebit": 838,
        "grossIncome": 2278,
        "interestExpense": 25.581,
        "interestIncomeExpense": -26,
        "netIncome": 513,
        "netIncomeAfterTaxes": 513,
        "period": "2016-12-31",
        "pretaxIncome": 812,
        "provisionforIncomeTaxes": 299,
        "revenue": 13144,
        "sgaExpense": 1440,
        "totalOperatingExpense": 1440,
        "year": 2016
      },
      {
        "costOfGoodsSold": 11208,
        "dilutedAverageSharesOutstanding": 145,
        "dilutedEPS": 3.51,
        "ebit": 859,
        "grossIncome": 2268,
        "interestExpense": 42.729,
        "interestIncomeExpense": -43,
        "netIncome": 510,
        "netIncomeAfterTaxes": 510,
        "nonRecurringItems": 7,
        "period": "2015-12-31",
        "pretaxIncome": 823,
        "provisionforIncomeTaxes": 313,
        "revenue": 13476,
        "sgaExpense": 1410,
        "totalOperatingExpense": 1410,
        "year": 2015
      }
    ],
    "symbol": "CHRW"
  }
}