{
  "symbol": "MAR",
  "statement": "ic",
  "frequency": "annual",
  "timestamp": "2025-09-19T14:03:33.225813",
  "data": {
    "financials": [
      {
        "costOfGoodsSold": 19999,
        "depreciationAmortization": 183,
        "dilutedAverageSharesOutstanding": 285.2,
        "dilutedEPS": 8.33,
        "ebit": 3844,
        "gainLossOnDispositionOfAssets": 24,
        "grossIncome": 5101,
        "interestExpense": 695,
        "interestIncomeExpense": -647,
        "netIncome": 2375,
        "netIncomeAfterTaxes": 2375,
        "nonRecurringItems": -77,
        "period": "2024-12-31",
        "pretaxIncome": 3151,
        "provisionforIncomeTaxes": 776,
        "revenue": 25100,
        "sgaExpense": 1074,
        "totalOperatingExpense": 1257,
        "totalOtherIncomeExpenseNet": 7,
        "year": 2024
      },
      {
        "costOfGoodsSold": 18589,
        "depreciationAmortization": 189,
        "dilutedAverageSharesOutstanding": 302.9,
        "dilutedEPS": 10.18,
        "ebit": 3924,
        "gainLossOnDispositionOfAssets": 24,
        "grossIncome": 5124,
        "interestExpense": 565,
        "interestIncomeExpense": -526,
        "netIncome": 3083,
        "netIncomeAfterTaxes": 3083,
        "nonRecurringItems": -60,
        "period": "2023-12-31",
        "pretaxIncome": 3378,
        "provisionforIncomeTaxes": 295,
        "revenue": 23713,
        "sgaExpense": 1011,
        "totalOperatingExpense": 1200,
        "totalOtherIncomeExpenseNet": 16,
        "year": 2023
      },
      {
        "costOfGoodsSold": 16215,
        "depreciationAmortization": 193,
        "dilutedAverageSharesOutstanding": 325.8,
        "dilutedEPS": 7.24,
        "ebit": 3474,
        "grossIncome": 4558,
        "interestExpense": 403,
        "interestIncomeExpense": -348,
        "netIncome": 2358,
        "netIncomeAfterTaxes": 2358,
        "nonRecurringItems": -12,
        "period": "2022-12-31",
        "pretaxIncome": 3114,
        "provisionforIncomeTaxes": 756,
        "revenue": 20773,
        "sgaExpense": 891,
        "totalOperatingExpense": 1084,
        "year": 2022
      },
      {
        "costOfGoodsSold": 11056,
        "depreciationAmortization": 220,
        "dilutedAverageSharesOutstanding": 329.3,
        "dilutedEPS": 3.34,
        "ebit": 1758,
        "grossIncome": 2801,
        "interestExpense": 420,
        "interestIncomeExpense": -406,
        "netIncome": 1099,
        "netIncomeAfterTaxes": 1099,
        "nonRecurringItems": -172,
        "period": "2021-12-31",
        "pretaxIncome": 1180,
        "provisionforIncomeTaxes": 81,
        "revenue": 13857,
        "sgaExpense": 823,
        "totalOperatingExpense": 1043,
        "year": 2021
      },
      {
        "costOfGoodsSold": 8802,
        "depreciationAmortization": 230,
        "dilutedAverageSharesOutstanding": 325.8,
        "dilutedEPS": -0.82,
        "ebit": 777,
        "grossIncome": 1769,
        "interestExpense": 445,
        "interestIncomeExpense": -550,
        "netIncome": -267,
        "netIncomeAfterTaxes": -267,
        "nonRecurringItems": -693,
        "period": "2020-12-31",
        "pretaxIncome": -466,
        "provisionforIncomeTaxes": -199,
        "revenue": 10571,
        "sgaExpense": 762,
        "totalOperatingExpense": 992,
        "year": 2020
      },
      {
        "costOfGoodsSold": 17755,
        "depreciationAmortization": 341,
        "dilutedAverageSharesOutstanding": 335.5,
        "dilutedEPS": 3.79,
        "ebit": 1938,
        "grossIncome": 3217,
        "interestExpense": 394,
        "interestIncomeExpense": -201,
        "netIncome": 1273,
        "netIncomeAfterTaxes": 1273,
        "nonRecurringItems": -138,
        "period": "2019-12-31",
        "pretaxIncome": 1599,
        "provisionforIncomeTaxes": 326,
        "revenue": 20972,
        "sgaExpense": 938,
        "totalOperatingExpense": 1279,
        "year": 2019
      },
      {
        "costOfGoodsSold": 17084,
        "depreciationAmortization": 226,
        "dilutedAverageSharesOutstanding": 354.2,
        "dilutedEPS": 5.38,
        "ebit": 2521,
        "grossIncome": 3674,
        "interestExpense": 340,
        "interestIncomeExpense": -21,
        "netIncome": 1907,
        "netIncomeAfterTaxes": 1866,
        "nonRecurringItems": -155,
        "period": "2018-12-31",
        "pretaxIncome": 2345,
        "provisionforIncomeTaxes": 479,
        "revenue": 20758,
        "sgaExpense": 927,
        "totalOperatingExpense": 1153,
        "year": 2018
      },
      {
        "costOfGoodsSold": 16639,
        "depreciationAmortization": 229,
        "dilutedAverageSharesOutstanding": 379.9,
        "dilutedEPS": 3.84,
        "ebit": 2663,
        "grossIncome": 3813,
        "interestExpense": 288,
        "interestIncomeExpense": 478,
        "netIncome": 1459,
        "netIncomeAfterTaxes": 2051,
        "nonRecurringItems": -159,
        "period": "2017-12-31",
        "pretaxIncome": 2982,
        "provisionforIncomeTaxes": 931,
        "revenue": 20452,
        "sgaExpense": 921,
        "totalOperatingExpense": 1150,
        "year": 2017
      },
      {
        "costOfGoodsSold": 12735,
        "depreciationAmortization": 119,
        "dilutedAverageSharesOutstanding": 295.7,
        "dilutedEPS": 2.73,
        "ebit": 1810,
        "grossIncome": 2672,
        "interestExpense": 234,
        "interestIncomeExpense": -185,
        "netIncome": 808,
        "netIncomeAfterTaxes": 808,
        "nonRecurringItems": -386,
        "period": "2016-12-31",
        "pretaxIncome": 1239,
        "provisionforIncomeTaxes": 431,
        "revenue": 15407,
        "sgaExpense": 743,
        "totalOperatingExpense": 862,
        "year": 2016
      },
      {
        "costOfGoodsSold": 12363,
        "depreciationAmortization": 139,
        "dilutedAverageSharesOutstanding": 272.8,
        "dilutedEPS": 3.15,
        "ebit": 1350,
        "grossIncome": 2123,
        "interestExpense": 167,
        "interestIncomeExpense": -95,
        "netIncome": 859,
        "netIncomeAfterTaxes": 859,
        "period": "2015-12-31",
        "pretaxIncome": 1255,
        "provisionforIncomeTaxes": 396,
        "revenue": 14486,
        "sgaExpense": 634,
        "totalOperatingExpense": 773,
        "year": 2015
      }
    ],
    "symbol": "MAR"
  }
}