{
  "symbol": "LUV",
  "statement": "ic",
  "frequency": "annual",
  "timestamp": "2025-09-19T14:06:51.415614",
  "data": {
    "financials": [
      {
        "costOfGoodsSold": 7774,
        "depreciationAmortization": 1657,
        "dilutedAverageSharesOutstanding": 643,
        "dilutedEPS": 0.7232,
        "ebit": 321,
        "grossIncome": 19709,
        "interestExpense": 214,
        "interestIncomeExpense": 240,
        "netIncome": 465,
        "netIncomeAfterTaxes": 465,
        "nonRecurringItems": -2,
        "otherOperatingExpensesTotal": 3606,
        "period": "2024-12-31",
        "pretaxIncome": 598,
        "provisionforIncomeTaxes": 133,
        "revenue": 27483,
        "sgaExpense": 14125,
        "totalOperatingExpense": 19388,
        "totalOtherIncomeExpenseNet": 39,
        "year": 2024
      },
      {
        "costOfGoodsSold": 8006,
        "depreciationAmortization": 1522,
        "dilutedAverageSharesOutstanding": 640,
        "dilutedEPS": 0.7266,
        "ebit": 331,
        "grossIncome": 18085,
        "interestExpense": 236,
        "interestIncomeExpense": 368,
        "netIncome": 465,
        "netIncomeAfterTaxes": 465,
        "nonRecurringItems": -107,
        "otherOperatingExpensesTotal": 3440,
        "period": "2023-12-31",
        "pretaxIncome": 633,
        "provisionforIncomeTaxes": 168,
        "revenue": 26091,
        "sgaExpense": 12792,
        "totalOperatingExpense": 17754,
        "totalOtherIncomeExpenseNet": 41,
        "year": 2023
      },
      {
        "costOfGoodsSold": 7483,
        "depreciationAmortization": 1351,
        "dilutedAverageSharesOutstanding": 642,
        "dilutedEPS": 0.84,
        "ebit": 1045,
        "grossIncome": 16331,
        "interestExpense": 301,
        "interestIncomeExpense": -88,
        "netIncome": 539,
        "netIncomeAfterTaxes": 539,
        "nonRecurringItems": -221,
        "otherOperatingExpensesTotal": 3295,
        "period": "2022-12-31",
        "pretaxIncome": 728,
        "provisionforIncomeTaxes": 189,
        "revenue": 23814,
        "sgaExpense": 10640,
        "totalOperatingExpense": 15286,
        "totalOtherIncomeExpenseNet": -8,
        "year": 2022
      },
      {
        "costOfGoodsSold": 4766,
        "depreciationAmortization": 1272,
        "dilutedAverageSharesOutstanding": 609,
        "dilutedEPS": 1.6,
        "ebit": -1227,
        "grossIncome": 11024,
        "interestExpense": 431,
        "interestIncomeExpense": -418,
        "netIncome": 977,
        "netIncomeAfterTaxes": 977,
        "nonRecurringItems": 2920,
        "otherOperatingExpensesTotal": 1993,
        "period": "2021-12-31",
        "pretaxIncome": 1325,
        "provisionforIncomeTaxes": 348,
        "revenue": 15790,
        "sgaExpense": 8986,
        "totalOperatingExpense": 12251,
        "totalOtherIncomeExpenseNet": 50,
        "year": 2021
      },
      {
        "costOfGoodsSold": 3089,
        "depreciationAmortization": 1255,
        "dilutedAverageSharesOutstanding": 565,
        "dilutedEPS": -5.44,
        "ebit": -5005,
        "grossIncome": 5959,
        "interestExpense": 314,
        "interestIncomeExpense": -282,
        "netIncome": -3074,
        "netIncomeAfterTaxes": -3074,
        "nonRecurringItems": 1189,
        "otherOperatingExpensesTotal": 1853,
        "period": "2020-12-31",
        "pretaxIncome": -4256,
        "provisionforIncomeTaxes": -1182,
        "revenue": 9048,
        "sgaExpense": 7856,
        "totalOperatingExpense": 10964,
        "totalOtherIncomeExpenseNet": -158,
        "year": 2020
      },
      {
        "costOfGoodsSold": 5710,
        "depreciationAmortization": 1219,
        "dilutedAverageSharesOutstanding": 539,
        "dilutedEPS": 4.26,
        "ebit": 2957,
        "grossIncome": 16718,
        "interestExpense": 82,
        "interestIncomeExpense": 8,
        "netIncome": 2300,
        "netIncomeAfterTaxes": 2269,
        "otherOperatingExpensesTotal": 2628,
        "period": "2019-12-31",
        "pretaxIncome": 2957,
        "provisionforIncomeTaxes": 688,
        "revenue": 22428,
        "sgaExpense": 9914,
        "totalOperatingExpense": 13761,
        "totalOtherIncomeExpenseNet": -8,
        "year": 2019
      },
      {
        "costOfGoodsSold": 6111,
        "depreciationAmortization": 1201,
        "dilutedAverageSharesOutstanding": 574,
        "dilutedEPS": 4.29,
        "ebit": 3181,
        "grossIncome": 15854,
        "interestExpense": 93,
        "interestIncomeExpense": -24,
        "netIncome": 2465,
        "netIncomeAfterTaxes": 2465,
        "nonRecurringItems": 25,
        "otherOperatingExpensesTotal": 2716,
        "period": "2018-12-31",
        "pretaxIncome": 3164,
        "provisionforIncomeTaxes": 699,
        "revenue": 21965,
        "sgaExpense": 8756,
        "totalOperatingExpense": 12673,
        "totalOtherIncomeExpenseNet": -18,
        "year": 2018
      },
      {
        "costOfGoodsSold": 5368,
        "depreciationAmortization": 1218,
        "dilutedAverageSharesOutstanding": 603,
        "dilutedEPS": 5.56,
        "ebit": 3407,
        "grossIncome": 15778,
        "interestExpense": 65,
        "interestIncomeExpense": -142,
        "netIncome": 3357,
        "netIncomeAfterTaxes": 2087,
        "otherOperatingExpensesTotal": 2847,
        "period": "2017-12-31",
        "pretaxIncome": 3265,
        "provisionforIncomeTaxes": 1178,
        "revenue": 21146,
        "sgaExpense": 8306,
        "totalOperatingExpense": 12371,
        "year": 2017
      },
      {
        "costOfGoodsSold": 5012,
        "depreciationAmortization": 1221,
        "dilutedAverageSharesOutstanding": 633,
        "dilutedEPS": 3.45,
        "ebit": 3522,
        "grossIncome": 15277,
        "interestExpense": 75,
        "interestIncomeExpense": -72,
        "netIncome": 2183,
        "netIncomeAfterTaxes": 2183,
        "otherOperatingExpensesTotal": 2703,
        "period": "2016-12-31",
        "pretaxIncome": 3450,
        "provisionforIncomeTaxes": 1267,
        "revenue": 20289,
        "sgaExpense": 7831,
        "totalOperatingExpense": 11755,
        "year": 2016
      },
      {
        "costOfGoodsSold": 5020,
        "depreciationAmortization": 1015,
        "dilutedAverageSharesOutstanding": 669,
        "dilutedEPS": 3.27,
        "ebit": 4155,
        "grossIncome": 14800,
        "interestExpense": 90,
        "interestIncomeExpense": -637,
        "netIncome": 2185,
        "netIncomeAfterTaxes": 2181,
        "nonRecurringItems": -39,
        "otherOperatingExpensesTotal": 2242,
        "period": "2015-12-31",
        "pretaxIncome": 3479,
        "provisionforIncomeTaxes": 1298,
        "revenue": 19820,
        "sgaExpense": 7388,
        "totalOperatingExpense": 10645,
        "year": 2015
      }
    ],
    "symbol": "LUV"
  }
}