{
  "symbol": "WMT",
  "statement": "ic",
  "frequency": "annual",
  "timestamp": "2025-09-19T14:08:34.832589",
  "data": {
    "financials": [
      {
        "costOfGoodsSold": 511753,
        "dilutedAverageSharesOutstanding": 8081,
        "dilutedEPS": 2.41,
        "ebit": 29348,
        "grossIncome": 169232,
        "interestExpense": 2728,
        "interestIncomeExpense": -2245,
        "minorityInterest": -721,
        "netIncome": 19436,
        "netIncomeAfterTaxes": 20157,
        "period": "2025-01-31",
        "pretaxIncome": 26309,
        "provisionforIncomeTaxes": 6152,
        "revenue": 680985,
        "sgaExpense": 139884,
        "totalOperatingExpense": 139884,
        "totalOtherIncomeExpenseNet": -794,
        "year": 2025
      },
      {
        "costOfGoodsSold": 490142,
        "dilutedAverageSharesOutstanding": 8108,
        "dilutedEPS": 1.91,
        "ebit": 27012,
        "grossIncome": 157983,
        "interestExpense": 2683,
        "interestIncomeExpense": -4737,
        "minorityInterest": -759,
        "netIncome": 15511,
        "netIncomeAfterTaxes": 16270,
        "nonRecurringItems": 0,
        "period": "2024-01-31",
        "pretaxIncome": 21848,
        "provisionforIncomeTaxes": 5578,
        "revenue": 648125,
        "sgaExpense": 130971,
        "totalOperatingExpense": 130971,
        "totalOtherIncomeExpenseNet": -427,
        "year": 2024
      },
      {
        "costOfGoodsSold": 463721,
        "dilutedAverageSharesOutstanding": 8202.082,
        "dilutedEPS": 1.42,
        "ebit": 24528,
        "grossIncome": 147568,
        "interestExpense": 2128,
        "interestIncomeExpense": -2974,
        "minorityInterest": 388,
        "netIncome": 11680,
        "netIncomeAfterTaxes": 11292,
        "nonRecurringItems": -4100,
        "period": "2023-01-31",
        "pretaxIncome": 17016,
        "provisionforIncomeTaxes": 5724,
        "revenue": 611289,
        "sgaExpense": 123040,
        "totalOperatingExpense": 123040,
        "totalOtherIncomeExpenseNet": -438,
        "year": 2023
      },
      {
        "costOfGoodsSold": 429000,
        "dilutedAverageSharesOutstanding": 8415.084,
        "dilutedEPS": 1.62,
        "ebit": 28442,
        "grossIncome": 143754,
        "interestExpense": 1994,
        "interestIncomeExpense": -4236,
        "minorityInterest": -267,
        "netIncome": 13673,
        "netIncomeAfterTaxes": 13940,
        "nonRecurringItems": -5710,
        "period": "2022-01-31",
        "pretaxIncome": 18696,
        "provisionforIncomeTaxes": 4756,
        "revenue": 572754,
        "sgaExpense": 115312,
        "totalOperatingExpense": 115312,
        "totalOtherIncomeExpenseNet": 200,
        "year": 2022
      },
      {
        "costOfGoodsSold": 420315,
        "dilutedAverageSharesOutstanding": 8541.085,
        "dilutedEPS": 1.58,
        "ebit": 26948,
        "grossIncome": 138836,
        "interestExpense": 2315,
        "interestIncomeExpense": 6506,
        "minorityInterest": -196,
        "netIncome": 13510,
        "netIncomeAfterTaxes": 13706,
        "nonRecurringItems": -12800,
        "period": "2021-01-31",
        "pretaxIncome": 20564,
        "provisionforIncomeTaxes": 6858,
        "revenue": 559151,
        "sgaExpense": 111888,
        "totalOperatingExpense": 111888,
        "totalOtherIncomeExpenseNet": -90,
        "year": 2021
      },
      {
        "costOfGoodsSold": 394605,
        "dilutedAverageSharesOutstanding": 8604.086,
        "dilutedEPS": 1.73,
        "ebit": 21468,
        "grossIncome": 129359,
        "interestExpense": 2599,
        "interestIncomeExpense": -510,
        "minorityInterest": -320,
        "netIncome": 14881,
        "netIncomeAfterTaxes": 15201,
        "nonRecurringItems": -900,
        "period": "2020-01-31",
        "pretaxIncome": 20116,
        "provisionforIncomeTaxes": 4915,
        "revenue": 523964,
        "sgaExpense": 107891,
        "totalOperatingExpense": 107891,
        "totalOtherIncomeExpenseNet": 58,
        "year": 2020
      },
      {
        "costOfGoodsSold": 385301,
        "dilutedAverageSharesOutstanding": 8835.088,
        "dilutedEPS": 0.75,
        "ebit": 21957,
        "grossIncome": 129104,
        "interestExpense": 2346,
        "interestIncomeExpense": -2129,
        "minorityInterest": -509,
        "netIncome": 6670,
        "netIncomeAfterTaxes": 7621,
        "nonRecurringItems": -4800,
        "period": "2019-01-31",
        "pretaxIncome": 11460,
        "provisionforIncomeTaxes": 3839,
        "revenue": 514405,
        "sgaExpense": 107147,
        "totalOperatingExpense": 107147,
        "totalOtherIncomeExpenseNet": -3568,
        "year": 2019
      },
      {
        "costOfGoodsSold": 373396,
        "dilutedAverageSharesOutstanding": 9030.09,
        "dilutedEPS": 1.09,
        "ebit": 21638,
        "grossIncome": 126947,
        "interestExpense": 2330,
        "interestIncomeExpense": -2178,
        "minorityInterest": -661,
        "netIncome": 9862,
        "netIncomeAfterTaxes": 10323,
        "nonRecurringItems": -4337,
        "period": "2018-01-31",
        "pretaxIncome": 15123,
        "provisionforIncomeTaxes": 4800,
        "revenue": 500343,
        "sgaExpense": 105309,
        "totalOperatingExpense": 105309,
        "year": 2018
      },
      {
        "costOfGoodsSold": 361256,
        "dilutedAverageSharesOutstanding": 9336.093,
        "dilutedEPS": 1.46,
        "ebit": 22764,
        "grossIncome": 124617,
        "interestExpense": 2367,
        "interestIncomeExpense": -2267,
        "minorityInterest": -650,
        "netIncome": 13643,
        "netIncomeAfterTaxes": 14293,
        "period": "2017-01-31",
        "pretaxIncome": 20497,
        "provisionforIncomeTaxes": 6204,
        "revenue": 485873,
        "sgaExpense": 101853,
        "totalOperatingExpense": 101853,
        "year": 2017
      },
      {
        "costOfGoodsSold": 360984,
        "dilutedAverageSharesOutstanding": 9651.097,
        "dilutedEPS": 1.52,
        "ebit": 24105,
        "grossIncome": 121146,
        "interestExpense": 2548,
        "interestIncomeExpense": -2467,
        "minorityInterest": -386,
        "netIncome": 14694,
        "netIncomeAfterTaxes": 15080,
        "period": "2016-01-31",
        "pretaxIncome": 21638,
        "provisionforIncomeTaxes": 6558,
        "revenue": 482130,
        "sgaExpense": 97041,
        "totalOperatingExpense": 97041,
        "year": 2016
      }
    ],
    "symbol": "WMT"
  }
}