{
  "symbol": "STZ",
  "statement": "ic",
  "frequency": "annual",
  "timestamp": "2025-09-19T13:58:26.072234",
  "data": {
    "financials": [
      {
        "costOfGoodsSold": 4873.8,
        "dilutedAverageSharesOutstanding": 181.476,
        "dilutedEPS": -0.4485,
        "ebit": 3501.4,
        "grossIncome": 5334.9,
        "interestExpense": 411.4,
        "interestIncomeExpense": -437.7,
        "minorityInterest": -50.3,
        "netIncome": -81.4,
        "netIncomeAfterTaxes": -31.1,
        "nonRecurringItems": -3146.5,
        "period": "2025-02-28",
        "pretaxIncome": -82.8,
        "provisionforIncomeTaxes": -51.7,
        "revenue": 10208.7,
        "sgaExpense": 1833.5,
        "totalOperatingExpense": 1833.5,
        "year": 2025
      },
      {
        "costOfGoodsSold": 4944.3,
        "dilutedAverageSharesOutstanding": 183.959,
        "dilutedEPS": 9.3901,
        "ebit": 3256.6,
        "grossIncome": 5017.5,
        "interestExpense": 435.4,
        "interestIncomeExpense": -947.2,
        "minorityInterest": -37.8,
        "netIncome": 1727.4,
        "netIncomeAfterTaxes": 1765.2,
        "nonRecurringItems": -87.6,
        "otherOperatingExpensesTotal": 11.4,
        "period": "2024-02-29",
        "pretaxIncome": 2221.8,
        "provisionforIncomeTaxes": 456.6,
        "revenue": 9961.8,
        "sgaExpense": 1749.5,
        "totalOperatingExpense": 1760.9,
        "year": 2024
      },
      {
        "costOfGoodsSold": 4659.5,
        "dilutedAverageSharesOutstanding": 192.543,
        "dilutedEPS": -0.3688,
        "ebit": 2950.3,
        "grossIncome": 4793.1,
        "interestExpense": 398.7,
        "interestIncomeExpense": -2435.1,
        "minorityInterest": -32.5,
        "netIncome": -71,
        "netIncomeAfterTaxes": -38.5,
        "nonRecurringItems": -131.6,
        "otherOperatingExpensesTotal": -23.3,
        "period": "2023-02-28",
        "pretaxIncome": 383.6,
        "provisionforIncomeTaxes": 422.1,
        "revenue": 9452.6,
        "sgaExpense": 1866.1,
        "totalOperatingExpense": 1842.8,
        "year": 2023
      },
      {
        "costOfGoodsSold": 4121.9,
        "dilutedAverageSharesOutstanding": 190.656,
        "dilutedEPS": -0.2119,
        "ebit": 2988.2,
        "grossIncome": 4698.8,
        "interestExpense": 356.4,
        "interestIncomeExpense": -1991.9,
        "minorityInterest": -41.4,
        "netIncome": -40.4,
        "netIncomeAfterTaxes": 1,
        "nonRecurringItems": -685.9,
        "otherOperatingExpensesTotal": 2.3,
        "period": "2022-02-28",
        "pretaxIncome": 310.4,
        "provisionforIncomeTaxes": 309.4,
        "revenue": 8820.7,
        "sgaExpense": 1708.3,
        "totalOperatingExpense": 1710.6,
        "year": 2022
      },
      {
        "costOfGoodsSold": 4141.3,
        "dilutedAverageSharesOutstanding": 218.6,
        "dilutedEPS": 9.14,
        "ebit": 2850.8,
        "grossIncome": 4473.6,
        "interestExpense": 385.7,
        "interestIncomeExpense": -235.4,
        "minorityInterest": -33.8,
        "netIncome": 1998,
        "netIncomeAfterTaxes": 2031.8,
        "nonRecurringItems": -72.5,
        "otherOperatingExpensesTotal": -14.7,
        "period": "2021-02-28",
        "pretaxIncome": 2542.9,
        "provisionforIncomeTaxes": 511.1,
        "revenue": 8614.9,
        "sgaExpense": 1637.5,
        "totalOperatingExpense": 1622.8,
        "year": 2021
      },
      {
        "costOfGoodsSold": 4191.6,
        "dilutedAverageSharesOutstanding": 191.6,
        "dilutedEPS": -0.06,
        "ebit": 2583.4,
        "grossIncome": 4151.9,
        "interestExpense": 428.7,
        "interestIncomeExpense": -3105.1,
        "minorityInterest": -33.2,
        "netIncome": -11.8,
        "netIncomeAfterTaxes": 21.4,
        "nonRecurringItems": -423.5,
        "otherOperatingExpensesTotal": -5.5,
        "period": "2020-02-29",
        "pretaxIncome": -945.2,
        "provisionforIncomeTaxes": -966.6,
        "revenue": 8343.5,
        "sgaExpense": 1574,
        "totalOperatingExpense": 1568.5,
        "year": 2020
      },
      {
        "costOfGoodsSold": 4035.7,
        "dilutedAverageSharesOutstanding": 195.5,
        "dilutedEPS": 17.57,
        "ebit": 2608.3,
        "grossIncome": 4080.3,
        "interestExpense": 367.1,
        "interestIncomeExpense": 1673.7,
        "minorityInterest": -23.2,
        "netIncome": 3435.9,
        "netIncomeAfterTaxes": 3421.5,
        "nonRecurringItems": -137,
        "otherOperatingExpensesTotal": -10.1,
        "period": "2019-02-28",
        "pretaxIncome": 4145,
        "provisionforIncomeTaxes": 723.5,
        "revenue": 8116,
        "sgaExpense": 1482.1,
        "totalOperatingExpense": 1472,
        "year": 2019
      },
      {
        "costOfGoodsSold": 3767.8,
        "dilutedAverageSharesOutstanding": 200.7,
        "dilutedEPS": 11.47,
        "ebit": 2382.7,
        "grossIncome": 3812.5,
        "interestExpense": 332,
        "interestIncomeExpense": 161.2,
        "minorityInterest": -11.9,
        "netIncome": 2303.4,
        "netIncomeAfterTaxes": 1952.3,
        "nonRecurringItems": -205.9,
        "otherOperatingExpensesTotal": -10.5,
        "period": "2018-02-28",
        "pretaxIncome": 2338,
        "provisionforIncomeTaxes": 385.7,
        "revenue": 7580.3,
        "sgaExpense": 1440.3,
        "totalOperatingExpense": 1429.8,
        "year": 2018
      },
      {
        "costOfGoodsSold": 3802.1,
        "dilutedAverageSharesOutstanding": 204.1,
        "dilutedEPS": 7.49,
        "ebit": 2205.4,
        "grossIncome": 3519,
        "interestExpense": 333.3,
        "interestIncomeExpense": -332.1,
        "minorityInterest": -4.1,
        "netIncome": 1528.6,
        "netIncomeAfterTaxes": 1532.7,
        "nonRecurringItems": 209.7,
        "otherOperatingExpensesTotal": 2.6,
        "period": "2017-02-28",
        "pretaxIncome": 2083,
        "provisionforIncomeTaxes": 550.3,
        "revenue": 7321.1,
        "sgaExpense": 1311,
        "totalOperatingExpense": 1313.6,
        "year": 2017
      },
      {
        "costOfGoodsSold": 3537.4,
        "dilutedAverageSharesOutstanding": 203.8,
        "dilutedEPS": 5.18,
        "ebit": 1886.7,
        "grossIncome": 3011,
        "interestExpense": 314,
        "interestIncomeExpense": -283.9,
        "minorityInterest": -5.7,
        "netIncome": 1054.9,
        "netIncomeAfterTaxes": 1060.6,
        "nonRecurringItems": -101.6,
        "period": "2016-02-29",
        "pretaxIncome": 1501.2,
        "provisionforIncomeTaxes": 440.6,
        "revenue": 6548.4,
        "sgaExpense": 1124.3,
        "totalOperatingExpense": 1124.3,
        "year": 2016
      }
    ],
    "symbol": "STZ"
  }
}