{
  "symbol": "LH",
  "statement": "ic",
  "frequency": "annual",
  "timestamp": "2025-09-19T14:02:59.862906",
  "data": {
    "financials": [
      {
        "costOfGoodsSold": 9384.5,
        "depreciationAmortization": 256.4,
        "dilutedAverageSharesOutstanding": 84.4,
        "dilutedEPS": 8.8389,
        "ebit": 1138,
        "gainLossOnDispositionOfAssets": 6.4,
        "grossIncome": 3624.4,
        "interestExpense": 208.3,
        "interestIncomeExpense": -202.7,
        "minorityInterest": -1.1,
        "netIncome": 746,
        "netIncomeAfterTaxes": 747.1,
        "nonRecurringItems": -51.3,
        "period": "2024-12-31",
        "pretaxIncome": 959.5,
        "provisionforIncomeTaxes": 212.4,
        "revenue": 13008.9,
        "sgaExpense": 2230,
        "totalOperatingExpense": 2486.4,
        "totalOtherIncomeExpenseNet": 69.1,
        "year": 2024
      },
      {
        "costOfGoodsSold": 8796.7,
        "depreciationAmortization": 219.8,
        "dilutedAverageSharesOutstanding": 87.6,
        "dilutedEPS": 4.77,
        "ebit": 1123.7,
        "grossIncome": 3364.9,
        "interestExpense": 199.6,
        "interestIncomeExpense": -172.2,
        "minorityInterest": -1.2,
        "netIncome": 418,
        "netIncomeAfterTaxes": 380.4,
        "nonRecurringItems": -398.1,
        "period": "2023-12-31",
        "pretaxIncome": 568.9,
        "provisionforIncomeTaxes": 188.5,
        "revenue": 12161.6,
        "sgaExpense": 2021.4,
        "totalOperatingExpense": 2241.2,
        "totalOtherIncomeExpenseNet": 15.5,
        "year": 2023
      },
      {
        "costOfGoodsSold": 8155,
        "depreciationAmortization": 193.6,
        "dilutedAverageSharesOutstanding": 91.6,
        "dilutedEPS": 13.96,
        "ebit": 1752.2,
        "grossIncome": 3708.9,
        "interestExpense": 179.8,
        "interestIncomeExpense": -147.3,
        "minorityInterest": -1.5,
        "netIncome": 1279.1,
        "netIncomeAfterTaxes": 1003.5,
        "nonRecurringItems": -315.7,
        "period": "2022-12-31",
        "pretaxIncome": 1237.4,
        "provisionforIncomeTaxes": 233.9,
        "revenue": 11863.9,
        "sgaExpense": 1763.1,
        "totalOperatingExpense": 1956.7,
        "totalOtherIncomeExpenseNet": -51.8,
        "year": 2022
      },
      {
        "costOfGoodsSold": 8143.7,
        "depreciationAmortization": 229.5,
        "dilutedAverageSharesOutstanding": 97.5,
        "dilutedEPS": 24.38,
        "ebit": 3072.6,
        "grossIncome": 4992.4,
        "interestExpense": 211.8,
        "interestIncomeExpense": -114.7,
        "minorityInterest": -2.2,
        "netIncome": 2377.3,
        "netIncomeAfterTaxes": 2197.6,
        "nonRecurringItems": -24,
        "period": "2021-12-31",
        "pretaxIncome": 2887.6,
        "provisionforIncomeTaxes": 690,
        "revenue": 13136.1,
        "sgaExpense": 1690.3,
        "totalOperatingExpense": 1919.8,
        "totalOtherIncomeExpenseNet": -46.3,
        "year": 2021
      },
      {
        "costOfGoodsSold": 9025.7,
        "depreciationAmortization": 275.4,
        "dilutedAverageSharesOutstanding": 98,
        "dilutedEPS": 15.88,
        "ebit": 3002.7,
        "grossIncome": 4952.8,
        "interestExpense": 207.4,
        "interestIncomeExpense": -204.3,
        "minorityInterest": -0.9,
        "netIncome": 1556.1,
        "netIncomeAfterTaxes": 1557,
        "nonRecurringItems": -499.8,
        "period": "2020-12-31",
        "pretaxIncome": 2219.1,
        "provisionforIncomeTaxes": 662.1,
        "revenue": 13978.5,
        "sgaExpense": 1674.7,
        "totalOperatingExpense": 1950.1,
        "totalOtherIncomeExpenseNet": -79.5,
        "year": 2020
      },
      {
        "costOfGoodsSold": 8302.3,
        "depreciationAmortization": 243.2,
        "dilutedAverageSharesOutstanding": 98.6,
        "dilutedEPS": 8.35,
        "ebit": 1485.8,
        "grossIncome": 3252.5,
        "interestExpense": 240.7,
        "interestIncomeExpense": -212.3,
        "minorityInterest": -1.1,
        "netIncome": 823.8,
        "netIncomeAfterTaxes": 824.9,
        "nonRecurringItems": -160.8,
        "period": "2019-12-31",
        "pretaxIncome": 1104.9,
        "provisionforIncomeTaxes": 280,
        "revenue": 11554.8,
        "sgaExpense": 1523.5,
        "totalOperatingExpense": 1766.7,
        "totalOtherIncomeExpenseNet": -7.8,
        "year": 2019
      },
      {
        "costOfGoodsSold": 8157,
        "depreciationAmortization": 231.7,
        "dilutedAverageSharesOutstanding": 102.6,
        "dilutedEPS": 8.61,
        "ebit": 1373.8,
        "grossIncome": 3176.4,
        "interestExpense": 244.2,
        "interestIncomeExpense": -225.1,
        "minorityInterest": -0.2,
        "netIncome": 883.7,
        "netIncomeAfterTaxes": 928.8,
        "nonRecurringItems": -48.1,
        "period": "2018-12-31",
        "pretaxIncome": 1268.3,
        "provisionforIncomeTaxes": 339.5,
        "revenue": 11333.4,
        "sgaExpense": 1570.9,
        "totalOperatingExpense": 1802.6,
        "totalOtherIncomeExpenseNet": 167.7,
        "year": 2018
      },
      {
        "costOfGoodsSold": 7216.2,
        "depreciationAmortization": 216.5,
        "dilutedAverageSharesOutstanding": 103.9,
        "dilutedEPS": 11.81,
        "ebit": 1376.1,
        "grossIncome": 3091.8,
        "interestExpense": 235.1,
        "interestIncomeExpense": -221.7,
        "minorityInterest": -5.8,
        "netIncome": 1227.1,
        "netIncomeAfterTaxes": 713.9,
        "nonRecurringItems": -70.9,
        "period": "2017-12-31",
        "pretaxIncome": 1077.5,
        "provisionforIncomeTaxes": 363.6,
        "revenue": 10308,
        "sgaExpense": 1499.2,
        "totalOperatingExpense": 1715.7,
        "totalOtherIncomeExpenseNet": -6,
        "year": 2017
      },
      {
        "costOfGoodsSold": 6698.9,
        "depreciationAmortization": 179.5,
        "dilutedAverageSharesOutstanding": 104.3,
        "dilutedEPS": 6.82,
        "ebit": 1329,
        "grossIncome": 2854,
        "interestExpense": 219.1,
        "interestIncomeExpense": -209.5,
        "minorityInterest": -1.1,
        "netIncome": 711.8,
        "netIncomeAfterTaxes": 712.9,
        "nonRecurringItems": -58.4,
        "period": "2016-12-31",
        "pretaxIncome": 1073.6,
        "provisionforIncomeTaxes": 360.7,
        "revenue": 9552.9,
        "sgaExpense": 1345.5,
        "totalOperatingExpense": 1525,
        "totalOtherIncomeExpenseNet": 12.5,
        "year": 2016
      },
      {
        "costOfGoodsSold": 5776.8,
        "depreciationAmortization": 164.5,
        "dilutedAverageSharesOutstanding": 100.6,
        "dilutedEPS": 4.35,
        "ebit": 1110.7,
        "grossIncome": 2903.3,
        "interestExpense": 274.9,
        "interestIncomeExpense": -263,
        "minorityInterest": -1.1,
        "netIncome": 437.6,
        "netIncomeAfterTaxes": 438.7,
        "nonRecurringItems": -113.9,
        "period": "2015-12-31",
        "pretaxIncome": 726,
        "provisionforIncomeTaxes": 287.3,
        "revenue": 8680.1,
        "sgaExpense": 1628.1,
        "totalOperatingExpense": 1792.6,
        "totalOtherIncomeExpenseNet": -7.8,
        "year": 2015
      }
    ],
    "symbol": "LH"
  }
}