{
  "symbol": "STE",
  "statement": "ic",
  "frequency": "quarterly",
  "timestamp": "2025-09-19T14:06:59.712619",
  "data": {
    "financials": [
      {
        "dilutedAverageSharesOutstanding": 98.8,
        "dilutedEPS": 1.79,
        "ebit": 1010.9,
        "interestIncomeExpense": -14.1,
        "netIncome": 177.4,
        "netIncomeAfterTaxes": 178,
        "nonRecurringItems": -1.8,
        "period": "2025-06-30",
        "pretaxIncome": 231.9,
        "provisionforIncomeTaxes": 53.9,
        "researchDevelopment": 26.4,
        "revenue": 1391.1,
        "sgaExpense": 353.8,
        "totalOperatingExpense": 380.2,
        "totalOtherIncomeExpenseNet": -763.1
      },
      {
        "costOfGoodsSold": 839.32,
        "dilutedAverageSharesOutstanding": 98.754,
        "dilutedEPS": 1.4831,
        "ebit": 281.567,
        "grossIncome": 641.211,
        "interestExpense": 17.115,
        "interestIncomeExpense": -13.582,
        "minorityInterest": -0.403,
        "netIncome": 145.672,
        "netIncomeAfterTaxes": 146.861,
        "nonRecurringItems": -70.674,
        "period": "2025-03-31",
        "pretaxIncome": 197.311,
        "provisionforIncomeTaxes": 50.45,
        "researchDevelopment": 27.686,
        "revenue": 1480.531,
        "sgaExpense": 331.958,
        "totalOperatingExpense": 359.644
      },
      {
        "costOfGoodsSold": 760.238,
        "dilutedAverageSharesOutstanding": 98.942,
        "dilutedEPS": 1.7547,
        "ebit": 251.28,
        "grossIncome": 610.332,
        "interestExpense": 19.094,
        "interestIncomeExpense": -16.66,
        "minorityInterest": 0.249,
        "netIncome": 173.534,
        "netIncomeAfterTaxes": 173.361,
        "nonRecurringItems": -5.875,
        "period": "2024-12-31",
        "pretaxIncome": 228.745,
        "provisionforIncomeTaxes": 55.384,
        "researchDevelopment": 27.358,
        "revenue": 1370.57,
        "sgaExpense": 331.694,
        "totalOperatingExpense": 359.052
      },
      {
        "costOfGoodsSold": 750.121,
        "dilutedAverageSharesOutstanding": 99.204,
        "dilutedEPS": 1.5145,
        "ebit": 225.667,
        "grossIncome": 578.791,
        "interestExpense": 19.668,
        "interestIncomeExpense": -18.542,
        "minorityInterest": -1.139,
        "netIncome": 150.034,
        "netIncomeAfterTaxes": 151.386,
        "nonRecurringItems": -12.233,
        "period": "2024-09-30",
        "pretaxIncome": 194.892,
        "provisionforIncomeTaxes": 43.506,
        "researchDevelopment": 27.031,
        "revenue": 1328.912,
        "sgaExpense": 326.093,
        "totalOperatingExpense": 353.124
      },
      {
        "costOfGoodsSold": 707.072,
        "dilutedAverageSharesOutstanding": 99.376,
        "dilutedEPS": 1.46,
        "ebit": 213.485,
        "grossIncome": 572.43,
        "interestExpense": 30.384,
        "interestIncomeExpense": -29.075,
        "minorityInterest": -0.14,
        "netIncome": 145.401,
        "netIncomeAfterTaxes": 139.949,
        "nonRecurringItems": -9.151,
        "period": "2024-06-30",
        "pretaxIncome": 175.259,
        "provisionforIncomeTaxes": 35.31,
        "researchDevelopment": 25.573,
        "revenue": 1279.502,
        "sgaExpense": 333.372,
        "totalOperatingExpense": 358.945
      },
      {
        "costOfGoodsSold": 667.577,
        "dilutedAverageSharesOutstanding": 98.853,
        "dilutedEPS": -0.01,
        "ebit": 272.348,
        "grossIncome": 448.577,
        "interestExpense": 36.103,
        "interestIncomeExpense": -29.77,
        "minorityInterest": -0.375,
        "netIncome": -1.377,
        "netIncomeAfterTaxes": 172.199,
        "nonRecurringItems": -27.125,
        "period": "2024-03-31",
        "pretaxIncome": 215.453,
        "provisionforIncomeTaxes": 43.254,
        "researchDevelopment": 25.22,
        "revenue": 1116.154,
        "sgaExpense": 151.009,
        "totalOperatingExpense": 176.229,
        "totalOtherIncomeExpenseNet": 0
      },
      {
        "costOfGoodsSold": 793.052,
        "dilutedAverageSharesOutstanding": 99.354,
        "dilutedEPS": 1.4166,
        "ebit": 221.884,
        "grossIncome": 602.593,
        "interestExpense": 38.948,
        "interestIncomeExpense": -36.867,
        "minorityInterest": -0.202,
        "netIncome": 140.743,
        "netIncomeAfterTaxes": 140.945,
        "nonRecurringItems": -5.728,
        "period": "2023-12-31",
        "pretaxIncome": 179.289,
        "provisionforIncomeTaxes": 38.344,
        "researchDevelopment": 25.913,
        "revenue": 1395.645,
        "sgaExpense": 354.796,
        "totalOperatingExpense": 380.709
      },
      {
        "costOfGoodsSold": 748.8,
        "dilutedAverageSharesOutstanding": 99.4,
        "dilutedEPS": 1.16,
        "ebit": 201.9,
        "grossIncome": 593.5,
        "interestExpense": 36.938,
        "interestIncomeExpense": -35.7,
        "minorityInterest": -1,
        "netIncome": 115.3,
        "netIncomeAfterTaxes": 116.3,
        "nonRecurringItems": -16,
        "period": "2023-09-30",
        "pretaxIncome": 150.2,
        "provisionforIncomeTaxes": 33.8,
        "researchDevelopment": 27,
        "revenue": 1342.4,
        "sgaExpense": 364.6,
        "totalOperatingExpense": 391.7
      },
      {
        "costOfGoodsSold": 711.1,
        "dilutedAverageSharesOutstanding": 99.2,
        "dilutedEPS": 1.25,
        "ebit": 191.6,
        "grossIncome": 573.5,
        "interestExpense": 32.357,
        "interestIncomeExpense": -31,
        "minorityInterest": -0.2,
        "netIncome": 123.6,
        "netIncomeAfterTaxes": 123.8,
        "nonRecurringItems": -2.7,
        "period": "2023-06-30",
        "pretaxIncome": 157.9,
        "provisionforIncomeTaxes": 34.1,
        "researchDevelopment": 25.5,
        "revenue": 1284.5,
        "sgaExpense": 356.3,
        "totalOperatingExpense": 381.9
      },
      {
        "costOfGoodsSold": 796.8,
        "dilutedAverageSharesOutstanding": 101.2,
        "dilutedEPS": 1.85,
        "ebit": 231.5,
        "grossIncome": 588.1,
        "interestExpense": 30.6,
        "interestIncomeExpense": -30.3,
        "minorityInterest": 0.3,
        "netIncome": 187.2,
        "netIncomeAfterTaxes": 187,
        "nonRecurringItems": -6.1,
        "period": "2023-03-31",
        "pretaxIncome": 195.1,
        "provisionforIncomeTaxes": 8.2,
        "researchDevelopment": 26.4,
        "revenue": 1384.8,
        "sgaExpense": 330.2,
        "totalOperatingExpense": 356.5,
        "totalOtherIncomeExpenseNet": 0
      },
      {
        "costOfGoodsSold": 694.5,
        "dilutedAverageSharesOutstanding": 100.2,
        "dilutedEPS": 1.24,
        "ebit": 195.7,
        "grossIncome": 521.5,
        "interestExpense": 28.559,
        "interestIncomeExpense": -30.5,
        "minorityInterest": 0.5,
        "netIncome": 123.8,
        "netIncomeAfterTaxes": 123.3,
        "nonRecurringItems": -4.9,
        "period": "2022-12-31",
        "pretaxIncome": 160.3,
        "provisionforIncomeTaxes": 37,
        "researchDevelopment": 25.5,
        "revenue": 1216,
        "sgaExpense": 300.3,
        "totalOperatingExpense": 325.8,
        "totalOtherIncomeExpenseNet": 0
      },
      {
        "costOfGoodsSold": 668.2,
        "dilutedAverageSharesOutstanding": 100,
        "dilutedEPS": -3.15,
        "ebit": 188.1,
        "grossIncome": 532.3,
        "interestExpense": 26.123,
        "interestIncomeExpense": -26.6,
        "minorityInterest": -0.1,
        "netIncome": -315.3,
        "netIncomeAfterTaxes": -315.2,
        "nonRecurringItems": -494.5,
        "period": "2022-09-30",
        "pretaxIncome": -333.1,
        "provisionforIncomeTaxes": -17.8,
        "researchDevelopment": 24.9,
        "revenue": 1200.5,
        "sgaExpense": 319.4,
        "totalOperatingExpense": 344.2,
        "totalOtherIncomeExpenseNet": 0
      },
      {
        "costOfGoodsSold": 638.7,
        "dilutedAverageSharesOutstanding": 100.7,
        "dilutedEPS": 1.1,
        "ebit": 168.3,
        "grossIncome": 517.8,
        "interestExpense": 22.674,
        "interestIncomeExpense": -23.4,
        "minorityInterest": 0.5,
        "netIncome": 111.3,
        "netIncomeAfterTaxes": 110.8,
        "nonRecurringItems": -9.9,
        "period": "2022-06-30",
        "pretaxIncome": 135,
        "provisionforIncomeTaxes": 24.2,
        "researchDevelopment": 24.8,
        "revenue": 1156.5,
        "sgaExpense": 324.8,
        "totalOperatingExpense": 349.5,
        "totalOtherIncomeExpenseNet": 0
      },
      {
        "costOfGoodsSold": 639.1,
        "dilutedAverageSharesOutstanding": 100.8,
        "dilutedEPS": 0.52,
        "ebit": 91.9,
        "grossIncome": 571.6,
        "interestExpense": 21.67,
        "interestIncomeExpense": -20.4,
        "minorityInterest": 0.2,
        "netIncome": 52.3,
        "netIncomeAfterTaxes": 52.1,
        "nonRecurringItems": 0,
        "period": "2022-03-31",
        "pretaxIncome": 71.5,
        "provisionforIncomeTaxes": 19.4,
        "researchDevelopment": 26.1,
        "revenue": 1210.7,
        "sgaExpense": 453.6,
        "totalOperatingExpense": 479.7,
        "totalOtherIncomeExpenseNet": 0
      },
      {
        "costOfGoodsSold": 670.9,
        "dilutedAverageSharesOutstanding": 100.8,
        "dilutedEPS": 1.42,
        "ebit": 202.7,
        "grossIncome": 538.1,
        "interestExpense": 22.971,
        "interestIncomeExpense": -20.5,
        "minorityInterest": 0.5,
        "netIncome": 143.6,
        "netIncomeAfterTaxes": 143.1,
        "nonRecurringItems": 0.2,
        "period": "2021-12-31",
        "pretaxIncome": 182.4,
        "provisionforIncomeTaxes": 39.3,
        "researchDevelopment": 24.8,
        "revenue": 1209,
        "sgaExpense": 310.6,
        "totalOperatingExpense": 335.3,
        "totalOtherIncomeExpenseNet": 0
      },
      {
        "costOfGoodsSold": 716.6,
        "dilutedAverageSharesOutstanding": 100.7,
        "dilutedEPS": 0.69,
        "ebit": 116.7,
        "grossIncome": 480.3,
        "interestExpense": 23.036,
        "interestIncomeExpense": -22,
        "minorityInterest": 0.2,
        "netIncome": 69.8,
        "netIncomeAfterTaxes": 69.6,
        "nonRecurringItems": -0.2,
        "period": "2021-09-30",
        "pretaxIncome": 89.6,
        "provisionforIncomeTaxes": 20,
        "researchDevelopment": 18.8,
        "revenue": 1197,
        "sgaExpense": 344.8,
        "totalOperatingExpense": 363.7,
        "totalOtherIncomeExpenseNet": -4.9
      },
      {
        "costOfGoodsSold": 542.1,
        "dilutedAverageSharesOutstanding": 90.2,
        "dilutedEPS": -0.24,
        "ebit": 14.3,
        "grossIncome": 426.3,
        "interestExpense": 21.812,
        "interestIncomeExpense": -20.4,
        "minorityInterest": 0.1,
        "netIncome": -21.8,
        "netIncomeAfterTaxes": -21.9,
        "nonRecurringItems": 0,
        "period": "2021-06-30",
        "pretaxIncome": -29,
        "provisionforIncomeTaxes": -7.1,
        "researchDevelopment": 18.2,
        "revenue": 968.4,
        "sgaExpense": 393.8,
        "totalOperatingExpense": 412,
        "totalOtherIncomeExpenseNet": -22.9
      },
      {
        "costOfGoodsSold": 491.9,
        "dilutedAverageSharesOutstanding": 86,
        "dilutedEPS": 1.03,
        "ebit": 143.1,
        "grossIncome": 381.6,
        "interestExpense": 10.124,
        "interestIncomeExpense": -8.6,
        "minorityInterest": 0.7,
        "netIncome": 88.9,
        "netIncomeAfterTaxes": 88.2,
        "nonRecurringItems": 3,
        "period": "2021-03-31",
        "pretaxIncome": 137.5,
        "provisionforIncomeTaxes": 49.4,
        "researchDevelopment": 17.5,
        "revenue": 873.5,
        "sgaExpense": 221.1,
        "totalOperatingExpense": 238.6
      },
      {
        "costOfGoodsSold": 463.1,
        "dilutedAverageSharesOutstanding": 87,
        "dilutedEPS": 1.33,
        "ebit": 147,
        "grossIncome": 345.9,
        "interestExpense": 8.899,
        "interestIncomeExpense": -7.6,
        "minorityInterest": -0.1,
        "netIncome": 114.5,
        "netIncomeAfterTaxes": 114.6,
        "nonRecurringItems": 0,
        "period": "2020-12-31",
        "pretaxIncome": 139.4,
        "provisionforIncomeTaxes": 24.8,
        "researchDevelopment": 16.4,
        "revenue": 808.9,
        "sgaExpense": 182.4,
        "totalOperatingExpense": 198.8
      },
      {
        "costOfGoodsSold": 426.1,
        "dilutedAverageSharesOutstanding": 85.8,
        "dilutedEPS": 1.23,
        "ebit": 141.2,
        "grossIncome": 330,
        "interestExpense": 8.665,
        "interestIncomeExpense": -7.5,
        "minorityInterest": -0.2,
        "netIncome": 105.9,
        "netIncomeAfterTaxes": 106,
        "nonRecurringItems": 0.1,
        "period": "2020-09-30",
        "pretaxIncome": 133.8,
        "provisionforIncomeTaxes": 27.8,
        "researchDevelopment": 16.1,
        "revenue": 756.1,
        "sgaExpense": 172.7,
        "totalOperatingExpense": 188.9,
        "totalOtherIncomeExpenseNet": 0
      },
      {
        "costOfGoodsSold": 381.5,
        "dilutedAverageSharesOutstanding": 85.7,
        "dilutedEPS": 1.05,
        "ebit": 116,
        "grossIncome": 287.4,
        "interestExpense": 9.492,
        "interestIncomeExpense": -7.2,
        "minorityInterest": 0.1,
        "netIncome": 89.6,
        "netIncomeAfterTaxes": 89.5,
        "nonRecurringItems": -0.2,
        "period": "2020-06-30",
        "pretaxIncome": 108.6,
        "provisionforIncomeTaxes": 19.1,
        "researchDevelopment": 16.2,
        "revenue": 668.9,
        "sgaExpense": 155.2,
        "totalOperatingExpense": 171.4
      },
      {
        "costOfGoodsSold": 458.9,
        "dilutedAverageSharesOutstanding": 85.7,
        "dilutedEPS": 1.44,
        "ebit": 157.8,
        "grossIncome": 364.1,
        "interestExpense": 9.577,
        "interestIncomeExpense": -9.8,
        "minorityInterest": 0.1,
        "netIncome": 123.4,
        "netIncomeAfterTaxes": 123.3,
        "nonRecurringItems": 0,
        "period": "2020-03-31",
        "pretaxIncome": 148.1,
        "provisionforIncomeTaxes": 24.8,
        "researchDevelopment": 17.2,
        "revenue": 823,
        "sgaExpense": 189.1,
        "totalOperatingExpense": 206.3
      },
      {
        "costOfGoodsSold": 442.9,
        "dilutedAverageSharesOutstanding": 85.6,
        "dilutedEPS": 1.23,
        "ebit": 141.9,
        "grossIncome": 331.4,
        "interestExpense": 9.813,
        "interestIncomeExpense": -8.3,
        "minorityInterest": 0.3,
        "netIncome": 104.9,
        "netIncomeAfterTaxes": 104.7,
        "nonRecurringItems": 0.4,
        "period": "2019-12-31",
        "pretaxIncome": 134,
        "provisionforIncomeTaxes": 29.3,
        "researchDevelopment": 16.5,
        "revenue": 774.3,
        "sgaExpense": 173,
        "totalOperatingExpense": 189.5
      },
      {
        "costOfGoodsSold": 418.2,
        "dilutedAverageSharesOutstanding": 85.7,
        "dilutedEPS": 1.11,
        "ebit": 126.1,
        "grossIncome": 318.7,
        "interestExpense": 10.444,
        "interestIncomeExpense": -9.1,
        "minorityInterest": -0.4,
        "netIncome": 94.8,
        "netIncomeAfterTaxes": 95.1,
        "nonRecurringItems": 0.3,
        "period": "2019-09-30",
        "pretaxIncome": 117.3,
        "provisionforIncomeTaxes": 22.2,
        "researchDevelopment": 16.2,
        "revenue": 736.8,
        "sgaExpense": 176.3,
        "totalOperatingExpense": 192.5
      },
      {
        "costOfGoodsSold": 391,
        "dilutedAverageSharesOutstanding": 85.6,
        "dilutedEPS": 0.99,
        "ebit": 111.1,
        "grossIncome": 305.8,
        "interestExpense": 10.445,
        "interestIncomeExpense": -10.3,
        "minorityInterest": -0.2,
        "netIncome": 84.6,
        "netIncomeAfterTaxes": 84.8,
        "nonRecurringItems": -1.4,
        "period": "2019-06-30",
        "pretaxIncome": 99.4,
        "provisionforIncomeTaxes": 14.6,
        "researchDevelopment": 15.6,
        "revenue": 696.8,
        "sgaExpense": 179.2,
        "totalOperatingExpense": 194.7
      },
      {
        "costOfGoodsSold": 433.9,
        "dilutedAverageSharesOutstanding": 85.4,
        "dilutedEPS": 1.27,
        "ebit": 145.2,
        "grossIncome": 334.3,
        "interestExpense": 11.001,
        "interestIncomeExpense": -7.5,
        "minorityInterest": -0.1,
        "netIncome": 108.4,
        "netIncomeAfterTaxes": 108.5,
        "nonRecurringItems": -4.8,
        "period": "2019-03-31",
        "pretaxIncome": 133,
        "provisionforIncomeTaxes": 24.4,
        "researchDevelopment": 15.9,
        "revenue": 768.2,
        "sgaExpense": 173.1,
        "totalOperatingExpense": 189.1
      },
      {
        "costOfGoodsSold": 409.2,
        "dilutedAverageSharesOutstanding": 85.4,
        "dilutedEPS": 0.56,
        "ebit": 112.5,
        "grossIncome": 287,
        "interestExpense": 10.879,
        "interestIncomeExpense": -12.3,
        "minorityInterest": -0.6,
        "netIncome": 47.9,
        "netIncomeAfterTaxes": 48.4,
        "nonRecurringItems": -42.4,
        "period": "2018-12-31",
        "pretaxIncome": 57.8,
        "provisionforIncomeTaxes": 9.3,
        "researchDevelopment": 15.2,
        "revenue": 696.2,
        "sgaExpense": 159.4,
        "totalOperatingExpense": 174.6
      },
      {
        "costOfGoodsSold": 394.3,
        "dilutedAverageSharesOutstanding": 85.5,
        "dilutedEPS": 0.91,
        "ebit": 105.9,
        "grossIncome": 284.7,
        "interestExpense": 11.393,
        "interestIncomeExpense": -10.6,
        "minorityInterest": 0,
        "netIncome": 77.5,
        "netIncomeAfterTaxes": 77.5,
        "nonRecurringItems": 0,
        "period": "2018-09-30",
        "pretaxIncome": 95.3,
        "provisionforIncomeTaxes": 17.8,
        "researchDevelopment": 15.8,
        "revenue": 679,
        "sgaExpense": 163.1,
        "totalOperatingExpense": 178.8
      },
      {
        "costOfGoodsSold": 369.7,
        "dilutedAverageSharesOutstanding": 85.5,
        "dilutedEPS": 0.82,
        "ebit": 94.8,
        "grossIncome": 269.1,
        "interestExpense": 11.74,
        "interestIncomeExpense": -11.8,
        "minorityInterest": -0.3,
        "netIncome": 70,
        "netIncomeAfterTaxes": 70.3,
        "nonRecurringItems": 0,
        "period": "2018-06-30",
        "pretaxIncome": 83.1,
        "provisionforIncomeTaxes": 12.8,
        "researchDevelopment": 16.2,
        "revenue": 638.8,
        "sgaExpense": 158,
        "totalOperatingExpense": 174.2
      },
      {
        "costOfGoodsSold": 423.6,
        "dilutedAverageSharesOutstanding": 85.5,
        "dilutedEPS": 0.86,
        "ebit": 112.6,
        "grossIncome": 292.4,
        "interestExpense": 13.019,
        "interestIncomeExpense": -11.3,
        "minorityInterest": 0,
        "netIncome": 73.6,
        "netIncomeAfterTaxes": 80.4,
        "nonRecurringItems": 0.1,
        "period": "2018-03-31",
        "pretaxIncome": 101.4,
        "provisionforIncomeTaxes": 21.1,
        "researchDevelopment": 17.6,
        "revenue": 716,
        "sgaExpense": 162.1,
        "totalOperatingExpense": 179.8
      },
      {
        "costOfGoodsSold": 383.7,
        "dilutedAverageSharesOutstanding": 85.7,
        "dilutedEPS": 1.1,
        "ebit": 104.2,
        "grossIncome": 278.2,
        "interestExpense": 12.461,
        "interestIncomeExpense": -12.1,
        "minorityInterest": -0.6,
        "netIncome": 94.8,
        "netIncomeAfterTaxes": 69.7,
        "nonRecurringItems": -0.1,
        "period": "2017-12-31",
        "pretaxIncome": 91.9,
        "provisionforIncomeTaxes": 22.3,
        "researchDevelopment": 15.2,
        "revenue": 661.9,
        "sgaExpense": 158.8,
        "totalOperatingExpense": 174
      },
      {
        "costOfGoodsSold": 367.8,
        "dilutedAverageSharesOutstanding": 85.9,
        "dilutedEPS": 0.75,
        "ebit": 98.2,
        "grossIncome": 266.4,
        "interestExpense": 12.683,
        "interestIncomeExpense": -10.9,
        "minorityInterest": 0,
        "netIncome": 64.5,
        "netIncomeAfterTaxes": 64.4,
        "nonRecurringItems": 0,
        "period": "2017-09-30",
        "pretaxIncome": 87.3,
        "provisionforIncomeTaxes": 22.9,
        "researchDevelopment": 14,
        "revenue": 634.2,
        "sgaExpense": 154.2,
        "totalOperatingExpense": 168.1
      },
      {
        "costOfGoodsSold": 352.2,
        "dilutedAverageSharesOutstanding": 85.7,
        "dilutedEPS": 0.68,
        "ebit": 86.3,
        "grossIncome": 255.8,
        "interestExpense": 12.466,
        "interestIncomeExpense": -11.9,
        "minorityInterest": -0.1,
        "netIncome": 58.1,
        "netIncomeAfterTaxes": 58.2,
        "nonRecurringItems": -0.1,
        "period": "2017-06-30",
        "pretaxIncome": 74.3,
        "provisionforIncomeTaxes": 16,
        "researchDevelopment": 14,
        "revenue": 608,
        "sgaExpense": 155.5,
        "totalOperatingExpense": 169.5
      },
      {
        "costOfGoodsSold": 400.5,
        "dilutedAverageSharesOutstanding": 86,
        "dilutedEPS": 0.3,
        "ebit": 61.6,
        "grossIncome": 280.7,
        "interestExpense": 11.545,
        "interestIncomeExpense": -14.3,
        "minorityInterest": 0.1,
        "netIncome": 26.1,
        "netIncomeAfterTaxes": 26.1,
        "nonRecurringItems": 0,
        "period": "2017-03-31",
        "pretaxIncome": 47.3,
        "provisionforIncomeTaxes": 21.3,
        "researchDevelopment": 15.8,
        "revenue": 681.2,
        "sgaExpense": 203.3,
        "totalOperatingExpense": 219.1
      },
      {
        "costOfGoodsSold": 389.2,
        "dilutedAverageSharesOutstanding": 85.1,
        "dilutedEPS": -0.06,
        "ebit": 83.4,
        "grossIncome": 257.6,
        "interestExpense": 10.98,
        "interestIncomeExpense": -9.5,
        "minorityInterest": -0.6,
        "netIncome": -5,
        "netIncomeAfterTaxes": -4.3,
        "nonRecurringItems": -58.4,
        "period": "2016-12-31",
        "pretaxIncome": 15.4,
        "provisionforIncomeTaxes": 19.8,
        "researchDevelopment": 14.6,
        "revenue": 646.8,
        "sgaExpense": 159.7,
        "totalOperatingExpense": 174.2
      },
      {
        "costOfGoodsSold": 398.5,
        "dilutedAverageSharesOutstanding": 86.3,
        "dilutedEPS": 0.47,
        "ebit": 69.1,
        "grossIncome": 247.9,
        "interestExpense": 10.924,
        "interestIncomeExpense": -10.1,
        "minorityInterest": 0.2,
        "netIncome": 40.4,
        "netIncomeAfterTaxes": 40.2,
        "nonRecurringItems": 0,
        "period": "2016-09-30",
        "pretaxIncome": 58.9,
        "provisionforIncomeTaxes": 18.7,
        "researchDevelopment": 14.6,
        "revenue": 646.4,
        "sgaExpense": 164.2,
        "totalOperatingExpense": 178.9
      },
      {
        "costOfGoodsSold": 398.4,
        "dilutedAverageSharesOutstanding": 86.5,
        "dilutedEPS": 0.56,
        "ebit": 72.7,
        "grossIncome": 240,
        "interestExpense": 11.071,
        "interestIncomeExpense": -9.6,
        "minorityInterest": -0.3,
        "netIncome": 48.4,
        "netIncomeAfterTaxes": 48.7,
        "nonRecurringItems": -0.2,
        "period": "2016-06-30",
        "pretaxIncome": 62.9,
        "provisionforIncomeTaxes": 14.2,
        "researchDevelopment": 14.4,
        "revenue": 638.4,
        "sgaExpense": 152.9,
        "totalOperatingExpense": 167.3
      },
      {
        "costOfGoodsSold": 426.4,
        "dilutedAverageSharesOutstanding": 86.4,
        "dilutedEPS": 0.67,
        "ebit": 100.8,
        "grossIncome": 263.9,
        "interestExpense": 11.396,
        "interestIncomeExpense": -12.1,
        "minorityInterest": -0.1,
        "netIncome": 57.7,
        "netIncomeAfterTaxes": 57.9,
        "nonRecurringItems": -0.2,
        "period": "2016-03-31",
        "pretaxIncome": 88.5,
        "provisionforIncomeTaxes": 30.6,
        "researchDevelopment": 14.3,
        "revenue": 690.3,
        "sgaExpense": 148.8,
        "totalOperatingExpense": 163.1
      },
      {
        "costOfGoodsSold": 380.5,
        "dilutedAverageSharesOutstanding": 77.7,
        "dilutedEPS": 0.26,
        "ebit": 46.1,
        "grossIncome": 238.2,
        "interestExpense": 17.706,
        "interestIncomeExpense": -16.9,
        "minorityInterest": -1.1,
        "netIncome": 20,
        "netIncomeAfterTaxes": 21.2,
        "nonRecurringItems": 0.2,
        "period": "2015-12-31",
        "pretaxIncome": 29.4,
        "provisionforIncomeTaxes": 8.3,
        "researchDevelopment": 14.3,
        "revenue": 618.7,
        "sgaExpense": 177.7,
        "totalOperatingExpense": 192.1
      },
      {
        "costOfGoodsSold": 280.6,
        "dilutedAverageSharesOutstanding": 60.4,
        "dilutedEPS": 0.14,
        "ebit": 21.9,
        "grossIncome": 209.3,
        "interestExpense": 7.485,
        "interestIncomeExpense": -6.1,
        "netIncome": 8.7,
        "netIncomeAfterTaxes": 8.7,
        "nonRecurringItems": 0.1,
        "period": "2015-09-30",
        "pretaxIncome": 15.8,
        "provisionforIncomeTaxes": 7.2,
        "researchDevelopment": 14.3,
        "revenue": 489.9,
        "sgaExpense": 173.2,
        "totalOperatingExpense": 187.4
      }
    ],
    "symbol": "STE"
  }
}