{
  "symbol": "TMO",
  "statement": "ic",
  "frequency": "quarterly",
  "timestamp": "2025-09-19T14:07:31.860396",
  "data": {
    "financials": [
      {
        "costOfGoodsSold": 6378,
        "depreciationAmortization": 429,
        "dilutedAverageSharesOutstanding": 378,
        "dilutedEPS": 4.28,
        "ebit": 1916,
        "equityEarningsAffiliates": 2,
        "grossIncome": 4477,
        "interestExpense": 404,
        "interestIncomeExpense": -107,
        "minorityInterest": -2,
        "netIncome": 1617,
        "netIncomeAfterTaxes": 1617,
        "nonRecurringItems": -82,
        "otherOperatingExpensesTotal": 1,
        "period": "2025-06-28",
        "pretaxIncome": 1709,
        "provisionforIncomeTaxes": 92,
        "researchDevelopment": 352,
        "revenue": 10855,
        "sgaExpense": 1779,
        "totalOperatingExpense": 2561,
        "totalOtherIncomeExpenseNet": -18
      },
      {
        "costOfGoodsSold": 6129,
        "dilutedAverageSharesOutstanding": 379,
        "dilutedEPS": 3.98,
        "ebit": 1814,
        "equityEarningsAffiliates": -14,
        "grossIncome": 4235,
        "interestExpense": 303,
        "interestIncomeExpense": -98,
        "minorityInterest": -4,
        "netIncome": 1507,
        "netIncomeAfterTaxes": 1525,
        "nonRecurringItems": -98,
        "otherOperatingExpensesTotal": 75,
        "period": "2025-03-29",
        "pretaxIncome": 1620,
        "provisionforIncomeTaxes": 95,
        "researchDevelopment": 342,
        "revenue": 10364,
        "sgaExpense": 2004,
        "totalOperatingExpense": 2421,
        "totalOtherIncomeExpenseNet": 2
      },
      {
        "costOfGoodsSold": 6573,
        "dilutedAverageSharesOutstanding": 383,
        "dilutedEPS": 4.78,
        "ebit": 2244,
        "equityEarningsAffiliates": 33,
        "grossIncome": 4822,
        "interestExpense": 317,
        "interestIncomeExpense": -76,
        "minorityInterest": 6,
        "netIncome": 1830,
        "netIncomeAfterTaxes": 1791,
        "nonRecurringItems": -228,
        "otherOperatingExpensesTotal": -4,
        "period": "2024-12-31",
        "pretaxIncome": 1941,
        "provisionforIncomeTaxes": 150,
        "researchDevelopment": 374,
        "revenue": 11395,
        "sgaExpense": 2208,
        "totalOperatingExpense": 2578,
        "totalOtherIncomeExpenseNet": 1
      },
      {
        "costOfGoodsSold": 6270,
        "dilutedAverageSharesOutstanding": 384,
        "dilutedEPS": 4.24,
        "ebit": 1883,
        "equityEarningsAffiliates": -14,
        "grossIncome": 4328,
        "interestExpense": 356,
        "interestIncomeExpense": -83,
        "minorityInterest": 0,
        "netIncome": 1630,
        "netIncomeAfterTaxes": 1643,
        "nonRecurringItems": -45,
        "otherOperatingExpensesTotal": 5,
        "period": "2024-09-28",
        "pretaxIncome": 1742,
        "provisionforIncomeTaxes": 99,
        "researchDevelopment": 346,
        "revenue": 10598,
        "sgaExpense": 2094,
        "totalOperatingExpense": 2445,
        "totalOtherIncomeExpenseNet": -13
      },
      {
        "costOfGoodsSold": 6194,
        "dilutedAverageSharesOutstanding": 383,
        "dilutedEPS": 4.04,
        "ebit": 1897,
        "equityEarningsAffiliates": -84,
        "grossIncome": 4347,
        "interestExpense": 354,
        "interestIncomeExpense": -59,
        "minorityInterest": -6,
        "netIncome": 1548,
        "netIncomeAfterTaxes": 1637,
        "nonRecurringItems": -77,
        "otherOperatingExpensesTotal": 72,
        "period": "2024-06-29",
        "pretaxIncome": 1765,
        "provisionforIncomeTaxes": 128,
        "researchDevelopment": 339,
        "revenue": 10541,
        "sgaExpense": 2039,
        "totalOperatingExpense": 2450,
        "totalOtherIncomeExpenseNet": 4
      },
      {
        "costOfGoodsSold": 6140,
        "dilutedAverageSharesOutstanding": 384,
        "dilutedEPS": 3.46,
        "ebit": 1692,
        "equityEarningsAffiliates": 23,
        "grossIncome": 4205,
        "interestExpense": 363,
        "interestIncomeExpense": -74,
        "minorityInterest": -4,
        "netIncome": 1328,
        "netIncomeAfterTaxes": 1308,
        "nonRecurringItems": -29,
        "otherOperatingExpensesTotal": 1,
        "period": "2024-03-30",
        "pretaxIncome": 1589,
        "provisionforIncomeTaxes": 281,
        "researchDevelopment": 331,
        "revenue": 10345,
        "sgaExpense": 2181,
        "totalOperatingExpense": 2513
      },
      {
        "costOfGoodsSold": 6493,
        "dilutedAverageSharesOutstanding": 388,
        "dilutedEPS": 4.2,
        "ebit": 1934,
        "equityEarningsAffiliates": -1,
        "grossIncome": 4393,
        "interestExpense": 390,
        "interestIncomeExpense": -94,
        "minorityInterest": 24,
        "netIncome": 1630,
        "netIncomeAfterTaxes": 1607,
        "nonRecurringItems": -80,
        "otherOperatingExpensesTotal": -6,
        "period": "2023-12-31",
        "pretaxIncome": 1740,
        "provisionforIncomeTaxes": 133,
        "researchDevelopment": 327,
        "revenue": 10886,
        "sgaExpense": 2138,
        "totalOperatingExpense": 2459,
        "totalOtherIncomeExpenseNet": -20
      },
      {
        "costOfGoodsSold": 6258,
        "dilutedAverageSharesOutstanding": 388,
        "dilutedEPS": 4.42,
        "ebit": 1948,
        "equityEarningsAffiliates": -17,
        "grossIncome": 4316,
        "interestExpense": 359,
        "interestIncomeExpense": -102,
        "minorityInterest": 20,
        "netIncome": 1715,
        "netIncomeAfterTaxes": 1712,
        "nonRecurringItems": -84,
        "otherOperatingExpensesTotal": 4,
        "period": "2023-09-30",
        "pretaxIncome": 1765,
        "provisionforIncomeTaxes": 53,
        "researchDevelopment": 319,
        "revenue": 10574,
        "sgaExpense": 2045,
        "totalOperatingExpense": 2368,
        "totalOtherIncomeExpenseNet": 3
      },
      {
        "costOfGoodsSold": 6436,
        "dilutedAverageSharesOutstanding": 388,
        "dilutedEPS": 3.51,
        "ebit": 1761,
        "equityEarningsAffiliates": -16,
        "grossIncome": 4251,
        "interestExpense": 326,
        "interestIncomeExpense": -148,
        "minorityInterest": -1,
        "netIncome": 1361,
        "netIncomeAfterTaxes": 1378,
        "nonRecurringItems": -183,
        "otherOperatingExpensesTotal": 4,
        "period": "2023-07-01",
        "pretaxIncome": 1430,
        "provisionforIncomeTaxes": 52,
        "researchDevelopment": 345,
        "revenue": 10687,
        "sgaExpense": 2141,
        "totalOperatingExpense": 2490,
        "totalOtherIncomeExpenseNet": 0
      },
      {
        "costOfGoodsSold": 6570,
        "dilutedAverageSharesOutstanding": 388,
        "dilutedEPS": 3.32,
        "ebit": 1675,
        "equityEarningsAffiliates": -25,
        "grossIncome": 4140,
        "interestExpense": 300,
        "interestIncomeExpense": -198,
        "minorityInterest": -3,
        "netIncome": 1289,
        "netIncomeAfterTaxes": 1317,
        "nonRecurringItems": -112,
        "otherOperatingExpensesTotal": 23,
        "period": "2023-04-01",
        "pretaxIncome": 1363,
        "provisionforIncomeTaxes": 46,
        "researchDevelopment": 346,
        "revenue": 10710,
        "sgaExpense": 2096,
        "totalOperatingExpense": 2465,
        "totalOtherIncomeExpenseNet": -2
      },
      {
        "costOfGoodsSold": 6844,
        "dilutedAverageSharesOutstanding": 392,
        "dilutedEPS": 4.02,
        "ebit": 1916,
        "equityEarningsAffiliates": -30,
        "grossIncome": 4606,
        "interestExpense": 269,
        "interestIncomeExpense": -144,
        "minorityInterest": 2,
        "netIncome": 1576,
        "netIncomeAfterTaxes": 1604,
        "nonRecurringItems": -55,
        "otherOperatingExpensesTotal": 59,
        "period": "2022-12-31",
        "pretaxIncome": 1777,
        "provisionforIncomeTaxes": 173,
        "researchDevelopment": 391,
        "revenue": 11450,
        "sgaExpense": 2240,
        "totalOperatingExpense": 2690,
        "totalOtherIncomeExpenseNet": 60
      },
      {
        "costOfGoodsSold": 6375,
        "dilutedAverageSharesOutstanding": 395,
        "dilutedEPS": 3.78,
        "ebit": 1743,
        "equityEarningsAffiliates": -72,
        "grossIncome": 4302,
        "interestExpense": 173,
        "interestIncomeExpense": -118,
        "minorityInterest": -3,
        "netIncome": 1495,
        "netIncomeAfterTaxes": 1570,
        "nonRecurringItems": -33,
        "period": "2022-10-01",
        "pretaxIncome": 1601,
        "provisionforIncomeTaxes": 31,
        "researchDevelopment": 351,
        "revenue": 10677,
        "sgaExpense": 2208,
        "totalOperatingExpense": 2559,
        "totalOtherIncomeExpenseNet": 9
      },
      {
        "costOfGoodsSold": 6371,
        "dilutedAverageSharesOutstanding": 394,
        "dilutedEPS": 4.22,
        "ebit": 2025,
        "equityEarningsAffiliates": -51,
        "grossIncome": 4599,
        "interestExpense": 148,
        "interestIncomeExpense": -95,
        "minorityInterest": -4,
        "netIncome": 1664,
        "netIncomeAfterTaxes": 1719,
        "nonRecurringItems": -24,
        "period": "2022-07-02",
        "pretaxIncome": 1917,
        "provisionforIncomeTaxes": 198,
        "researchDevelopment": 365,
        "revenue": 10970,
        "sgaExpense": 2209,
        "totalOperatingExpense": 2574,
        "totalOtherIncomeExpenseNet": 11
      },
      {
        "costOfGoodsSold": 6354,
        "dilutedAverageSharesOutstanding": 395,
        "dilutedEPS": 5.61,
        "ebit": 2823,
        "equityEarningsAffiliates": -19,
        "grossIncome": 5464,
        "interestExpense": 136,
        "interestIncomeExpense": -257,
        "minorityInterest": -5,
        "netIncome": 2215,
        "netIncomeAfterTaxes": 2239,
        "nonRecurringItems": -28,
        "period": "2022-04-02",
        "pretaxIncome": 2540,
        "provisionforIncomeTaxes": 301,
        "researchDevelopment": 364,
        "revenue": 11818,
        "sgaExpense": 2277,
        "totalOperatingExpense": 2641,
        "totalOtherIncomeExpenseNet": 2
      },
      {
        "costOfGoodsSold": 5448,
        "dilutedAverageSharesOutstanding": 397,
        "dilutedEPS": 4.18,
        "ebit": 2695,
        "equityEarningsAffiliates": -4,
        "grossIncome": 5254,
        "interestExpense": 161,
        "interestIncomeExpense": -109,
        "minorityInterest": -3,
        "netIncome": 1658,
        "netIncomeAfterTaxes": 1665,
        "nonRecurringItems": -727,
        "otherOperatingExpensesTotal": 47,
        "period": "2021-12-31",
        "pretaxIncome": 1868,
        "provisionforIncomeTaxes": 203,
        "researchDevelopment": 392,
        "revenue": 10702,
        "sgaExpense": 2120,
        "totalOperatingExpense": 2559,
        "totalOtherIncomeExpenseNet": 9
      },
      {
        "costOfGoodsSold": 4679,
        "dilutedAverageSharesOutstanding": 402.363,
        "dilutedEPS": 4.72,
        "ebit": 2322,
        "grossIncome": 4651,
        "interestExpense": 128,
        "interestIncomeExpense": -79,
        "netIncome": 1902,
        "netIncomeAfterTaxes": 1908,
        "nonRecurringItems": 153,
        "period": "2021-10-02",
        "pretaxIncome": 2179,
        "provisionforIncomeTaxes": 271,
        "researchDevelopment": 351,
        "revenue": 9330,
        "sgaExpense": 1978,
        "totalOperatingExpense": 2329,
        "totalOtherIncomeExpenseNet": -217
      },
      {
        "costOfGoodsSold": 4749,
        "dilutedAverageSharesOutstanding": 396,
        "dilutedEPS": 4.62,
        "ebit": 2240,
        "grossIncome": 4524,
        "interestExpense": 122,
        "interestIncomeExpense": -111,
        "netIncome": 1828,
        "netIncomeAfterTaxes": 1828,
        "nonRecurringItems": -77,
        "period": "2021-07-03",
        "pretaxIncome": 2047,
        "provisionforIncomeTaxes": 219,
        "researchDevelopment": 343,
        "revenue": 9273,
        "sgaExpense": 1941,
        "totalOperatingExpense": 2284,
        "totalOtherIncomeExpenseNet": -5
      },
      {
        "costOfGoodsSold": 4697,
        "dilutedAverageSharesOutstanding": 397,
        "dilutedEPS": 5.89,
        "ebit": 3079,
        "grossIncome": 5209,
        "interestExpense": 125,
        "interestIncomeExpense": -130,
        "netIncome": 2337,
        "netIncomeAfterTaxes": 2337,
        "nonRecurringItems": -227,
        "period": "2021-04-03",
        "pretaxIncome": 2753,
        "provisionforIncomeTaxes": 416,
        "researchDevelopment": 320,
        "revenue": 9906,
        "sgaExpense": 1810,
        "totalOperatingExpense": 2130,
        "totalOtherIncomeExpenseNet": 31
      },
      {
        "costOfGoodsSold": 4994,
        "dilutedAverageSharesOutstanding": 399,
        "dilutedEPS": 6.26,
        "ebit": 3100,
        "grossIncome": 5556,
        "interestExpense": 146,
        "interestIncomeExpense": -134,
        "netIncome": 2498,
        "netIncomeAfterTaxes": 2498,
        "nonRecurringItems": -29,
        "period": "2020-12-31",
        "pretaxIncome": 2892,
        "provisionforIncomeTaxes": 394,
        "researchDevelopment": 376,
        "revenue": 10550,
        "sgaExpense": 2080,
        "totalOperatingExpense": 2456,
        "totalOtherIncomeExpenseNet": -45
      },
      {
        "costOfGoodsSold": 4190,
        "dilutedAverageSharesOutstanding": 399,
        "dilutedEPS": 4.84,
        "ebit": 2388,
        "grossIncome": 4331,
        "interestExpense": 144,
        "interestIncomeExpense": -135,
        "netIncome": 1933,
        "netIncomeAfterTaxes": 1933,
        "nonRecurringItems": 38,
        "period": "2020-09-26",
        "pretaxIncome": 2252,
        "provisionforIncomeTaxes": 319,
        "researchDevelopment": 296,
        "revenue": 8521,
        "sgaExpense": 1647,
        "totalOperatingExpense": 1943,
        "totalOtherIncomeExpenseNet": -39
      },
      {
        "costOfGoodsSold": 3540,
        "dilutedAverageSharesOutstanding": 398,
        "dilutedEPS": 2.9,
        "ebit": 1445,
        "grossIncome": 3377,
        "interestExpense": 137,
        "interestIncomeExpense": -129,
        "netIncome": 1156,
        "netIncomeAfterTaxes": 1156,
        "nonRecurringItems": -54,
        "period": "2020-06-27",
        "pretaxIncome": 1253,
        "provisionforIncomeTaxes": 97,
        "researchDevelopment": 264,
        "revenue": 6917,
        "sgaExpense": 1668,
        "totalOperatingExpense": 1932,
        "totalOtherIncomeExpenseNet": -9
      },
      {
        "costOfGoodsSold": 3490,
        "dilutedAverageSharesOutstanding": 400,
        "dilutedEPS": 1.97,
        "ebit": 950,
        "grossIncome": 2740,
        "interestExpense": 126,
        "interestIncomeExpense": -92,
        "netIncome": 788,
        "netIncomeAfterTaxes": 788,
        "nonRecurringItems": -44,
        "period": "2020-03-28",
        "pretaxIncome": 828,
        "provisionforIncomeTaxes": 40,
        "researchDevelopment": 245,
        "revenue": 6230,
        "sgaExpense": 1545,
        "totalOperatingExpense": 1790,
        "totalOtherIncomeExpenseNet": 14
      },
      {
        "costOfGoodsSold": 3794,
        "dilutedAverageSharesOutstanding": 403,
        "dilutedEPS": 2.49,
        "ebit": 1269,
        "grossIncome": 3035,
        "interestExpense": 142,
        "interestIncomeExpense": -97,
        "netIncome": 1002,
        "netIncomeAfterTaxes": 1002,
        "nonRecurringItems": -37,
        "period": "2019-12-31",
        "pretaxIncome": 1038,
        "provisionforIncomeTaxes": 36,
        "researchDevelopment": 262,
        "revenue": 6829,
        "sgaExpense": 1504,
        "totalOperatingExpense": 1766,
        "totalOtherIncomeExpenseNet": -97
      },
      {
        "costOfGoodsSold": 3509,
        "dilutedAverageSharesOutstanding": 404,
        "dilutedEPS": 1.88,
        "ebit": 984,
        "grossIncome": 2763,
        "interestExpense": 164,
        "interestIncomeExpense": -72,
        "netIncome": 760,
        "netIncomeAfterTaxes": 788,
        "nonRecurringItems": -38,
        "period": "2019-09-28",
        "pretaxIncome": 822,
        "provisionforIncomeTaxes": 34,
        "researchDevelopment": 247,
        "revenue": 6272,
        "sgaExpense": 1532,
        "totalOperatingExpense": 1779,
        "totalOtherIncomeExpenseNet": -52
      },
      {
        "costOfGoodsSold": 3493,
        "dilutedAverageSharesOutstanding": 403,
        "dilutedEPS": 2.78,
        "ebit": 1048,
        "grossIncome": 2823,
        "interestExpense": 181,
        "interestIncomeExpense": -136,
        "netIncome": 1119,
        "netIncomeAfterTaxes": 1119,
        "nonRecurringItems": 448,
        "period": "2019-06-29",
        "pretaxIncome": 1393,
        "provisionforIncomeTaxes": 274,
        "researchDevelopment": 246,
        "revenue": 6316,
        "sgaExpense": 1529,
        "totalOperatingExpense": 1775,
        "totalOtherIncomeExpenseNet": 33
      },
      {
        "costOfGoodsSold": 3418,
        "dilutedAverageSharesOutstanding": 403,
        "dilutedEPS": 2.02,
        "ebit": 942,
        "grossIncome": 2707,
        "interestExpense": 189,
        "interestIncomeExpense": -108,
        "netIncome": 815,
        "netIncomeAfterTaxes": 795,
        "nonRecurringItems": -22,
        "period": "2019-03-30",
        "pretaxIncome": 817,
        "provisionforIncomeTaxes": 22,
        "researchDevelopment": 248,
        "revenue": 6125,
        "sgaExpense": 1517,
        "totalOperatingExpense": 1765,
        "totalOtherIncomeExpenseNet": 5
      },
      {
        "costOfGoodsSold": 3583,
        "dilutedAverageSharesOutstanding": 406,
        "dilutedEPS": 2.21,
        "ebit": 1185,
        "grossIncome": 2924,
        "interestExpense": 172,
        "interestIncomeExpense": -173,
        "netIncome": 898,
        "netIncomeAfterTaxes": 898,
        "nonRecurringItems": -37,
        "period": "2018-12-31",
        "pretaxIncome": 1012,
        "provisionforIncomeTaxes": 114,
        "researchDevelopment": 251,
        "revenue": 6507,
        "sgaExpense": 1488,
        "totalOperatingExpense": 1739,
        "totalOtherIncomeExpenseNet": 37
      },
      {
        "costOfGoodsSold": 3305,
        "dilutedAverageSharesOutstanding": 406,
        "dilutedEPS": 1.74,
        "ebit": 881,
        "grossIncome": 2615,
        "interestExpense": 162,
        "interestIncomeExpense": -126,
        "netIncome": 709,
        "netIncomeAfterTaxes": 756,
        "nonRecurringItems": 31,
        "period": "2018-09-29",
        "pretaxIncome": 810,
        "provisionforIncomeTaxes": 54,
        "researchDevelopment": 240,
        "revenue": 5920,
        "sgaExpense": 1494,
        "totalOperatingExpense": 1734,
        "totalOtherIncomeExpenseNet": 24
      },
      {
        "costOfGoodsSold": 3340,
        "dilutedAverageSharesOutstanding": 406,
        "dilutedEPS": 1.85,
        "ebit": 957,
        "grossIncome": 2738,
        "interestExpense": 170,
        "interestIncomeExpense": -107,
        "netIncome": 752,
        "netIncomeAfterTaxes": 752,
        "nonRecurringItems": -20,
        "period": "2018-06-30",
        "pretaxIncome": 806,
        "provisionforIncomeTaxes": 54,
        "researchDevelopment": 242,
        "revenue": 6078,
        "sgaExpense": 1539,
        "totalOperatingExpense": 1781,
        "totalOtherIncomeExpenseNet": -24
      },
      {
        "costOfGoodsSold": 3273,
        "dilutedAverageSharesOutstanding": 406,
        "dilutedEPS": 1.42,
        "ebit": 839,
        "grossIncome": 2580,
        "interestExpense": 163,
        "interestIncomeExpense": -154,
        "netIncome": 579,
        "netIncomeAfterTaxes": 649,
        "nonRecurringItems": -53,
        "period": "2018-03-31",
        "pretaxIncome": 634,
        "provisionforIncomeTaxes": -15,
        "researchDevelopment": 234,
        "revenue": 5853,
        "sgaExpense": 1507,
        "totalOperatingExpense": 1741,
        "totalOtherIncomeExpenseNet": 2
      },
      {
        "costOfGoodsSold": 3377.6,
        "dilutedAverageSharesOutstanding": 405.2,
        "dilutedEPS": 1.3,
        "ebit": 963.1,
        "grossIncome": 2669.2,
        "interestExpense": 166.3,
        "interestIncomeExpense": -343.4,
        "netIncome": 528.1,
        "netIncomeAfterTaxes": 734.5,
        "nonRecurringItems": -5.2,
        "period": "2017-12-31",
        "pretaxIncome": 819.9,
        "provisionforIncomeTaxes": 85.4,
        "researchDevelopment": 232.9,
        "revenue": 6046.8,
        "sgaExpense": 1473.2,
        "totalOperatingExpense": 1706.1,
        "totalOtherIncomeExpenseNet": 205.4
      },
      {
        "costOfGoodsSold": 2816,
        "dilutedAverageSharesOutstanding": 399.6,
        "dilutedEPS": 1.34,
        "ebit": 721.7,
        "grossIncome": 2300.2,
        "interestExpense": 156.7,
        "interestIncomeExpense": -132.266,
        "netIncome": 533.9,
        "netIncomeAfterTaxes": 533.9,
        "nonRecurringItems": -85.5,
        "period": "2017-09-30",
        "pretaxIncome": 480.6,
        "provisionforIncomeTaxes": -53.3,
        "researchDevelopment": 218.1,
        "revenue": 5116.2,
        "sgaExpense": 1360.4,
        "totalOperatingExpense": 1578.5,
        "totalOtherIncomeExpenseNet": -23.334
      },
      {
        "costOfGoodsSold": 2706.9,
        "dilutedAverageSharesOutstanding": 393.3,
        "dilutedEPS": 1.56,
        "ebit": 780.8,
        "grossIncome": 2283.1,
        "interestExpense": 133.6,
        "interestIncomeExpense": -65.8,
        "netIncome": 611.6,
        "netIncomeAfterTaxes": 612.2,
        "nonRecurringItems": -29.3,
        "period": "2017-07-01",
        "pretaxIncome": 625.6,
        "provisionforIncomeTaxes": 13.4,
        "researchDevelopment": 221.6,
        "revenue": 4990,
        "sgaExpense": 1280.7,
        "totalOperatingExpense": 1502.3,
        "totalOtherIncomeExpenseNet": -60.1
      },
      {
        "costOfGoodsSold": 2572.5,
        "dilutedAverageSharesOutstanding": 394.1,
        "dilutedEPS": 1.4,
        "ebit": 677.4,
        "grossIncome": 2192.5,
        "interestExpense": 135.4,
        "interestIncomeExpense": -94.7,
        "netIncome": 551.4,
        "netIncomeAfterTaxes": 551.4,
        "nonRecurringItems": -55,
        "period": "2017-04-01",
        "pretaxIncome": 502.9,
        "provisionforIncomeTaxes": -48.5,
        "researchDevelopment": 215.4,
        "revenue": 4765,
        "sgaExpense": 1299.7,
        "totalOperatingExpense": 1515.1,
        "totalOtherIncomeExpenseNet": -24.8
      },
      {
        "costOfGoodsSold": 2674.4,
        "dilutedAverageSharesOutstanding": 396.8,
        "dilutedEPS": 1.59,
        "ebit": 809.6,
        "grossIncome": 2278.8,
        "interestExpense": 131.3,
        "interestIncomeExpense": -175.6,
        "netIncome": 629.5,
        "netIncomeAfterTaxes": 632.7,
        "nonRecurringItems": -57,
        "period": "2016-12-31",
        "pretaxIncome": 651.9,
        "provisionforIncomeTaxes": 19.2,
        "researchDevelopment": 212.6,
        "revenue": 4953.2,
        "sgaExpense": 1256.6,
        "totalOperatingExpense": 1469.2,
        "totalOtherIncomeExpenseNet": 74.9
      },
      {
        "costOfGoodsSold": 2437,
        "dilutedAverageSharesOutstanding": 397.4,
        "dilutedEPS": 1.19,
        "ebit": 658.5,
        "grossIncome": 2053.9,
        "interestExpense": 113.3,
        "interestIncomeExpense": -100.6,
        "netIncome": 473.5,
        "netIncomeAfterTaxes": 473.5,
        "nonRecurringItems": -117.4,
        "period": "2016-10-01",
        "pretaxIncome": 427.9,
        "provisionforIncomeTaxes": -45.6,
        "researchDevelopment": 183.3,
        "revenue": 4490.9,
        "sgaExpense": 1212.1,
        "totalOperatingExpense": 1395.4,
        "totalOtherIncomeExpenseNet": -12.6
      },
      {
        "costOfGoodsSold": 2456.7,
        "dilutedAverageSharesOutstanding": 396.7,
        "dilutedEPS": 1.3,
        "ebit": 676.8,
        "grossIncome": 2078.5,
        "interestExpense": 118.8,
        "interestIncomeExpense": -125.8,
        "netIncome": 516.6,
        "netIncomeAfterTaxes": 516.8,
        "nonRecurringItems": -39.2,
        "period": "2016-07-02",
        "pretaxIncome": 521.1,
        "provisionforIncomeTaxes": 4.3,
        "researchDevelopment": 182.4,
        "revenue": 4535.2,
        "sgaExpense": 1219.3,
        "totalOperatingExpense": 1401.7,
        "totalOtherIncomeExpenseNet": 9.3
      },
      {
        "costOfGoodsSold": 2336.9,
        "dilutedAverageSharesOutstanding": 398.7,
        "dilutedEPS": 1.01,
        "ebit": 597.4,
        "grossIncome": 1957.9,
        "interestExpense": 106.2,
        "interestIncomeExpense": -118.8,
        "netIncome": 402.2,
        "netIncomeAfterTaxes": 402.3,
        "nonRecurringItems": -79.5,
        "period": "2016-04-02",
        "pretaxIncome": 423,
        "provisionforIncomeTaxes": 20.7,
        "researchDevelopment": 176.5,
        "revenue": 4294.8,
        "sgaExpense": 1184,
        "totalOperatingExpense": 1360.5,
        "totalOtherIncomeExpenseNet": 23.9
      },
      {
        "costOfGoodsSold": 2544.2,
        "dilutedAverageSharesOutstanding": 402.5,
        "dilutedEPS": 1.51,
        "ebit": 748.5,
        "grossIncome": 2108.3,
        "interestExpense": 103,
        "interestIncomeExpense": -98.1,
        "netIncome": 602.6,
        "netIncomeAfterTaxes": 606.3,
        "nonRecurringItems": -58.3,
        "period": "2015-12-31",
        "pretaxIncome": 582.7,
        "provisionforIncomeTaxes": -23.6,
        "researchDevelopment": 180.3,
        "revenue": 4652.5,
        "sgaExpense": 1179.5,
        "totalOperatingExpense": 1359.8,
        "totalOtherIncomeExpenseNet": -9.4
      },
      {
        "costOfGoodsSold": 2239.9,
        "dilutedAverageSharesOutstanding": 402,
        "dilutedEPS": 1.19,
        "ebit": 603,
        "grossIncome": 1883.3,
        "interestExpense": 100.6,
        "interestIncomeExpense": -100,
        "netIncome": 476.1,
        "netIncomeAfterTaxes": 477.3,
        "nonRecurringItems": -40.1,
        "period": "2015-09-26",
        "pretaxIncome": 468.1,
        "provisionforIncomeTaxes": -9.2,
        "researchDevelopment": 171.6,
        "revenue": 4123.2,
        "sgaExpense": 1108.7,
        "totalOperatingExpense": 1280.3,
        "totalOtherIncomeExpenseNet": 5.2
      }
    ],
    "symbol": "TMO"
  }
}