{
  "symbol": "PYPL",
  "statement": "ic",
  "frequency": "quarterly",
  "timestamp": "2025-09-19T14:05:22.956735",
  "data": {
    "financials": [
      {
        "costOfGoodsSold": 4857,
        "dilutedAverageSharesOutstanding": 977,
        "dilutedEPS": 1.29,
        "ebit": 1620,
        "grossIncome": 3431,
        "interestExpense": 114,
        "netIncome": 1261,
        "netIncomeAfterTaxes": 1261,
        "nonRecurringItems": -116,
        "period": "2025-06-30",
        "pretaxIncome": 1529,
        "provisionforIncomeTaxes": 268,
        "researchDevelopment": 767,
        "revenue": 8288,
        "sgaExpense": 1044,
        "totalOperatingExpense": 1811,
        "totalOtherIncomeExpenseNet": 25
      },
      {
        "costOfGoodsSold": 4473,
        "dilutedAverageSharesOutstanding": 999,
        "dilutedEPS": 1.29,
        "ebit": 1596,
        "grossIncome": 3318,
        "interestExpense": 103,
        "interestIncomeExpense": 90,
        "netIncome": 1287,
        "netIncomeAfterTaxes": 1287,
        "nonRecurringItems": -66,
        "period": "2025-03-31",
        "pretaxIncome": 1603,
        "provisionforIncomeTaxes": 316,
        "researchDevelopment": 731,
        "revenue": 7791,
        "sgaExpense": 991,
        "totalOperatingExpense": 1722,
        "totalOtherIncomeExpenseNet": -17
      },
      {
        "costOfGoodsSold": 4882,
        "dilutedAverageSharesOutstanding": 1012,
        "dilutedEPS": 1.11,
        "ebit": 1491,
        "grossIncome": 3484,
        "interestExpense": 97,
        "interestIncomeExpense": -8,
        "netIncome": 1121,
        "netIncomeAfterTaxes": 1121,
        "nonRecurringItems": -50,
        "period": "2024-12-31",
        "pretaxIncome": 1410,
        "provisionforIncomeTaxes": 289,
        "researchDevelopment": 773,
        "revenue": 8366,
        "sgaExpense": 1220,
        "totalOperatingExpense": 1993,
        "totalOtherIncomeExpenseNet": -23
      },
      {
        "costOfGoodsSold": 4620,
        "dilutedAverageSharesOutstanding": 1024,
        "dilutedEPS": 0.99,
        "ebit": 1454,
        "grossIncome": 3227,
        "interestExpense": 106,
        "interestIncomeExpense": -94,
        "netIncome": 1010,
        "netIncomeAfterTaxes": 1010,
        "nonRecurringItems": -63,
        "period": "2024-09-30",
        "pretaxIncome": 1311,
        "provisionforIncomeTaxes": 301,
        "researchDevelopment": 746,
        "revenue": 7847,
        "sgaExpense": 1027,
        "totalOperatingExpense": 1773,
        "totalOtherIncomeExpenseNet": 14
      },
      {
        "costOfGoodsSold": 4713,
        "dilutedAverageSharesOutstanding": 1047,
        "dilutedEPS": 1.08,
        "ebit": 1438,
        "grossIncome": 3172,
        "interestExpense": 93,
        "interestIncomeExpense": 66,
        "netIncome": 1128,
        "netIncomeAfterTaxes": 1128,
        "nonRecurringItems": -113,
        "period": "2024-06-30",
        "pretaxIncome": 1399,
        "provisionforIncomeTaxes": 271,
        "researchDevelopment": 718,
        "revenue": 7885,
        "sgaExpense": 1016,
        "totalOperatingExpense": 1734,
        "totalOtherIncomeExpenseNet": 8
      },
      {
        "costOfGoodsSold": 4692,
        "dilutedAverageSharesOutstanding": 1072,
        "dilutedEPS": 0.83,
        "ebit": 1380,
        "grossIncome": 3007,
        "interestExpense": 86,
        "interestIncomeExpense": 31,
        "netIncome": 888,
        "netIncomeAfterTaxes": 888,
        "nonRecurringItems": -212,
        "period": "2024-03-31",
        "pretaxIncome": 1209,
        "provisionforIncomeTaxes": 321,
        "researchDevelopment": 742,
        "revenue": 7699,
        "sgaExpense": 885,
        "totalOperatingExpense": 1627,
        "totalOtherIncomeExpenseNet": 10
      },
      {
        "costOfGoodsSold": 4819,
        "dilutedAverageSharesOutstanding": 1083,
        "dilutedEPS": 1.29,
        "ebit": 1417,
        "grossIncome": 3207,
        "interestExpense": 87,
        "interestIncomeExpense": 41,
        "netIncome": 1402,
        "netIncomeAfterTaxes": 1402,
        "nonRecurringItems": 311,
        "period": "2023-12-31",
        "pretaxIncome": 1793,
        "provisionforIncomeTaxes": 391,
        "researchDevelopment": 770,
        "revenue": 8026,
        "sgaExpense": 1020,
        "totalOperatingExpense": 1790,
        "totalOtherIncomeExpenseNet": 24
      },
      {
        "costOfGoodsSold": 4523,
        "dilutedAverageSharesOutstanding": 1098,
        "dilutedEPS": 0.93,
        "ebit": 1207,
        "grossIncome": 2895,
        "interestExpense": 86,
        "interestIncomeExpense": 62,
        "netIncome": 1020,
        "netIncomeAfterTaxes": 1020,
        "nonRecurringItems": -39,
        "period": "2023-09-30",
        "pretaxIncome": 1241,
        "provisionforIncomeTaxes": 221,
        "researchDevelopment": 739,
        "revenue": 7418,
        "sgaExpense": 949,
        "totalOperatingExpense": 1688,
        "totalOtherIncomeExpenseNet": 11
      },
      {
        "costOfGoodsSold": 4431,
        "dilutedAverageSharesOutstanding": 1114,
        "dilutedEPS": 0.92,
        "ebit": 1157,
        "grossIncome": 2856,
        "interestExpense": 87,
        "interestIncomeExpense": 162,
        "netIncome": 1029,
        "netIncomeAfterTaxes": 1029,
        "nonRecurringItems": -24,
        "period": "2023-06-30",
        "pretaxIncome": 1303,
        "provisionforIncomeTaxes": 274,
        "researchDevelopment": 743,
        "revenue": 7287,
        "sgaExpense": 956,
        "totalOperatingExpense": 1699,
        "totalOtherIncomeExpenseNet": 8
      },
      {
        "costOfGoodsSold": 4213,
        "dilutedAverageSharesOutstanding": 1134,
        "dilutedEPS": 0.7,
        "ebit": 1163,
        "grossIncome": 2827,
        "interestExpense": 87,
        "interestIncomeExpense": 69,
        "netIncome": 795,
        "netIncomeAfterTaxes": 795,
        "nonRecurringItems": -164,
        "period": "2023-03-31",
        "pretaxIncome": 1074,
        "provisionforIncomeTaxes": 279,
        "researchDevelopment": 721,
        "revenue": 7040,
        "sgaExpense": 943,
        "totalOperatingExpense": 1664,
        "totalOtherIncomeExpenseNet": 6
      },
      {
        "costOfGoodsSold": 4253,
        "dilutedAverageSharesOutstanding": 1143,
        "dilutedEPS": 0.81,
        "ebit": 1269,
        "grossIncome": 3130,
        "interestExpense": 89,
        "interestIncomeExpense": -146,
        "netIncome": 921,
        "netIncomeAfterTaxes": 921,
        "nonRecurringItems": -25,
        "period": "2022-12-31",
        "pretaxIncome": 1110,
        "provisionforIncomeTaxes": 189,
        "researchDevelopment": 822,
        "revenue": 7383,
        "sgaExpense": 1039,
        "totalOperatingExpense": 1861,
        "totalOtherIncomeExpenseNet": 12
      },
      {
        "costOfGoodsSold": 3864,
        "dilutedAverageSharesOutstanding": 1157,
        "dilutedEPS": 1.15,
        "ebit": 1174,
        "grossIncome": 2982,
        "interestExpense": 87,
        "interestIncomeExpense": 456,
        "netIncome": 1330,
        "netIncomeAfterTaxes": 1330,
        "nonRecurringItems": -56,
        "period": "2022-09-30",
        "pretaxIncome": 1578,
        "provisionforIncomeTaxes": 248,
        "researchDevelopment": 801,
        "revenue": 6846,
        "sgaExpense": 1007,
        "totalOperatingExpense": 1808,
        "totalOtherIncomeExpenseNet": 4
      },
      {
        "costOfGoodsSold": 4028,
        "dilutedAverageSharesOutstanding": 1158,
        "dilutedEPS": -0.29,
        "ebit": 854,
        "grossIncome": 2778,
        "interestExpense": 69,
        "interestIncomeExpense": -714,
        "netIncome": -341,
        "netIncomeAfterTaxes": -341,
        "nonRecurringItems": -90,
        "period": "2022-06-30",
        "pretaxIncome": 49,
        "provisionforIncomeTaxes": 390,
        "researchDevelopment": 815,
        "revenue": 6806,
        "sgaExpense": 1109,
        "totalOperatingExpense": 1924,
        "totalOtherIncomeExpenseNet": -1
      },
      {
        "costOfGoodsSold": 3720,
        "dilutedAverageSharesOutstanding": 1172,
        "dilutedEPS": 0.43,
        "ebit": 747,
        "grossIncome": 2763,
        "interestExpense": 59,
        "interestIncomeExpense": -30,
        "netIncome": 509,
        "netIncomeAfterTaxes": 509,
        "nonRecurringItems": -36,
        "period": "2022-03-31",
        "pretaxIncome": 629,
        "provisionforIncomeTaxes": 120,
        "researchDevelopment": 815,
        "revenue": 6483,
        "sgaExpense": 1201,
        "totalOperatingExpense": 2016,
        "totalOtherIncomeExpenseNet": -52
      },
      {
        "costOfGoodsSold": 3834,
        "dilutedAverageSharesOutstanding": 1183,
        "dilutedEPS": 0.68,
        "ebit": 1052,
        "grossIncome": 3084,
        "interestExpense": 59,
        "interestIncomeExpense": -335,
        "netIncome": 801,
        "netIncomeAfterTaxes": 801,
        "nonRecurringItems": -2,
        "period": "2021-12-31",
        "pretaxIncome": 706,
        "provisionforIncomeTaxes": -95,
        "researchDevelopment": 796,
        "revenue": 6918,
        "sgaExpense": 1236,
        "totalOperatingExpense": 2032,
        "totalOtherIncomeExpenseNet": -9
      },
      {
        "costOfGoodsSold": 3336,
        "dilutedAverageSharesOutstanding": 1187,
        "dilutedEPS": 0.92,
        "ebit": 1044,
        "grossIncome": 2846,
        "interestExpense": 58,
        "interestIncomeExpense": 130,
        "netIncome": 1087,
        "netIncomeAfterTaxes": 1087,
        "nonRecurringItems": -1,
        "period": "2021-09-30",
        "pretaxIncome": 1165,
        "provisionforIncomeTaxes": 78,
        "researchDevelopment": 755,
        "revenue": 6182,
        "sgaExpense": 1047,
        "totalOperatingExpense": 1802,
        "totalOtherIncomeExpenseNet": -8
      },
      {
        "costOfGoodsSold": 3214,
        "dilutedAverageSharesOutstanding": 1186,
        "dilutedEPS": 1,
        "ebit": 1128,
        "grossIncome": 3024,
        "interestExpense": 57,
        "interestIncomeExpense": 239,
        "netIncome": 1184,
        "netIncomeAfterTaxes": 1184,
        "nonRecurringItems": -1,
        "period": "2021-06-30",
        "pretaxIncome": 1356,
        "provisionforIncomeTaxes": 172,
        "researchDevelopment": 746,
        "revenue": 6238,
        "sgaExpense": 1150,
        "totalOperatingExpense": 1896,
        "totalOtherIncomeExpenseNet": -10
      },
      {
        "costOfGoodsSold": 3066,
        "dilutedAverageSharesOutstanding": 1190,
        "dilutedEPS": 0.92,
        "ebit": 1100,
        "grossIncome": 2967,
        "interestExpense": 58,
        "interestIncomeExpense": -163,
        "netIncome": 1097,
        "netIncomeAfterTaxes": 1097,
        "nonRecurringItems": -58,
        "period": "2021-03-31",
        "pretaxIncome": 872,
        "provisionforIncomeTaxes": -225,
        "researchDevelopment": 741,
        "revenue": 6033,
        "sgaExpense": 1126,
        "totalOperatingExpense": 1867,
        "totalOtherIncomeExpenseNet": -7
      },
      {
        "costOfGoodsSold": 3203,
        "dilutedAverageSharesOutstanding": 1190,
        "dilutedEPS": 1.32,
        "ebit": 1007,
        "grossIncome": 2913,
        "interestExpense": 59,
        "interestIncomeExpense": 898,
        "netIncome": 1567,
        "netIncomeAfterTaxes": 1567,
        "nonRecurringItems": -44,
        "period": "2020-12-31",
        "pretaxIncome": 1859,
        "provisionforIncomeTaxes": 292,
        "researchDevelopment": 732,
        "revenue": 6116,
        "sgaExpense": 1174,
        "totalOperatingExpense": 1906,
        "totalOtherIncomeExpenseNet": -2
      },
      {
        "costOfGoodsSold": 2815,
        "dilutedAverageSharesOutstanding": 1190,
        "dilutedEPS": 0.86,
        "ebit": 996,
        "grossIncome": 2644,
        "interestExpense": 58,
        "interestIncomeExpense": 168,
        "netIncome": 1021,
        "netIncomeAfterTaxes": 1021,
        "nonRecurringItems": -19,
        "period": "2020-09-30",
        "pretaxIncome": 1144,
        "provisionforIncomeTaxes": 123,
        "researchDevelopment": 674,
        "revenue": 5459,
        "sgaExpense": 974,
        "totalOperatingExpense": 1648,
        "totalOtherIncomeExpenseNet": -1
      },
      {
        "costOfGoodsSold": 2706,
        "dilutedAverageSharesOutstanding": 1184,
        "dilutedEPS": 1.29,
        "ebit": 998,
        "grossIncome": 2555,
        "interestExpense": 55,
        "interestIncomeExpense": 855,
        "netIncome": 1530,
        "netIncomeAfterTaxes": 1530,
        "nonRecurringItems": -47,
        "period": "2020-06-30",
        "pretaxIncome": 1799,
        "provisionforIncomeTaxes": 269,
        "researchDevelopment": 631,
        "revenue": 5261,
        "sgaExpense": 926,
        "totalOperatingExpense": 1557,
        "totalOtherIncomeExpenseNet": -7
      },
      {
        "costOfGoodsSold": 2729,
        "dilutedAverageSharesOutstanding": 1185,
        "dilutedEPS": 0.07,
        "ebit": 427,
        "grossIncome": 1889,
        "interestExpense": 37,
        "interestIncomeExpense": -91,
        "netIncome": 84,
        "netIncomeAfterTaxes": 84,
        "nonRecurringItems": -29,
        "period": "2020-03-31",
        "pretaxIncome": 263,
        "provisionforIncomeTaxes": 179,
        "researchDevelopment": 605,
        "revenue": 4618,
        "sgaExpense": 857,
        "totalOperatingExpense": 1462,
        "totalOtherIncomeExpenseNet": -44
      },
      {
        "costOfGoodsSold": 2732,
        "dilutedAverageSharesOutstanding": 1188,
        "dilutedEPS": 0.43,
        "ebit": 799,
        "grossIncome": 2229,
        "interestExpense": 37,
        "interestIncomeExpense": 48,
        "netIncome": 507,
        "netIncomeAfterTaxes": 507,
        "nonRecurringItems": 0,
        "period": "2019-12-31",
        "pretaxIncome": 854,
        "provisionforIncomeTaxes": 347,
        "researchDevelopment": 558,
        "revenue": 4961,
        "sgaExpense": 872,
        "totalOperatingExpense": 1430,
        "totalOtherIncomeExpenseNet": 7
      },
      {
        "costOfGoodsSold": 2431,
        "dilutedAverageSharesOutstanding": 1188,
        "dilutedEPS": 0.39,
        "ebit": 697,
        "grossIncome": 1947,
        "interestExpense": 29,
        "interestIncomeExpense": -179,
        "netIncome": 462,
        "netIncomeAfterTaxes": 462,
        "nonRecurringItems": 0,
        "period": "2019-09-30",
        "pretaxIncome": 484,
        "provisionforIncomeTaxes": 22,
        "researchDevelopment": 533,
        "revenue": 4378,
        "sgaExpense": 717,
        "totalOperatingExpense": 1250,
        "totalOtherIncomeExpenseNet": -34
      },
      {
        "costOfGoodsSold": 2344,
        "dilutedAverageSharesOutstanding": 1187,
        "dilutedEPS": 0.69,
        "ebit": 703,
        "grossIncome": 1961,
        "interestExpense": 27,
        "interestIncomeExpense": 248,
        "netIncome": 823,
        "netIncomeAfterTaxes": 823,
        "nonRecurringItems": 2,
        "period": "2019-06-30",
        "pretaxIncome": 943,
        "provisionforIncomeTaxes": 120,
        "researchDevelopment": 483,
        "revenue": 4305,
        "sgaExpense": 775,
        "totalOperatingExpense": 1258,
        "totalOtherIncomeExpenseNet": -10
      },
      {
        "costOfGoodsSold": 2278,
        "dilutedAverageSharesOutstanding": 1188,
        "dilutedEPS": 0.56,
        "ebit": 591,
        "grossIncome": 1850,
        "interestExpense": 22,
        "interestIncomeExpense": 197,
        "netIncome": 667,
        "netIncomeAfterTaxes": 667,
        "nonRecurringItems": -73,
        "period": "2019-03-31",
        "pretaxIncome": 717,
        "provisionforIncomeTaxes": 50,
        "researchDevelopment": 511,
        "revenue": 4128,
        "sgaExpense": 748,
        "totalOperatingExpense": 1259,
        "totalOtherIncomeExpenseNet": 2
      },
      {
        "costOfGoodsSold": 2325,
        "depreciationAmortization": 223,
        "dilutedAverageSharesOutstanding": 1194,
        "dilutedEPS": 0.47,
        "ebit": 610,
        "grossIncome": 1901,
        "interestExpense": 20,
        "interestIncomeExpense": 43,
        "netIncome": 584,
        "netIncomeAfterTaxes": 566,
        "nonRecurringItems": -12,
        "period": "2018-12-31",
        "pretaxIncome": 686,
        "provisionforIncomeTaxes": 120,
        "researchDevelopment": 289,
        "revenue": 4226,
        "sgaExpense": 779,
        "totalOperatingExpense": 1291,
        "totalOtherIncomeExpenseNet": 45
      },
      {
        "costOfGoodsSold": 2028,
        "depreciationAmortization": 188,
        "dilutedAverageSharesOutstanding": 1199,
        "dilutedEPS": 0.37,
        "ebit": 518,
        "grossIncome": 1655,
        "interestExpense": 22,
        "interestIncomeExpense": 51,
        "netIncome": 436,
        "netIncomeAfterTaxes": 439,
        "nonRecurringItems": -28,
        "period": "2018-09-30",
        "pretaxIncome": 533,
        "provisionforIncomeTaxes": 94,
        "researchDevelopment": 269,
        "revenue": 3683,
        "sgaExpense": 680,
        "totalOperatingExpense": 1137,
        "totalOtherIncomeExpenseNet": -8
      },
      {
        "costOfGoodsSold": 2053,
        "depreciationAmortization": 180,
        "dilutedAverageSharesOutstanding": 1202,
        "dilutedEPS": 0.43,
        "ebit": 688,
        "grossIncome": 1804,
        "interestIncomeExpense": 59,
        "netIncome": 526,
        "netIncomeAfterTaxes": 558,
        "nonRecurringItems": -116,
        "period": "2018-06-30",
        "pretaxIncome": 609,
        "provisionforIncomeTaxes": 51,
        "researchDevelopment": 255,
        "revenue": 3857,
        "sgaExpense": 681,
        "totalOperatingExpense": 1116,
        "totalOtherIncomeExpenseNet": -22
      },
      {
        "costOfGoodsSold": 1931,
        "depreciationAmortization": 185,
        "dilutedAverageSharesOutstanding": 1217,
        "dilutedEPS": 0.42,
        "ebit": 687,
        "grossIncome": 1754,
        "interestIncomeExpense": -44,
        "netIncome": 511,
        "netIncomeAfterTaxes": 514,
        "nonRecurringItems": -153,
        "period": "2018-03-31",
        "pretaxIncome": 548,
        "provisionforIncomeTaxes": 34,
        "researchDevelopment": 258,
        "revenue": 3685,
        "sgaExpense": 624,
        "totalOperatingExpense": 1067,
        "totalOtherIncomeExpenseNet": 58
      },
      {
        "costOfGoodsSold": 1672,
        "depreciationAmortization": 227,
        "dilutedAverageSharesOutstanding": 1230,
        "dilutedEPS": 0.5,
        "ebit": 935,
        "grossIncome": 2072,
        "netIncome": 620,
        "netIncomeAfterTaxes": 800,
        "nonRecurringItems": -92,
        "period": "2017-12-31",
        "pretaxIncome": 864,
        "provisionforIncomeTaxes": 64,
        "researchDevelopment": 267,
        "revenue": 3744,
        "sgaExpense": 643,
        "totalOperatingExpense": 1137,
        "totalOtherIncomeExpenseNet": 21
      },
      {
        "costOfGoodsSold": 1811,
        "depreciationAmortization": 191,
        "dilutedAverageSharesOutstanding": 1223,
        "dilutedEPS": 0.31,
        "ebit": 423,
        "grossIncome": 1428,
        "netIncome": 380,
        "netIncomeAfterTaxes": 380,
        "nonRecurringItems": 0,
        "period": "2017-09-30",
        "pretaxIncome": 451,
        "provisionforIncomeTaxes": 71,
        "researchDevelopment": 240,
        "revenue": 3239,
        "sgaExpense": 574,
        "totalOperatingExpense": 1005,
        "totalOtherIncomeExpenseNet": 28
      },
      {
        "costOfGoodsSold": 1707,
        "depreciationAmortization": 198,
        "dilutedAverageSharesOutstanding": 1215,
        "dilutedEPS": 0.34,
        "ebit": 430,
        "grossIncome": 1429,
        "netIncome": 411,
        "netIncomeAfterTaxes": 411,
        "nonRecurringItems": 0,
        "period": "2017-06-30",
        "pretaxIncome": 447,
        "provisionforIncomeTaxes": 36,
        "researchDevelopment": 232,
        "revenue": 3136,
        "sgaExpense": 569,
        "totalOperatingExpense": 999,
        "totalOtherIncomeExpenseNet": 17
      },
      {
        "costOfGoodsSold": 1604,
        "depreciationAmortization": 181,
        "dilutedAverageSharesOutstanding": 1216,
        "dilutedEPS": 0.32,
        "ebit": 471,
        "grossIncome": 1371,
        "netIncome": 384,
        "netIncomeAfterTaxes": 384,
        "nonRecurringItems": -40,
        "period": "2017-03-31",
        "pretaxIncome": 438,
        "provisionforIncomeTaxes": 54,
        "researchDevelopment": 214,
        "revenue": 2975,
        "sgaExpense": 505,
        "totalOperatingExpense": 900,
        "totalOtherIncomeExpenseNet": 7
      },
      {
        "costOfGoodsSold": 1589,
        "depreciationAmortization": 189,
        "dilutedAverageSharesOutstanding": 1218,
        "dilutedEPS": 0.32,
        "ebit": 460,
        "grossIncome": 1392,
        "netIncome": 390,
        "netIncomeAfterTaxes": 390,
        "nonRecurringItems": 0,
        "period": "2016-12-31",
        "pretaxIncome": 469,
        "provisionforIncomeTaxes": 79,
        "researchDevelopment": 215,
        "revenue": 2981,
        "sgaExpense": 528,
        "totalOperatingExpense": 932,
        "totalOtherIncomeExpenseNet": 9
      },
      {
        "costOfGoodsSold": 1426,
        "depreciationAmortization": 153,
        "dilutedAverageSharesOutstanding": 1214,
        "dilutedEPS": 0.27,
        "ebit": 348,
        "grossIncome": 1241,
        "interestIncomeExpense": 11,
        "netIncome": 323,
        "netIncomeAfterTaxes": 323,
        "nonRecurringItems": 0,
        "period": "2016-09-30",
        "pretaxIncome": 360,
        "provisionforIncomeTaxes": 37,
        "researchDevelopment": 215,
        "revenue": 2667,
        "sgaExpense": 525,
        "totalOperatingExpense": 893,
        "totalOtherIncomeExpenseNet": 1
      },
      {
        "costOfGoodsSold": 1383,
        "depreciationAmortization": 175,
        "dilutedAverageSharesOutstanding": 1215,
        "dilutedEPS": 0.27,
        "ebit": 371,
        "grossIncome": 1267,
        "interestIncomeExpense": 26,
        "netIncome": 323,
        "netIncomeAfterTaxes": 323,
        "nonRecurringItems": 0,
        "period": "2016-06-30",
        "pretaxIncome": 380,
        "provisionforIncomeTaxes": 57,
        "researchDevelopment": 209,
        "revenue": 2650,
        "sgaExpense": 512,
        "totalOperatingExpense": 896,
        "totalOtherIncomeExpenseNet": -17
      },
      {
        "costOfGoodsSold": 1303,
        "depreciationAmortization": 174,
        "dilutedAverageSharesOutstanding": 1225,
        "dilutedEPS": 0.3,
        "ebit": 407,
        "grossIncome": 1241,
        "interestIncomeExpense": -9,
        "netIncome": 365,
        "netIncomeAfterTaxes": 365,
        "nonRecurringItems": 0,
        "period": "2016-03-31",
        "pretaxIncome": 422,
        "provisionforIncomeTaxes": 57,
        "researchDevelopment": 195,
        "revenue": 2544,
        "sgaExpense": 465,
        "totalOperatingExpense": 834,
        "totalOtherIncomeExpenseNet": 24
      },
      {
        "costOfGoodsSold": 1205,
        "depreciationAmortization": 164,
        "dilutedAverageSharesOutstanding": 1235,
        "dilutedEPS": 0.3,
        "ebit": 410,
        "grossIncome": 1351,
        "interestIncomeExpense": 3,
        "netIncome": 367,
        "netIncomeAfterTaxes": 367,
        "nonRecurringItems": 1,
        "period": "2015-12-31",
        "pretaxIncome": 418,
        "provisionforIncomeTaxes": 51,
        "researchDevelopment": 97,
        "revenue": 2556,
        "sgaExpense": 680,
        "totalOperatingExpense": 941,
        "totalOtherIncomeExpenseNet": 4
      },
      {
        "costOfGoodsSold": 1169,
        "depreciationAmortization": 153,
        "dilutedAverageSharesOutstanding": 1227,
        "dilutedEPS": 0.25,
        "ebit": 330,
        "grossIncome": 1089,
        "interestIncomeExpense": 14,
        "netIncome": 301,
        "netIncomeAfterTaxes": 301,
        "nonRecurringItems": 0,
        "period": "2015-09-30",
        "pretaxIncome": 350,
        "provisionforIncomeTaxes": 49,
        "researchDevelopment": 230,
        "revenue": 2258,
        "sgaExpense": 376,
        "totalOperatingExpense": 759,
        "totalOtherIncomeExpenseNet": 6
      }
    ],
    "symbol": "PYPL"
  }
}