{
  "symbol": "CB",
  "statement": "ic",
  "frequency": "annual",
  "timestamp": "2025-09-19T13:57:51.564804",
  "data": {
    "financials": [
      {
        "benefitsClaimsLossAdjustment": 39838,
        "depreciationAmortization": 323,
        "dilutedAverageSharesOutstanding": 408.486,
        "dilutedEPS": 22.7,
        "ebit": 11310,
        "grossPremiumsEarned": 49846,
        "interestExpense": 741,
        "interestIncomeExpense": 218,
        "minorityInterest": -368,
        "netIncome": 9272,
        "netIncomeAfterTaxes": 9640,
        "nonRecurringItems": -39,
        "otherOperatingExpensesTotal": -265,
        "period": "2024-12-31",
        "pretaxIncome": 11455,
        "provisionforIncomeTaxes": 1815,
        "revenue": 55753,
        "sgaExpense": 4547,
        "totalOperatingExpense": 44443,
        "totalOtherIncomeExpenseNet": -34,
        "year": 2024
      },
      {
        "benefitsClaimsLossAdjustment": 35987,
        "depreciationAmortization": 310,
        "dilutedAverageSharesOutstanding": 414.203,
        "dilutedEPS": 21.8,
        "ebit": 9468,
        "grossPremiumsEarned": 45712,
        "interestExpense": 672,
        "interestIncomeExpense": 150,
        "minorityInterest": 13,
        "netIncome": 9028,
        "netIncomeAfterTaxes": 9015,
        "nonRecurringItems": -69,
        "otherOperatingExpensesTotal": -136,
        "period": "2023-12-31",
        "pretaxIncome": 9526,
        "provisionforIncomeTaxes": 511,
        "revenue": 49735,
        "sgaExpense": 4106,
        "totalOperatingExpense": 40267,
        "totalOtherIncomeExpenseNet": -23,
        "year": 2023
      },
      {
        "benefitsClaimsLossAdjustment": 32225,
        "depreciationAmortization": 285,
        "dilutedAverageSharesOutstanding": 423.527,
        "dilutedEPS": 12.39,
        "ebit": 7171,
        "grossPremiumsEarned": 40360,
        "interestExpense": 570,
        "interestIncomeExpense": -611,
        "minorityInterest": 0,
        "netIncome": 5246,
        "netIncomeAfterTaxes": 5246,
        "nonRecurringItems": -48,
        "period": "2022-12-31",
        "pretaxIncome": 6485,
        "provisionforIncomeTaxes": 1239,
        "revenue": 43097,
        "sgaExpense": 3416,
        "totalOperatingExpense": 35926,
        "totalOtherIncomeExpenseNet": -27,
        "year": 2022
      },
      {
        "benefitsClaimsLossAdjustment": 29528,
        "depreciationAmortization": 287,
        "dilutedAverageSharesOutstanding": 443.197,
        "dilutedEPS": 19.24,
        "ebit": 7900,
        "grossPremiumsEarned": 36292,
        "interestExpense": 492,
        "interestIncomeExpense": 1935,
        "minorityInterest": 0,
        "netIncome": 8525,
        "netIncomeAfterTaxes": 8525,
        "nonRecurringItems": 0,
        "period": "2021-12-31",
        "pretaxIncome": 9794,
        "provisionforIncomeTaxes": 1269,
        "revenue": 40869,
        "sgaExpense": 3154,
        "totalOperatingExpense": 32969,
        "totalOtherIncomeExpenseNet": -41,
        "year": 2021
      },
      {
        "benefitsClaimsLossAdjustment": 29041,
        "depreciationAmortization": 290,
        "dilutedAverageSharesOutstanding": 453.442,
        "dilutedEPS": 7.79,
        "ebit": 3662,
        "grossPremiumsEarned": 33117,
        "interestExpense": 516,
        "interestIncomeExpense": 561,
        "netIncome": 3533,
        "netIncomeAfterTaxes": 3533,
        "nonRecurringItems": 0,
        "period": "2020-12-31",
        "pretaxIncome": 4162,
        "provisionforIncomeTaxes": 629,
        "revenue": 35994,
        "sgaExpense": 3001,
        "totalOperatingExpense": 32332,
        "totalOtherIncomeExpenseNet": -61,
        "year": 2020
      },
      {
        "benefitsClaimsLossAdjustment": 25623,
        "depreciationAmortization": 305,
        "dilutedAverageSharesOutstanding": 458.915,
        "dilutedEPS": 9.71,
        "ebit": 5263,
        "grossPremiumsEarned": 31290,
        "interestExpense": 552,
        "interestIncomeExpense": 109,
        "netIncome": 4454,
        "netIncomeAfterTaxes": 4454,
        "nonRecurringItems": -81,
        "otherOperatingExpensesTotal": 0,
        "period": "2019-12-31",
        "pretaxIncome": 5249,
        "provisionforIncomeTaxes": 795,
        "revenue": 34244,
        "sgaExpense": 3053,
        "totalOperatingExpense": 28981,
        "totalOtherIncomeExpenseNet": -42,
        "year": 2019
      },
      {
        "benefitsClaimsLossAdjustment": 24569,
        "depreciationAmortization": 339,
        "dilutedAverageSharesOutstanding": 466.802,
        "dilutedEPS": 8.48,
        "ebit": 4960,
        "grossPremiumsEarned": 30064,
        "interestExpense": 641,
        "interestIncomeExpense": -165,
        "netIncome": 3962,
        "netIncomeAfterTaxes": 3937,
        "nonRecurringItems": -108,
        "otherOperatingExpensesTotal": 0,
        "period": "2018-12-31",
        "pretaxIncome": 4657,
        "provisionforIncomeTaxes": 720,
        "revenue": 32766,
        "sgaExpense": 2898,
        "totalOperatingExpense": 27806,
        "totalOtherIncomeExpenseNet": -30,
        "year": 2018
      },
      {
        "benefitsClaimsLossAdjustment": 24911,
        "depreciationAmortization": 260,
        "dilutedAverageSharesOutstanding": 471.197,
        "dilutedEPS": 8.19,
        "ebit": 4199,
        "grossPremiumsEarned": 29034,
        "interestExpense": 607,
        "interestIncomeExpense": -92,
        "netIncome": 3861,
        "netIncomeAfterTaxes": 3411,
        "nonRecurringItems": -355,
        "otherOperatingExpensesTotal": 50,
        "period": "2017-12-31",
        "pretaxIncome": 3722,
        "provisionforIncomeTaxes": 311,
        "revenue": 32288,
        "sgaExpense": 2868,
        "totalOperatingExpense": 28089,
        "totalOtherIncomeExpenseNet": -30,
        "year": 2017
      },
      {
        "benefitsClaimsLossAdjustment": 22546,
        "depreciationAmortization": 19,
        "dilutedAverageSharesOutstanding": 465.949,
        "dilutedEPS": 8.87,
        "ebit": 5907,
        "grossPremiumsEarned": 28749,
        "interestExpense": 605,
        "interestIncomeExpense": -330,
        "netIncome": 4135,
        "netIncomeAfterTaxes": 4135,
        "nonRecurringItems": -595,
        "period": "2016-12-31",
        "pretaxIncome": 4950,
        "provisionforIncomeTaxes": 815,
        "revenue": 31572,
        "sgaExpense": 3100,
        "totalOperatingExpense": 25665,
        "totalOtherIncomeExpenseNet": -32,
        "year": 2016
      },
      {
        "benefitsClaimsLossAdjustment": 12977,
        "depreciationAmortization": 171,
        "dilutedAverageSharesOutstanding": 328.835,
        "dilutedEPS": 8.62,
        "ebit": 3662,
        "grossPremiumsEarned": 17213,
        "interestExpense": 300,
        "interestIncomeExpense": -206,
        "netIncome": 2834,
        "netIncomeAfterTaxes": 2834,
        "nonRecurringItems": -145,
        "period": "2015-12-31",
        "pretaxIncome": 3296,
        "provisionforIncomeTaxes": 462,
        "revenue": 19099,
        "sgaExpense": 2289,
        "totalOperatingExpense": 15437,
        "totalOtherIncomeExpenseNet": -15,
        "year": 2015
      }
    ],
    "symbol": "CB"
  }
}