{
  "symbol": "PM",
  "statement": "ic",
  "frequency": "quarterly",
  "timestamp": "2025-09-19T14:05:30.996774",
  "data": {
    "financials": [
      {
        "costOfGoodsSold": 3273,
        "dilutedAverageSharesOutstanding": 1558,
        "dilutedEPS": 1.95,
        "ebit": 4287,
        "equityEarningsAffiliates": 376,
        "grossIncome": 6867,
        "interestIncomeExpense": -277,
        "minorityInterest": -109,
        "netIncome": 3031,
        "netIncomeAfterTaxes": 2772,
        "nonRecurringItems": -575,
        "period": "2025-06-30",
        "pretaxIncome": 3424,
        "provisionforIncomeTaxes": 652,
        "revenue": 10140,
        "sgaExpense": 2580,
        "totalOperatingExpense": 2580,
        "totalOtherIncomeExpenseNet": -11
      },
      {
        "costOfGoodsSold": 3040,
        "depreciationAmortization": 241,
        "dilutedAverageSharesOutstanding": 1557,
        "dilutedEPS": 1.72,
        "ebit": 3544,
        "equityEarningsAffiliates": 205,
        "grossIncome": 6261,
        "interestIncomeExpense": -241,
        "minorityInterest": -147,
        "netIncome": 2682,
        "netIncomeAfterTaxes": 2632,
        "nonRecurringItems": 0,
        "period": "2025-03-31",
        "pretaxIncome": 3291,
        "provisionforIncomeTaxes": 659,
        "revenue": 9301,
        "sgaExpense": 2476,
        "totalOperatingExpense": 2717,
        "totalOtherIncomeExpenseNet": -12
      },
      {
        "costOfGoodsSold": 3423,
        "depreciationAmortization": 242,
        "dilutedAverageSharesOutstanding": 1554,
        "dilutedEPS": -0.37,
        "ebit": 3271,
        "equityEarningsAffiliates": -215,
        "grossIncome": 6283,
        "interestIncomeExpense": -326,
        "minorityInterest": -93,
        "netIncome": -580,
        "netIncomeAfterTaxes": 2045,
        "nonRecurringItems": -12,
        "period": "2024-12-31",
        "pretaxIncome": 2917,
        "provisionforIncomeTaxes": 872,
        "revenue": 9706,
        "sgaExpense": 2770,
        "totalOperatingExpense": 3012,
        "totalOtherIncomeExpenseNet": -16
      },
      {
        "costOfGoodsSold": 3366,
        "depreciationAmortization": 242,
        "dilutedAverageSharesOutstanding": 1556,
        "dilutedEPS": 1.97,
        "ebit": 3654,
        "equityEarningsAffiliates": 500,
        "grossIncome": 6545,
        "interestIncomeExpense": -189,
        "minorityInterest": -133,
        "netIncome": 3073,
        "netIncomeAfterTaxes": 2715,
        "nonRecurringItems": 0,
        "period": "2024-09-30",
        "pretaxIncome": 3450,
        "provisionforIncomeTaxes": 735,
        "revenue": 9911,
        "sgaExpense": 2649,
        "totalOperatingExpense": 2891,
        "totalOtherIncomeExpenseNet": -15
      },
      {
        "costOfGoodsSold": 3345,
        "depreciationAmortization": 196,
        "dilutedAverageSharesOutstanding": 1556,
        "dilutedEPS": 1.54,
        "ebit": 3444,
        "equityEarningsAffiliates": 161,
        "grossIncome": 6123,
        "interestIncomeExpense": -329,
        "minorityInterest": -122,
        "netIncome": 2399,
        "netIncomeAfterTaxes": 2367,
        "nonRecurringItems": 0,
        "period": "2024-06-30",
        "pretaxIncome": 3101,
        "provisionforIncomeTaxes": 734,
        "revenue": 9468,
        "sgaExpense": 2483,
        "totalOperatingExpense": 2679,
        "totalOtherIncomeExpenseNet": -14
      },
      {
        "costOfGoodsSold": 3195,
        "depreciationAmortization": 104,
        "dilutedAverageSharesOutstanding": 1555,
        "dilutedEPS": 1.38,
        "ebit": 3240,
        "equityEarningsAffiliates": 191,
        "grossIncome": 5598,
        "interestIncomeExpense": -299,
        "minorityInterest": -98,
        "netIncome": 2142,
        "netIncomeAfterTaxes": 2055,
        "nonRecurringItems": -195,
        "period": "2024-03-31",
        "pretaxIncome": 2731,
        "provisionforIncomeTaxes": 676,
        "revenue": 8793,
        "sgaExpense": 2254,
        "totalOperatingExpense": 2358,
        "totalOtherIncomeExpenseNet": -15
      },
      {
        "costOfGoodsSold": 3458,
        "dilutedAverageSharesOutstanding": 1553,
        "dilutedEPS": 1.41,
        "ebit": 3588,
        "equityEarningsAffiliates": 26,
        "grossIncome": 5589,
        "interestIncomeExpense": -273,
        "minorityInterest": -117,
        "netIncome": 2191,
        "netIncomeAfterTaxes": 2287,
        "nonRecurringItems": -699,
        "period": "2023-12-31",
        "pretaxIncome": 2607,
        "provisionforIncomeTaxes": 320,
        "revenue": 9047,
        "sgaExpense": 2001,
        "totalOperatingExpense": 2001,
        "totalOtherIncomeExpenseNet": -9
      },
      {
        "costOfGoodsSold": 3154,
        "dilutedAverageSharesOutstanding": 1554,
        "dilutedEPS": 1.32,
        "ebit": 3389,
        "equityEarningsAffiliates": 101,
        "grossIncome": 5987,
        "interestIncomeExpense": -261,
        "minorityInterest": -117,
        "netIncome": 2048,
        "netIncomeAfterTaxes": 2070,
        "nonRecurringItems": -19,
        "period": "2023-09-30",
        "pretaxIncome": 3101,
        "provisionforIncomeTaxes": 1031,
        "revenue": 9141,
        "sgaExpense": 2598,
        "totalOperatingExpense": 2598,
        "totalOtherIncomeExpenseNet": -8
      },
      {
        "costOfGoodsSold": 3208,
        "dilutedAverageSharesOutstanding": 1553,
        "dilutedEPS": 1.01,
        "ebit": 3530,
        "equityEarningsAffiliates": -21,
        "grossIncome": 5759,
        "interestIncomeExpense": -297,
        "minorityInterest": -114,
        "netIncome": 1563,
        "netIncomeAfterTaxes": 1703,
        "nonRecurringItems": -964,
        "period": "2023-06-30",
        "pretaxIncome": 2263,
        "provisionforIncomeTaxes": 560,
        "revenue": 8967,
        "sgaExpense": 2229,
        "totalOperatingExpense": 2229,
        "totalOtherIncomeExpenseNet": -6
      },
      {
        "costOfGoodsSold": 3020,
        "dilutedAverageSharesOutstanding": 1553,
        "dilutedEPS": 1.28,
        "ebit": 2938,
        "equityEarningsAffiliates": 51,
        "grossIncome": 5079,
        "interestIncomeExpense": -230,
        "minorityInterest": -107,
        "netIncome": 1989,
        "netIncomeAfterTaxes": 2051,
        "nonRecurringItems": -207,
        "period": "2023-03-31",
        "pretaxIncome": 2479,
        "provisionforIncomeTaxes": 428,
        "revenue": 8099,
        "sgaExpense": 2141,
        "totalOperatingExpense": 2141,
        "totalOtherIncomeExpenseNet": -22
      },
      {
        "costOfGoodsSold": 3195,
        "dilutedAverageSharesOutstanding": 1552,
        "dilutedEPS": 1.54,
        "ebit": 3062,
        "equityEarningsAffiliates": 157,
        "grossIncome": 4957,
        "interestIncomeExpense": -170,
        "minorityInterest": -97,
        "netIncome": 2391,
        "netIncomeAfterTaxes": 2337,
        "nonRecurringItems": -138,
        "period": "2022-12-31",
        "pretaxIncome": 2746,
        "provisionforIncomeTaxes": 409,
        "revenue": 8152,
        "sgaExpense": 1895,
        "totalOperatingExpense": 1895,
        "totalOtherIncomeExpenseNet": -8
      },
      {
        "costOfGoodsSold": 2823,
        "dilutedAverageSharesOutstanding": 1552,
        "dilutedEPS": 1.34,
        "ebit": 3086,
        "equityEarningsAffiliates": 21,
        "grossIncome": 5209,
        "interestIncomeExpense": -138,
        "minorityInterest": -135,
        "netIncome": 2082,
        "netIncomeAfterTaxes": 2201,
        "nonRecurringItems": -118,
        "period": "2022-09-30",
        "pretaxIncome": 2823,
        "provisionforIncomeTaxes": 622,
        "revenue": 8032,
        "sgaExpense": 2123,
        "totalOperatingExpense": 2123,
        "totalOtherIncomeExpenseNet": -7
      },
      {
        "costOfGoodsSold": 2628,
        "depreciationAmortization": 36,
        "dilutedAverageSharesOutstanding": 1552,
        "dilutedEPS": 1.43,
        "ebit": 3136,
        "equityEarningsAffiliates": 15,
        "grossIncome": 5204,
        "interestIncomeExpense": -126,
        "minorityInterest": -113,
        "netIncome": 2226,
        "netIncomeAfterTaxes": 2331,
        "nonRecurringItems": -80,
        "period": "2022-06-30",
        "pretaxIncome": 2925,
        "provisionforIncomeTaxes": 594,
        "revenue": 7832,
        "sgaExpense": 2032,
        "totalOperatingExpense": 2068,
        "totalOtherIncomeExpenseNet": -5
      },
      {
        "costOfGoodsSold": 2582,
        "depreciationAmortization": 38,
        "dilutedAverageSharesOutstanding": 1552,
        "dilutedEPS": 1.5,
        "ebit": 3340,
        "equityEarningsAffiliates": -56,
        "grossIncome": 5164,
        "interestIncomeExpense": -154,
        "minorityInterest": -134,
        "netIncome": 2324,
        "netIncomeAfterTaxes": 2521,
        "nonRecurringItems": -42,
        "period": "2022-03-31",
        "pretaxIncome": 3140,
        "provisionforIncomeTaxes": 619,
        "revenue": 7746,
        "sgaExpense": 1786,
        "totalOperatingExpense": 1824,
        "totalOtherIncomeExpenseNet": -4
      },
      {
        "costOfGoodsSold": 2807,
        "depreciationAmortization": 41,
        "dilutedAverageSharesOutstanding": 1557,
        "dilutedEPS": 1.34,
        "ebit": 2993,
        "equityEarningsAffiliates": 54,
        "grossIncome": 5297,
        "interestIncomeExpense": -146,
        "minorityInterest": -136,
        "netIncome": 2088,
        "netIncomeAfterTaxes": 2175,
        "nonRecurringItems": -46,
        "period": "2021-12-31",
        "pretaxIncome": 2768,
        "provisionforIncomeTaxes": 593,
        "revenue": 8104,
        "sgaExpense": 2263,
        "totalOperatingExpense": 2304,
        "totalOtherIncomeExpenseNet": -33
      },
      {
        "costOfGoodsSold": 2596,
        "depreciationAmortization": 18,
        "dilutedAverageSharesOutstanding": 1560,
        "dilutedEPS": 1.55,
        "ebit": 3498,
        "equityEarningsAffiliates": 49,
        "grossIncome": 5526,
        "interestIncomeExpense": -154,
        "minorityInterest": -162,
        "netIncome": 2419,
        "netIncomeAfterTaxes": 2539,
        "nonRecurringItems": -43,
        "period": "2021-09-30",
        "pretaxIncome": 3274,
        "provisionforIncomeTaxes": 735,
        "revenue": 8122,
        "sgaExpense": 2010,
        "totalOperatingExpense": 2028,
        "totalOtherIncomeExpenseNet": -27
      },
      {
        "costOfGoodsSold": 2353,
        "depreciationAmortization": 19,
        "dilutedAverageSharesOutstanding": 1560,
        "dilutedEPS": 1.39,
        "ebit": 3208,
        "equityEarningsAffiliates": 3,
        "grossIncome": 5241,
        "interestIncomeExpense": -161,
        "minorityInterest": -126,
        "netIncome": 2166,
        "netIncomeAfterTaxes": 2295,
        "nonRecurringItems": -79,
        "period": "2021-06-30",
        "pretaxIncome": 2941,
        "provisionforIncomeTaxes": 646,
        "revenue": 7594,
        "sgaExpense": 2014,
        "totalOperatingExpense": 2033,
        "totalOtherIncomeExpenseNet": -27
      },
      {
        "costOfGoodsSold": 2274,
        "depreciationAmortization": 18,
        "dilutedAverageSharesOutstanding": 1560,
        "dilutedEPS": 1.55,
        "ebit": 3492,
        "equityEarningsAffiliates": 43,
        "grossIncome": 5311,
        "interestIncomeExpense": -167,
        "minorityInterest": -177,
        "netIncome": 2411,
        "netIncomeAfterTaxes": 2552,
        "nonRecurringItems": -48,
        "period": "2021-03-31",
        "pretaxIncome": 3249,
        "provisionforIncomeTaxes": 697,
        "revenue": 7585,
        "sgaExpense": 1801,
        "totalOperatingExpense": 1819,
        "totalOtherIncomeExpenseNet": -28
      },
      {
        "costOfGoodsSold": 2572,
        "depreciationAmortization": 18,
        "dilutedAverageSharesOutstanding": 1561,
        "dilutedEPS": 1.26,
        "ebit": 2983,
        "equityEarningsAffiliates": 20,
        "grossIncome": 4872,
        "interestIncomeExpense": -164,
        "minorityInterest": -143,
        "netIncome": 1971,
        "netIncomeAfterTaxes": 2099,
        "nonRecurringItems": -78,
        "period": "2020-12-31",
        "pretaxIncome": 2712,
        "provisionforIncomeTaxes": 613,
        "revenue": 7444,
        "sgaExpense": 1871,
        "totalOperatingExpense": 1889,
        "totalOtherIncomeExpenseNet": -29
      },
      {
        "costOfGoodsSold": 2416,
        "depreciationAmortization": 18,
        "dilutedAverageSharesOutstanding": 1558,
        "dilutedEPS": 1.48,
        "ebit": 3243,
        "equityEarningsAffiliates": 20,
        "grossIncome": 5030,
        "interestIncomeExpense": -163,
        "minorityInterest": -130,
        "netIncome": 2302,
        "netIncomeAfterTaxes": 2417,
        "nonRecurringItems": 0,
        "period": "2020-09-30",
        "pretaxIncome": 3057,
        "provisionforIncomeTaxes": 640,
        "revenue": 7446,
        "sgaExpense": 1769,
        "totalOperatingExpense": 1787,
        "totalOtherIncomeExpenseNet": -23
      },
      {
        "costOfGoodsSold": 2179,
        "depreciationAmortization": 19,
        "dilutedAverageSharesOutstanding": 1558,
        "dilutedEPS": 1.25,
        "ebit": 2802,
        "equityEarningsAffiliates": 30,
        "grossIncome": 4472,
        "interestIncomeExpense": -162,
        "minorityInterest": -102,
        "netIncome": 1942,
        "netIncomeAfterTaxes": 2019,
        "nonRecurringItems": -71,
        "period": "2020-06-30",
        "pretaxIncome": 2547,
        "provisionforIncomeTaxes": 528,
        "revenue": 6651,
        "sgaExpense": 1651,
        "totalOperatingExpense": 1670,
        "totalOtherIncomeExpenseNet": -22
      },
      {
        "costOfGoodsSold": 2402,
        "depreciationAmortization": 18,
        "dilutedAverageSharesOutstanding": 1558,
        "dilutedEPS": 1.17,
        "ebit": 2789,
        "equityEarningsAffiliates": -54,
        "grossIncome": 4751,
        "interestIncomeExpense": -129,
        "minorityInterest": -161,
        "netIncome": 1821,
        "netIncomeAfterTaxes": 2041,
        "period": "2020-03-31",
        "pretaxIncome": 2637,
        "provisionforIncomeTaxes": 596,
        "revenue": 7153,
        "sgaExpense": 1944,
        "totalOperatingExpense": 1962,
        "totalOtherIncomeExpenseNet": -23
      },
      {
        "costOfGoodsSold": 2778,
        "depreciationAmortization": 16,
        "dilutedAverageSharesOutstanding": 1556,
        "dilutedEPS": 1.04,
        "ebit": 2863,
        "equityEarningsAffiliates": 63,
        "grossIncome": 4935,
        "interestIncomeExpense": -136,
        "minorityInterest": -166,
        "netIncome": 1612,
        "netIncomeAfterTaxes": 1719,
        "nonRecurringItems": -357,
        "period": "2019-12-31",
        "pretaxIncome": 2342,
        "provisionforIncomeTaxes": 623,
        "revenue": 7713,
        "sgaExpense": 2056,
        "totalOperatingExpense": 2072,
        "totalOtherIncomeExpenseNet": -28
      },
      {
        "costOfGoodsSold": 2605,
        "depreciationAmortization": 15,
        "dilutedAverageSharesOutstanding": 1556,
        "dilutedEPS": 1.22,
        "ebit": 2810,
        "equityEarningsAffiliates": 45,
        "grossIncome": 5037,
        "interestIncomeExpense": -132,
        "minorityInterest": -150,
        "netIncome": 1891,
        "netIncomeAfterTaxes": 2001,
        "nonRecurringItems": -22,
        "period": "2019-09-30",
        "pretaxIncome": 2636,
        "provisionforIncomeTaxes": 635,
        "revenue": 7642,
        "sgaExpense": 2212,
        "totalOperatingExpense": 2227,
        "totalOtherIncomeExpenseNet": -20
      },
      {
        "costOfGoodsSold": 2665,
        "depreciationAmortization": 16,
        "dilutedAverageSharesOutstanding": 1556,
        "dilutedEPS": 1.49,
        "ebit": 3210,
        "equityEarningsAffiliates": 30,
        "grossIncome": 5034,
        "interestIncomeExpense": -150,
        "minorityInterest": -117,
        "netIncome": 2314,
        "netIncomeAfterTaxes": 2406,
        "nonRecurringItems": -23,
        "period": "2019-06-30",
        "pretaxIncome": 3017,
        "provisionforIncomeTaxes": 611,
        "revenue": 7699,
        "sgaExpense": 1808,
        "totalOperatingExpense": 1824,
        "totalOtherIncomeExpenseNet": -20
      },
      {
        "costOfGoodsSold": 2465,
        "depreciationAmortization": 19,
        "dilutedAverageSharesOutstanding": 1556,
        "dilutedEPS": 0.87,
        "ebit": 2503,
        "equityEarningsAffiliates": 11,
        "grossIncome": 4286,
        "interestIncomeExpense": -152,
        "minorityInterest": -110,
        "netIncome": 1350,
        "netIncomeAfterTaxes": 1453,
        "nonRecurringItems": -453,
        "period": "2019-03-31",
        "pretaxIncome": 1877,
        "provisionforIncomeTaxes": 424,
        "revenue": 6751,
        "sgaExpense": 1764,
        "totalOperatingExpense": 1783,
        "totalOtherIncomeExpenseNet": -21
      },
      {
        "costOfGoodsSold": 2781,
        "depreciationAmortization": 19,
        "dilutedAverageSharesOutstanding": 1555,
        "dilutedEPS": 1.22,
        "ebit": 2702,
        "equityEarningsAffiliates": -1,
        "grossIncome": 4718,
        "interestIncomeExpense": -125,
        "minorityInterest": -93,
        "netIncome": 1907,
        "netIncomeAfterTaxes": 2035,
        "period": "2018-12-31",
        "pretaxIncome": 2555,
        "provisionforIncomeTaxes": 520,
        "revenue": 7499,
        "sgaExpense": 1997,
        "totalOperatingExpense": 2016,
        "totalOtherIncomeExpenseNet": -22
      },
      {
        "costOfGoodsSold": 2618,
        "depreciationAmortization": 20,
        "dilutedAverageSharesOutstanding": 1555,
        "dilutedEPS": 1.44,
        "ebit": 3156,
        "equityEarningsAffiliates": 28,
        "grossIncome": 4886,
        "interestIncomeExpense": -145,
        "minorityInterest": -94,
        "netIncome": 2242,
        "netIncomeAfterTaxes": 2313,
        "period": "2018-09-30",
        "pretaxIncome": 3004,
        "provisionforIncomeTaxes": 691,
        "revenue": 7504,
        "sgaExpense": 1710,
        "totalOperatingExpense": 1730,
        "totalOtherIncomeExpenseNet": -7
      },
      {
        "costOfGoodsSold": 2744,
        "depreciationAmortization": 21,
        "dilutedAverageSharesOutstanding": 1555,
        "dilutedEPS": 1.41,
        "ebit": 3093,
        "equityEarningsAffiliates": 20,
        "grossIncome": 4982,
        "interestIncomeExpense": -168,
        "minorityInterest": -97,
        "netIncome": 2193,
        "netIncomeAfterTaxes": 2275,
        "period": "2018-06-30",
        "pretaxIncome": 2919,
        "provisionforIncomeTaxes": 644,
        "revenue": 7726,
        "sgaExpense": 1868,
        "totalOperatingExpense": 1889,
        "totalOtherIncomeExpenseNet": -6
      },
      {
        "costOfGoodsSold": 2615,
        "depreciationAmortization": 22,
        "dilutedAverageSharesOutstanding": 1554,
        "dilutedEPS": 1,
        "ebit": 2426,
        "equityEarningsAffiliates": 13,
        "grossIncome": 4281,
        "interestIncomeExpense": -227,
        "minorityInterest": -91,
        "netIncome": 1553,
        "netIncomeAfterTaxes": 1634,
        "period": "2018-03-31",
        "pretaxIncome": 2193,
        "provisionforIncomeTaxes": 559,
        "revenue": 6896,
        "sgaExpense": 1833,
        "totalOperatingExpense": 1855,
        "totalOtherIncomeExpenseNet": -6
      },
      {
        "costOfGoodsSold": 3001,
        "depreciationAmortization": 23,
        "dilutedAverageSharesOutstanding": 1553,
        "dilutedEPS": 0.44,
        "ebit": 3340,
        "equityEarningsAffiliates": 2,
        "grossIncome": 5293,
        "interestIncomeExpense": -259,
        "minorityInterest": -102,
        "netIncome": 692,
        "netIncomeAfterTaxes": 2394,
        "period": "2017-12-31",
        "pretaxIncome": 3059,
        "provisionforIncomeTaxes": 665,
        "revenue": 8294,
        "sgaExpense": 1930,
        "totalOperatingExpense": 1953,
        "totalOtherIncomeExpenseNet": -22
      },
      {
        "costOfGoodsSold": 2735,
        "depreciationAmortization": 21,
        "dilutedAverageSharesOutstanding": 1554,
        "dilutedEPS": 1.27,
        "ebit": 3088,
        "equityEarningsAffiliates": 12,
        "grossIncome": 4738,
        "interestIncomeExpense": -223,
        "minorityInterest": -75,
        "netIncome": 1966,
        "netIncomeAfterTaxes": 2033,
        "period": "2017-09-30",
        "pretaxIncome": 2845,
        "provisionforIncomeTaxes": 812,
        "revenue": 7473,
        "sgaExpense": 1629,
        "totalOperatingExpense": 1650,
        "totalOtherIncomeExpenseNet": -20
      },
      {
        "costOfGoodsSold": 2519,
        "depreciationAmortization": 22,
        "dilutedAverageSharesOutstanding": 1554,
        "dilutedEPS": 1.14,
        "ebit": 2737,
        "equityEarningsAffiliates": 23,
        "grossIncome": 4398,
        "interestIncomeExpense": -213,
        "minorityInterest": -61,
        "netIncome": 1776,
        "netIncomeAfterTaxes": 1819,
        "period": "2017-06-30",
        "pretaxIncome": 2508,
        "provisionforIncomeTaxes": 689,
        "revenue": 6917,
        "sgaExpense": 1639,
        "totalOperatingExpense": 1661,
        "totalOtherIncomeExpenseNet": -16
      },
      {
        "costOfGoodsSold": 2177,
        "depreciationAmortization": 22,
        "dilutedAverageSharesOutstanding": 1553,
        "dilutedEPS": 1.02,
        "ebit": 2416,
        "equityEarningsAffiliates": 22,
        "grossIncome": 3887,
        "interestIncomeExpense": -219,
        "minorityInterest": -68,
        "netIncome": 1587,
        "netIncomeAfterTaxes": 1636,
        "period": "2017-03-31",
        "pretaxIncome": 2177,
        "provisionforIncomeTaxes": 541,
        "revenue": 6064,
        "sgaExpense": 1449,
        "totalOperatingExpense": 1471,
        "totalOtherIncomeExpenseNet": -20
      },
      {
        "costOfGoodsSold": 2499,
        "depreciationAmortization": 18,
        "dilutedAverageSharesOutstanding": 1551,
        "dilutedEPS": 1.1,
        "ebit": 2700,
        "equityEarningsAffiliates": 22,
        "grossIncome": 4472,
        "interestIncomeExpense": -201,
        "minorityInterest": -64,
        "netIncome": 1707,
        "netIncomeAfterTaxes": 1753,
        "period": "2016-12-31",
        "pretaxIncome": 2411,
        "provisionforIncomeTaxes": 658,
        "revenue": 6971,
        "sgaExpense": 1754,
        "totalOperatingExpense": 1772,
        "totalOtherIncomeExpenseNet": -88
      },
      {
        "costOfGoodsSold": 2432,
        "depreciationAmortization": 19,
        "dilutedAverageSharesOutstanding": 1551,
        "dilutedEPS": 1.25,
        "ebit": 2977,
        "equityEarningsAffiliates": 35,
        "grossIncome": 4550,
        "interestIncomeExpense": -220,
        "minorityInterest": -90,
        "netIncome": 1933,
        "netIncomeAfterTaxes": 1993,
        "period": "2016-09-30",
        "pretaxIncome": 2757,
        "provisionforIncomeTaxes": 764,
        "revenue": 6982,
        "sgaExpense": 1554,
        "totalOperatingExpense": 1573
      },
      {
        "costOfGoodsSold": 2364,
        "depreciationAmortization": 19,
        "dilutedAverageSharesOutstanding": 1551,
        "dilutedEPS": 1.15,
        "ebit": 2753,
        "equityEarningsAffiliates": 28,
        "grossIncome": 4285,
        "interestIncomeExpense": -223,
        "minorityInterest": -54,
        "netIncome": 1783,
        "netIncomeAfterTaxes": 1814,
        "period": "2016-06-30",
        "pretaxIncome": 2530,
        "provisionforIncomeTaxes": 716,
        "revenue": 6649,
        "sgaExpense": 1513,
        "totalOperatingExpense": 1532
      },
      {
        "costOfGoodsSold": 2096,
        "depreciationAmortization": 18,
        "dilutedAverageSharesOutstanding": 1550,
        "dilutedEPS": 0.98,
        "ebit": 2473,
        "equityEarningsAffiliates": 9,
        "grossIncome": 3987,
        "interestIncomeExpense": -247,
        "minorityInterest": -75,
        "netIncome": 1525,
        "netIncomeAfterTaxes": 1596,
        "period": "2016-03-31",
        "pretaxIncome": 2226,
        "provisionforIncomeTaxes": 630,
        "revenue": 6083,
        "sgaExpense": 1496,
        "totalOperatingExpense": 1514
      },
      {
        "costOfGoodsSold": 2375,
        "depreciationAmortization": 20,
        "dilutedAverageSharesOutstanding": 1549,
        "dilutedEPS": 0.8,
        "ebit": 1969,
        "equityEarningsAffiliates": 36,
        "grossIncome": 4017,
        "interestIncomeExpense": -227,
        "minorityInterest": -49,
        "netIncome": 1245,
        "netIncomeAfterTaxes": 1262,
        "nonRecurringItems": -68,
        "period": "2015-12-31",
        "pretaxIncome": 1674,
        "provisionforIncomeTaxes": 412,
        "revenue": 6392,
        "sgaExpense": 2028,
        "totalOperatingExpense": 2048
      },
      {
        "costOfGoodsSold": 2383,
        "depreciationAmortization": 19,
        "dilutedAverageSharesOutstanding": 1549,
        "dilutedEPS": 1.25,
        "ebit": 2959,
        "equityEarningsAffiliates": 20,
        "grossIncome": 4544,
        "interestIncomeExpense": -247,
        "minorityInterest": -42,
        "netIncome": 1935,
        "netIncomeAfterTaxes": 1964,
        "nonRecurringItems": 0,
        "period": "2015-09-30",
        "pretaxIncome": 2712,
        "provisionforIncomeTaxes": 748,
        "revenue": 6927,
        "sgaExpense": 1566,
        "totalOperatingExpense": 1585
      }
    ],
    "symbol": "PM"
  }
}