{
  "symbol": "ACGL",
  "statement": "ic",
  "frequency": "annual",
  "timestamp": "2025-09-19T13:56:13.904267",
  "data": {
    "financials": [
      {
        "benefitsClaimsLossAdjustment": 8342,
        "deferredPolicyAcquisitionExpense": 2651,
        "depreciationAmortization": 235,
        "dilutedAverageSharesOutstanding": 381.8,
        "dilutedEPS": 11.1891,
        "ebit": 3994,
        "equityEarningsAffiliates": 200,
        "grossPremiumsEarned": 15168,
        "interestExpense": 141,
        "interestIncomeExpense": 480,
        "minorityInterest": 0,
        "netIncome": 4272,
        "netIncomeAfterTaxes": 4112,
        "otherOperatingExpensesTotal": 1472,
        "period": "2024-12-31",
        "pretaxIncome": 4474,
        "provisionforIncomeTaxes": 362,
        "revenue": 16860,
        "sgaExpense": 200,
        "totalOperatingExpense": 12900,
        "year": 2024
      },
      {
        "benefitsClaimsLossAdjustment": 6246,
        "deferredPolicyAcquisitionExpense": 2312,
        "depreciationAmortization": 95,
        "dilutedAverageSharesOutstanding": 378.8,
        "dilutedEPS": 11.62,
        "ebit": 3166,
        "equityEarningsAffiliates": 184,
        "grossPremiumsEarned": 12498,
        "interestExpense": 133,
        "interestIncomeExpense": 219,
        "minorityInterest": 1,
        "netIncome": 4403,
        "netIncomeAfterTaxes": 4258,
        "otherOperatingExpensesTotal": 1301,
        "period": "2023-12-31",
        "pretaxIncome": 3385,
        "provisionforIncomeTaxes": -873,
        "revenue": 13222,
        "sgaExpense": 102,
        "totalOperatingExpense": 10056,
        "year": 2023
      },
      {
        "benefitsClaimsLossAdjustment": 5027.517,
        "deferredPolicyAcquisitionExpense": 1739.58,
        "depreciationAmortization": 106.2,
        "dilutedAverageSharesOutstanding": 377.61,
        "dilutedEPS": 3.8,
        "ebit": 1767.906,
        "equityEarningsAffiliates": 73.891,
        "grossPremiumsEarned": 9665.139,
        "interestExpense": 130.266,
        "interestIncomeExpense": -279.413,
        "minorityInterest": -5.49,
        "netIncome": 1436.197,
        "netIncomeAfterTaxes": 1408.532,
        "otherOperatingExpensesTotal": 1128.175,
        "period": "2022-12-31",
        "pretaxIncome": 1488.493,
        "provisionforIncomeTaxes": 79.961,
        "revenue": 9864.86,
        "sgaExpense": 95.482,
        "totalOperatingExpense": 8096.954,
        "year": 2022
      },
      {
        "benefitsClaimsLossAdjustment": 4584.803,
        "deferredPolicyAcquisitionExpense": 1303.178,
        "depreciationAmortization": 82.955,
        "dilutedAverageSharesOutstanding": 400.346,
        "dilutedEPS": 5.23,
        "ebit": 1834.89,
        "equityEarningsAffiliates": 264.693,
        "grossPremiumsEarned": 8114.615,
        "interestExpense": 139.47,
        "interestIncomeExpense": 268.461,
        "minorityInterest": -82.613,
        "netIncome": 2093.405,
        "netIncomeAfterTaxes": 1974.769,
        "otherOperatingExpensesTotal": 998.595,
        "period": "2021-12-31",
        "pretaxIncome": 2103.351,
        "provisionforIncomeTaxes": 128.582,
        "revenue": 8883.578,
        "sgaExpense": 79.157,
        "totalOperatingExpense": 7048.688,
        "year": 2021
      },
      {
        "benefitsClaimsLossAdjustment": 4689.599,
        "deferredPolicyAcquisitionExpense": 1004.842,
        "depreciationAmortization": 69.031,
        "dilutedAverageSharesOutstanding": 410.259,
        "dilutedEPS": 3.32,
        "ebit": 1641.18,
        "grossPremiumsEarned": 7018.748,
        "interestExpense": 143.456,
        "interestIncomeExpense": -80.397,
        "minorityInterest": -60.19,
        "netIncome": 1363.909,
        "netIncomeAfterTaxes": 1448.945,
        "otherOperatingExpensesTotal": 875.176,
        "period": "2020-12-31",
        "pretaxIncome": 1560.783,
        "provisionforIncomeTaxes": 111.838,
        "revenue": 8361.816,
        "sgaExpense": 81.988,
        "totalOperatingExpense": 6720.636,
        "year": 2020
      },
      {
        "benefitsClaimsLossAdjustment": 3133.452,
        "deferredPolicyAcquisitionExpense": 840.945,
        "depreciationAmortization": 82.104,
        "dilutedAverageSharesOutstanding": 411.609,
        "dilutedEPS": 3.87,
        "ebit": 1871.084,
        "grossPremiumsEarned": 5813.592,
        "interestExpense": 120.872,
        "interestIncomeExpense": -17.809,
        "minorityInterest": -56.981,
        "netIncome": 1594.707,
        "netIncomeAfterTaxes": 1693.3,
        "nonRecurringItems": -4.165,
        "otherOperatingExpensesTotal": 800.997,
        "period": "2019-12-31",
        "pretaxIncome": 1849.11,
        "provisionforIncomeTaxes": 155.81,
        "revenue": 6807.693,
        "sgaExpense": 79.111,
        "totalOperatingExpense": 4936.609,
        "year": 2019
      },
      {
        "benefitsClaimsLossAdjustment": 2890.106,
        "deferredPolicyAcquisitionExpense": 805.135,
        "depreciationAmortization": 105.67,
        "dilutedAverageSharesOutstanding": 412.906,
        "dilutedEPS": 1.73,
        "ebit": 856.342,
        "grossPremiumsEarned": 5249.467,
        "interestExpense": 120.484,
        "interestIncomeExpense": -5.441,
        "minorityInterest": 30.15,
        "netIncome": 713.616,
        "netIncomeAfterTaxes": 727.821,
        "nonRecurringItems": -9.129,
        "otherOperatingExpensesTotal": 677.809,
        "period": "2018-12-31",
        "pretaxIncome": 841.772,
        "provisionforIncomeTaxes": 113.951,
        "revenue": 5407.756,
        "sgaExpense": 72.694,
        "totalOperatingExpense": 4551.414,
        "year": 2018
      },
      {
        "benefitsClaimsLossAdjustment": 2967.446,
        "deferredPolicyAcquisitionExpense": 775.458,
        "depreciationAmortization": 125.778,
        "dilutedAverageSharesOutstanding": 417.789,
        "dilutedEPS": 1.35,
        "ebit": 855.342,
        "grossPremiumsEarned": 4872.214,
        "interestExpense": 117.431,
        "interestIncomeExpense": -90.927,
        "minorityInterest": -10.431,
        "netIncome": 566.502,
        "netIncomeAfterTaxes": 651.209,
        "nonRecurringItems": -7.138,
        "otherOperatingExpensesTotal": 684.451,
        "period": "2017-12-31",
        "pretaxIncome": 757.277,
        "provisionforIncomeTaxes": 106.068,
        "revenue": 5492.227,
        "sgaExpense": 83.752,
        "totalOperatingExpense": 4636.885,
        "year": 2017
      },
      {
        "benefitsClaimsLossAdjustment": 2185.599,
        "deferredPolicyAcquisitionExpense": 678.033,
        "dilutedAverageSharesOutstanding": 374.156,
        "dilutedEPS": 1.78,
        "ebit": 867.12,
        "grossPremiumsEarned": 3941.195,
        "interestExpense": 66.252,
        "interestIncomeExpense": 18.874,
        "minorityInterest": -131.44,
        "netIncome": 664.668,
        "netIncomeAfterTaxes": 824.178,
        "nonRecurringItems": -30.442,
        "otherOperatingExpensesTotal": 633.025,
        "period": "2016-12-31",
        "pretaxIncome": 855.552,
        "provisionforIncomeTaxes": 31.374,
        "revenue": 4445.523,
        "sgaExpense": 81.746,
        "totalOperatingExpense": 3578.403,
        "year": 2016
      },
      {
        "benefitsClaimsLossAdjustment": 2050.903,
        "deferredPolicyAcquisitionExpense": 681.476,
        "dilutedAverageSharesOutstanding": 378.12,
        "dilutedEPS": 1.36,
        "ebit": 541.611,
        "grossPremiumsEarned": 3769.003,
        "interestExpense": 45.874,
        "interestIncomeExpense": 45.699,
        "minorityInterest": 11.156,
        "netIncome": 515.8,
        "netIncomeAfterTaxes": 526.582,
        "nonRecurringItems": -20.116,
        "otherOperatingExpensesTotal": 657.261,
        "period": "2015-12-31",
        "pretaxIncome": 567.194,
        "provisionforIncomeTaxes": 40.612,
        "revenue": 3931.251,
        "totalOperatingExpense": 3389.64,
        "year": 2015
      }
    ],
    "symbol": "ACGL"
  }
}