{
  "symbol": "FRT",
  "statement": "ic",
  "frequency": "quarterly",
  "timestamp": "2025-09-19T14:00:25.144053",
  "data": {
    "financials": [
      {
        "costOfGoodsSold": 98.29,
        "depreciationAmortization": 89.241,
        "dilutedAverageSharesOutstanding": 86.611,
        "dilutedEPS": 1.771,
        "ebit": 112.067,
        "grossIncome": 213.233,
        "interestExpense": 44.598,
        "interestIncomeExpense": -42.788,
        "minorityInterest": -4.04,
        "netIncome": 153.388,
        "netIncomeAfterTaxes": 159.956,
        "nonRecurringItems": 90.677,
        "period": "2025-06-30",
        "pretaxIncome": 159.956,
        "revenue": 311.523,
        "sgaExpense": 11.925,
        "totalOperatingExpense": 101.166
      },
      {
        "costOfGoodsSold": 104.371,
        "depreciationAmortization": 86.946,
        "dilutedAverageSharesOutstanding": 85.472,
        "dilutedEPS": 0.7188,
        "ebit": 106.962,
        "grossIncome": 204.783,
        "interestExpense": 42.475,
        "interestIncomeExpense": -41.555,
        "minorityInterest": -2.81,
        "netIncome": 61.439,
        "netIncomeAfterTaxes": 66.578,
        "nonRecurringItems": 1.171,
        "period": "2025-03-31",
        "pretaxIncome": 66.578,
        "revenue": 309.154,
        "sgaExpense": 10.875,
        "totalOperatingExpense": 97.821
      },
      {
        "costOfGoodsSold": 101.949,
        "depreciationAmortization": 87.117,
        "dilutedAverageSharesOutstanding": 84.724,
        "dilutedEPS": 0.7464,
        "ebit": 107.559,
        "grossIncome": 209.495,
        "interestExpense": 43.234,
        "interestIncomeExpense": -41.117,
        "minorityInterest": -2.665,
        "netIncome": 63.234,
        "netIncomeAfterTaxes": 68.202,
        "nonRecurringItems": 1.76,
        "period": "2024-12-31",
        "pretaxIncome": 68.202,
        "revenue": 311.444,
        "sgaExpense": 14.819,
        "totalOperatingExpense": 101.936
      },
      {
        "costOfGoodsSold": 99.951,
        "depreciationAmortization": 87.028,
        "dilutedAverageSharesOutstanding": 83.994,
        "dilutedEPS": 0.6979,
        "ebit": 105.832,
        "grossIncome": 203.682,
        "interestExpense": 44.237,
        "interestIncomeExpense": -42.371,
        "minorityInterest": -2.508,
        "netIncome": 58.62,
        "netIncomeAfterTaxes": 63.461,
        "nonRecurringItems": 0,
        "period": "2024-09-30",
        "pretaxIncome": 63.461,
        "revenue": 303.633,
        "sgaExpense": 10.822,
        "totalOperatingExpense": 97.85
      },
      {
        "costOfGoodsSold": 94.18,
        "depreciationAmortization": 85.049,
        "dilutedAverageSharesOutstanding": 83.563,
        "dilutedEPS": 1.3113,
        "ebit": 104.731,
        "grossIncome": 201.872,
        "interestExpense": 44.312,
        "interestIncomeExpense": -42.356,
        "minorityInterest": -2.673,
        "netIncome": 109.575,
        "netIncomeAfterTaxes": 114.655,
        "nonRecurringItems": 52.28,
        "period": "2024-06-30",
        "pretaxIncome": 114.655,
        "revenue": 296.052,
        "sgaExpense": 12.092,
        "totalOperatingExpense": 97.141
      },
      {
        "costOfGoodsSold": 95.719,
        "depreciationAmortization": 83.404,
        "dilutedAverageSharesOutstanding": 83.1655,
        "dilutedEPS": 0.6549,
        "ebit": 100.194,
        "grossIncome": 195.604,
        "interestExpense": 43.693,
        "interestIncomeExpense": -42.178,
        "minorityInterest": -1.28,
        "netIncome": 54.464,
        "netIncomeAfterTaxes": 58.016,
        "nonRecurringItems": 0,
        "period": "2024-03-31",
        "pretaxIncome": 58.016,
        "revenue": 291.323,
        "sgaExpense": 12.006,
        "totalOperatingExpense": 95.41
      },
      {
        "costOfGoodsSold": 95.693,
        "depreciationAmortization": 82.421,
        "dilutedAverageSharesOutstanding": 81.622,
        "dilutedEPS": 0.7569,
        "ebit": 100.598,
        "grossIncome": 196.119,
        "interestExpense": 42.974,
        "interestIncomeExpense": -41.687,
        "minorityInterest": -2.987,
        "netIncome": 61.783,
        "netIncomeAfterTaxes": 67.09,
        "nonRecurringItems": 8.179,
        "period": "2023-12-31",
        "pretaxIncome": 67.09,
        "revenue": 291.812,
        "sgaExpense": 13.1,
        "totalOperatingExpense": 95.521
      },
      {
        "costOfGoodsSold": 91.6,
        "depreciationAmortization": 81.7,
        "dilutedAverageSharesOutstanding": 81.3,
        "dilutedEPS": 0.67,
        "ebit": 100.1,
        "grossIncome": 195,
        "interestExpense": 42.726,
        "interestIncomeExpense": -40.7,
        "minorityInterest": -2.3,
        "netIncome": 54.7,
        "netIncomeAfterTaxes": 59.4,
        "nonRecurringItems": 0,
        "period": "2023-09-30",
        "pretaxIncome": 59.4,
        "revenue": 286.6,
        "sgaExpense": 13.1,
        "totalOperatingExpense": 94.9
      },
      {
        "costOfGoodsSold": 88,
        "depreciationAmortization": 79,
        "dilutedAverageSharesOutstanding": 81.2,
        "dilutedEPS": 0.72,
        "ebit": 101.8,
        "grossIncome": 192.7,
        "interestExpense": 42.884,
        "interestIncomeExpense": -38.8,
        "minorityInterest": -2.5,
        "netIncome": 58.2,
        "netIncomeAfterTaxes": 63,
        "nonRecurringItems": 0,
        "period": "2023-06-30",
        "pretaxIncome": 63,
        "revenue": 280.7,
        "sgaExpense": 11.9,
        "totalOperatingExpense": 90.9
      },
      {
        "costOfGoodsSold": 87.8,
        "depreciationAmortization": 78.6,
        "dilutedAverageSharesOutstanding": 81.1,
        "dilutedEPS": 0.65,
        "ebit": 94.1,
        "grossIncome": 185.3,
        "interestExpense": 39.225,
        "interestIncomeExpense": -38.1,
        "minorityInterest": -2.4,
        "netIncome": 53,
        "netIncomeAfterTaxes": 57.7,
        "nonRecurringItems": 1.7,
        "period": "2023-03-31",
        "pretaxIncome": 57.7,
        "revenue": 273.1,
        "sgaExpense": 12.5,
        "totalOperatingExpense": 91.2
      },
      {
        "costOfGoodsSold": 96,
        "depreciationAmortization": 79.2,
        "dilutedAverageSharesOutstanding": 81.6,
        "dilutedEPS": 1.39,
        "ebit": 91.3,
        "grossIncome": 184.1,
        "interestExpense": 38.282,
        "interestIncomeExpense": -37.4,
        "minorityInterest": -2,
        "netIncome": 113.3,
        "netIncomeAfterTaxes": 117.7,
        "nonRecurringItems": 63.8,
        "period": "2022-12-31",
        "pretaxIncome": 117.7,
        "revenue": 280.1,
        "sgaExpense": 13.6,
        "totalOperatingExpense": 92.8
      },
      {
        "costOfGoodsSold": 91.6,
        "depreciationAmortization": 77.1,
        "dilutedAverageSharesOutstanding": 81.5,
        "dilutedEPS": 1.88,
        "ebit": 91.6,
        "grossIncome": 181.8,
        "interestExpense": 35.06,
        "interestIncomeExpense": -33,
        "minorityInterest": -2.6,
        "netIncome": 153.6,
        "netIncomeAfterTaxes": 158.8,
        "nonRecurringItems": 100.1,
        "period": "2022-09-30",
        "pretaxIncome": 158.8,
        "revenue": 273.5,
        "sgaExpense": 13.1,
        "totalOperatingExpense": 90.2
      },
      {
        "costOfGoodsSold": 82.4,
        "depreciationAmortization": 74.5,
        "dilutedAverageSharesOutstanding": 84,
        "dilutedEPS": 0.72,
        "ebit": 93.6,
        "grossIncome": 181.7,
        "interestExpense": 32.074,
        "interestIncomeExpense": -29.1,
        "minorityInterest": -2.8,
        "netIncome": 59.6,
        "netIncomeAfterTaxes": 64.5,
        "nonRecurringItems": 0,
        "period": "2022-06-30",
        "pretaxIncome": 64.5,
        "revenue": 264.1,
        "sgaExpense": 13.6,
        "totalOperatingExpense": 88.1
      },
      {
        "costOfGoodsSold": 86.8,
        "depreciationAmortization": 71.7,
        "dilutedAverageSharesOutstanding": 78.5,
        "dilutedEPS": 0.63,
        "ebit": 86,
        "grossIncome": 170,
        "interestExpense": 31.573,
        "interestIncomeExpense": -31.3,
        "minorityInterest": -2.7,
        "netIncome": 49.7,
        "netIncomeAfterTaxes": 54.7,
        "nonRecurringItems": 0,
        "period": "2022-03-31",
        "pretaxIncome": 54.7,
        "revenue": 256.8,
        "sgaExpense": 12.3,
        "totalOperatingExpense": 84
      },
      {
        "costOfGoodsSold": 86.9,
        "depreciationAmortization": 77.8,
        "dilutedAverageSharesOutstanding": 77.5,
        "dilutedEPS": 1.45,
        "ebit": 75,
        "grossIncome": 167.3,
        "interestExpense": 32.187,
        "interestIncomeExpense": -30.7,
        "minorityInterest": -1.8,
        "netIncome": 112.6,
        "netIncomeAfterTaxes": 116.7,
        "nonRecurringItems": 72.5,
        "period": "2021-12-31",
        "pretaxIncome": 116.7,
        "revenue": 254.2,
        "sgaExpense": 14.5,
        "totalOperatingExpense": 92.3
      },
      {
        "costOfGoodsSold": 78.8,
        "depreciationAmortization": 70.6,
        "dilutedAverageSharesOutstanding": 77.6,
        "dilutedEPS": 0.64,
        "ebit": 85.6,
        "grossIncome": 168.4,
        "interestExpense": 32.249,
        "interestIncomeExpense": -31,
        "minorityInterest": -2.4,
        "netIncome": 49.8,
        "netIncomeAfterTaxes": 54.5,
        "nonRecurringItems": 0,
        "period": "2021-09-30",
        "pretaxIncome": 54.5,
        "revenue": 247.3,
        "sgaExpense": 12.3,
        "totalOperatingExpense": 82.9
      },
      {
        "costOfGoodsSold": 72.2,
        "depreciationAmortization": 67.7,
        "dilutedAverageSharesOutstanding": 77.5,
        "dilutedEPS": 0.57,
        "ebit": 78.9,
        "grossIncome": 159.4,
        "interestExpense": 31.177,
        "interestIncomeExpense": -30.8,
        "minorityInterest": -1.9,
        "netIncome": 43.9,
        "netIncomeAfterTaxes": 48.1,
        "nonRecurringItems": 0,
        "period": "2021-06-30",
        "pretaxIncome": 48.1,
        "revenue": 231.6,
        "sgaExpense": 12.8,
        "totalOperatingExpense": 80.6
      },
      {
        "costOfGoodsSold": 78.7,
        "depreciationAmortization": 63.9,
        "dilutedAverageSharesOutstanding": 76.8,
        "dilutedEPS": 0.6,
        "ebit": 65.4,
        "grossIncome": 139.5,
        "interestExpense": 32.085,
        "interestIncomeExpense": -33.1,
        "minorityInterest": -1.5,
        "netIncome": 45.9,
        "netIncomeAfterTaxes": 49.7,
        "nonRecurringItems": 17.4,
        "period": "2021-03-31",
        "pretaxIncome": 49.7,
        "revenue": 218.2,
        "sgaExpense": 10.3,
        "totalOperatingExpense": 74.1
      },
      {
        "costOfGoodsSold": 77.4,
        "depreciationAmortization": 64.4,
        "dilutedAverageSharesOutstanding": 75.9,
        "dilutedEPS": 1.22,
        "ebit": 65.3,
        "grossIncome": 142.1,
        "interestExpense": 37.543,
        "interestIncomeExpense": -38.4,
        "minorityInterest": -7.5,
        "netIncome": 92.5,
        "netIncomeAfterTaxes": 102.2,
        "nonRecurringItems": 75.3,
        "period": "2020-12-31",
        "pretaxIncome": 102.2,
        "revenue": 219.5,
        "sgaExpense": 12.3,
        "totalOperatingExpense": 76.8
      },
      {
        "costOfGoodsSold": 72.4,
        "depreciationAmortization": 65.6,
        "dilutedAverageSharesOutstanding": 75.4,
        "dilutedEPS": -0.41,
        "ebit": 60.9,
        "grossIncome": 135.8,
        "interestExpense": 36.228,
        "interestIncomeExpense": -37.3,
        "minorityInterest": 5.3,
        "netIncome": -30.5,
        "netIncomeAfterTaxes": -33.6,
        "nonRecurringItems": -57.2,
        "period": "2020-09-30",
        "pretaxIncome": -33.6,
        "revenue": 208.2,
        "sgaExpense": 9.3,
        "totalOperatingExpense": 74.9
      },
      {
        "costOfGoodsSold": 67,
        "depreciationAmortization": 62.8,
        "dilutedAverageSharesOutstanding": 75.4,
        "dilutedEPS": 0.11,
        "ebit": 36.6,
        "grossIncome": 109.2,
        "interestExpense": 34.073,
        "interestIncomeExpense": -37.4,
        "minorityInterest": -0.4,
        "netIncome": 8.2,
        "netIncomeAfterTaxes": 10.9,
        "nonRecurringItems": 11.7,
        "period": "2020-06-30",
        "pretaxIncome": 10.9,
        "revenue": 176.2,
        "sgaExpense": 9.8,
        "totalOperatingExpense": 72.6
      },
      {
        "costOfGoodsSold": 73.4,
        "depreciationAmortization": 62.2,
        "dilutedAverageSharesOutstanding": 75.4,
        "dilutedEPS": 0.7,
        "ebit": 85.7,
        "grossIncome": 158.2,
        "interestExpense": 28.445,
        "interestIncomeExpense": -29.3,
        "minorityInterest": -1.7,
        "netIncome": 52.5,
        "netIncomeAfterTaxes": 56.4,
        "period": "2020-03-31",
        "pretaxIncome": 56.4,
        "revenue": 231.6,
        "sgaExpense": 10.3,
        "totalOperatingExpense": 72.4
      },
      {
        "costOfGoodsSold": 76.7,
        "depreciationAmortization": 61.4,
        "dilutedAverageSharesOutstanding": 75.3,
        "dilutedEPS": 1.93,
        "ebit": 90.3,
        "grossIncome": 162.5,
        "interestExpense": 27.056,
        "interestIncomeExpense": -27.3,
        "minorityInterest": -1.6,
        "netIncome": 145,
        "netIncomeAfterTaxes": 149,
        "nonRecurringItems": 85.9,
        "period": "2019-12-31",
        "pretaxIncome": 149,
        "revenue": 239.1,
        "sgaExpense": 10.7,
        "totalOperatingExpense": 72.1
      },
      {
        "costOfGoodsSold": 83.5,
        "depreciationAmortization": 59.6,
        "dilutedAverageSharesOutstanding": 74.8,
        "dilutedEPS": 0.84,
        "ebit": 79.7,
        "grossIncome": 150.4,
        "interestExpense": 27.052,
        "interestIncomeExpense": -26.9,
        "minorityInterest": -1.6,
        "netIncome": 63.2,
        "netIncomeAfterTaxes": 67.1,
        "nonRecurringItems": 14.3,
        "period": "2019-09-30",
        "pretaxIncome": 67.1,
        "revenue": 233.9,
        "sgaExpense": 11.1,
        "totalOperatingExpense": 70.7
      },
      {
        "costOfGoodsSold": 66.6,
        "depreciationAmortization": 59.1,
        "dilutedAverageSharesOutstanding": 74.7,
        "dilutedEPS": 1.05,
        "ebit": 93.4,
        "grossIncome": 163.9,
        "interestExpense": 27.482,
        "interestIncomeExpense": -26.9,
        "minorityInterest": -1.8,
        "netIncome": 78.7,
        "netIncomeAfterTaxes": 82.7,
        "nonRecurringItems": 16.2,
        "period": "2019-06-30",
        "pretaxIncome": 82.7,
        "revenue": 230.5,
        "sgaExpense": 11.4,
        "totalOperatingExpense": 70.5
      },
      {
        "costOfGoodsSold": 71.9,
        "depreciationAmortization": 59.6,
        "dilutedAverageSharesOutstanding": 74.6,
        "dilutedEPS": 0.78,
        "ebit": 91.1,
        "grossIncome": 160.3,
        "interestExpense": 28.033,
        "interestIncomeExpense": -29.3,
        "minorityInterest": -1.7,
        "netIncome": 57.9,
        "netIncomeAfterTaxes": 61.8,
        "nonRecurringItems": 0,
        "period": "2019-03-31",
        "pretaxIncome": 61.8,
        "revenue": 232.2,
        "sgaExpense": 9.6,
        "totalOperatingExpense": 69.2
      },
      {
        "costOfGoodsSold": 75.4,
        "depreciationAmortization": 67,
        "dilutedAverageSharesOutstanding": 73.8,
        "dilutedEPS": 0.69,
        "ebit": 83.3,
        "grossIncome": 159.9,
        "interestExpense": 28.038,
        "interestIncomeExpense": -28.5,
        "minorityInterest": -1.9,
        "netIncome": 52.3,
        "netIncomeAfterTaxes": 54.9,
        "nonRecurringItems": 0,
        "period": "2018-12-31",
        "pretaxIncome": 54.9,
        "revenue": 235.4,
        "sgaExpense": 9.6,
        "totalOperatingExpense": 76.6
      },
      {
        "costOfGoodsSold": 71,
        "depreciationAmortization": 60.8,
        "dilutedAverageSharesOutstanding": 73.4,
        "dilutedEPS": 0.82,
        "ebit": 90.4,
        "grossIncome": 158.8,
        "interestExpense": 28.166,
        "interestIncomeExpense": -29.3,
        "minorityInterest": -1.6,
        "netIncome": 60.3,
        "netIncomeAfterTaxes": 64.2,
        "nonRecurringItems": 3.1,
        "period": "2018-09-30",
        "pretaxIncome": 64.2,
        "revenue": 229.8,
        "sgaExpense": 7.6,
        "totalOperatingExpense": 68.4
      },
      {
        "costOfGoodsSold": 68.2,
        "depreciationAmortization": 58.4,
        "dilutedAverageSharesOutstanding": 73,
        "dilutedEPS": 0.84,
        "ebit": 89.9,
        "grossIncome": 156.7,
        "interestExpense": 27.766,
        "interestIncomeExpense": -28.3,
        "minorityInterest": -1.9,
        "netIncome": 61.3,
        "netIncomeAfterTaxes": 65.5,
        "nonRecurringItems": 4,
        "period": "2018-06-30",
        "pretaxIncome": 65.5,
        "revenue": 224.9,
        "sgaExpense": 8.4,
        "totalOperatingExpense": 66.8
      },
      {
        "costOfGoodsSold": 73.2,
        "depreciationAmortization": 58.1,
        "dilutedAverageSharesOutstanding": 73,
        "dilutedEPS": 0.81,
        "ebit": 86.2,
        "grossIncome": 152.2,
        "interestExpense": 26.184,
        "interestIncomeExpense": -26.5,
        "minorityInterest": -1.7,
        "netIncome": 59,
        "netIncomeAfterTaxes": 62.9,
        "nonRecurringItems": 3.3,
        "period": "2018-03-31",
        "pretaxIncome": 62.9,
        "revenue": 225.4,
        "sgaExpense": 7.9,
        "totalOperatingExpense": 66
      },
      {
        "costOfGoodsSold": 74.1,
        "depreciationAmortization": 56.4,
        "dilutedAverageSharesOutstanding": 72.6,
        "dilutedEPS": 0.66,
        "ebit": 83.2,
        "grossIncome": 149.8,
        "interestExpense": 26.173,
        "interestIncomeExpense": -26.1,
        "minorityInterest": -2.1,
        "netIncome": 48.5,
        "netIncomeAfterTaxes": 44.8,
        "nonRecurringItems": -12.3,
        "period": "2017-12-31",
        "pretaxIncome": 44.8,
        "revenue": 224,
        "sgaExpense": 10.3,
        "totalOperatingExpense": 66.7
      },
      {
        "costOfGoodsSold": 68.7,
        "depreciationAmortization": 55.6,
        "dilutedAverageSharesOutstanding": 72.2,
        "dilutedEPS": 1.47,
        "ebit": 84.5,
        "grossIncome": 149.2,
        "interestExpense": 26.287,
        "interestIncomeExpense": -26.4,
        "minorityInterest": -2.1,
        "netIncome": 106.3,
        "netIncomeAfterTaxes": 58.1,
        "period": "2017-09-30",
        "pretaxIncome": 58.1,
        "revenue": 218,
        "sgaExpense": 9.1,
        "totalOperatingExpense": 64.8
      },
      {
        "costOfGoodsSold": 63.7,
        "depreciationAmortization": 52.7,
        "dilutedAverageSharesOutstanding": 72.1,
        "dilutedEPS": 1.05,
        "ebit": 83.1,
        "grossIncome": 144.4,
        "interestExpense": 23.907,
        "interestIncomeExpense": -24,
        "minorityInterest": -1.7,
        "netIncome": 75.9,
        "netIncomeAfterTaxes": 59.1,
        "period": "2017-06-30",
        "pretaxIncome": 59.1,
        "revenue": 208,
        "sgaExpense": 8.6,
        "totalOperatingExpense": 61.3
      },
      {
        "costOfGoodsSold": 66.2,
        "depreciationAmortization": 51.4,
        "dilutedAverageSharesOutstanding": 72.1,
        "dilutedEPS": 0.77,
        "ebit": 81.5,
        "grossIncome": 141.2,
        "interestExpense": 23.758,
        "interestIncomeExpense": -23.7,
        "minorityInterest": -1.8,
        "netIncome": 55.8,
        "netIncomeAfterTaxes": 57.9,
        "period": "2017-03-31",
        "pretaxIncome": 57.9,
        "revenue": 207.4,
        "sgaExpense": 8.3,
        "totalOperatingExpense": 59.6
      },
      {
        "costOfGoodsSold": 64.1,
        "depreciationAmortization": 48.4,
        "dilutedAverageSharesOutstanding": 71.8,
        "dilutedEPS": 0.8,
        "ebit": 83.5,
        "grossIncome": 140,
        "interestExpense": 23.851,
        "interestIncomeExpense": -23.8,
        "minorityInterest": -1.7,
        "netIncome": 57.7,
        "netIncomeAfterTaxes": 59.7,
        "nonRecurringItems": 0,
        "period": "2016-12-31",
        "pretaxIncome": 59.7,
        "revenue": 204.1,
        "sgaExpense": 8.1,
        "totalOperatingExpense": 56.5
      },
      {
        "costOfGoodsSold": 63.6,
        "depreciationAmortization": 48.9,
        "dilutedAverageSharesOutstanding": 71.5,
        "dilutedEPS": 0.82,
        "ebit": 80.5,
        "grossIncome": 137.6,
        "interestExpense": 24.313,
        "interestIncomeExpense": -24.2,
        "minorityInterest": -2,
        "netIncome": 58.7,
        "netIncomeAfterTaxes": 56.3,
        "nonRecurringItems": 0,
        "period": "2016-09-30",
        "pretaxIncome": 56.3,
        "revenue": 201.2,
        "sgaExpense": 8.2,
        "totalOperatingExpense": 57.1
      },
      {
        "costOfGoodsSold": 60.4,
        "depreciationAmortization": 48.4,
        "dilutedAverageSharesOutstanding": 71,
        "dilutedEPS": 0.78,
        "ebit": 80.1,
        "grossIncome": 137.6,
        "interestExpense": 23.101,
        "interestIncomeExpense": -23,
        "minorityInterest": -3,
        "netIncome": 55.7,
        "netIncomeAfterTaxes": 57.1,
        "nonRecurringItems": 0,
        "period": "2016-06-30",
        "pretaxIncome": 57.1,
        "revenue": 198,
        "sgaExpense": 9,
        "totalOperatingExpense": 57.4
      },
      {
        "costOfGoodsSold": 65.6,
        "depreciationAmortization": 47.8,
        "dilutedAverageSharesOutstanding": 70.7,
        "dilutedEPS": 1.08,
        "ebit": 76.9,
        "grossIncome": 132.7,
        "interestExpense": 23.729,
        "interestIncomeExpense": -23.6,
        "minorityInterest": -2.1,
        "netIncome": 76.6,
        "netIncomeAfterTaxes": 53.3,
        "nonRecurringItems": 0,
        "period": "2016-03-31",
        "pretaxIncome": 53.3,
        "revenue": 198.3,
        "sgaExpense": 8,
        "totalOperatingExpense": 55.8
      },
      {
        "costOfGoodsSold": 62.1,
        "depreciationAmortization": 46.4,
        "dilutedAverageSharesOutstanding": 69.5,
        "dilutedEPS": 0.97,
        "ebit": 75.9,
        "grossIncome": 130.5,
        "interestExpense": 23.207,
        "interestIncomeExpense": -22.7,
        "minorityInterest": -2,
        "netIncome": 67.7,
        "netIncomeAfterTaxes": 53.2,
        "nonRecurringItems": 0,
        "period": "2015-12-31",
        "pretaxIncome": 53.2,
        "revenue": 192.5,
        "sgaExpense": 8.1,
        "totalOperatingExpense": 54.5
      },
      {
        "costOfGoodsSold": 56.2,
        "depreciationAmortization": 43.7,
        "dilutedAverageSharesOutstanding": 69.2,
        "dilutedEPS": 0.75,
        "ebit": 75.9,
        "grossIncome": 129,
        "interestExpense": 21.733,
        "interestIncomeExpense": -21.4,
        "minorityInterest": -2.1,
        "netIncome": 52.1,
        "netIncomeAfterTaxes": 54.6,
        "nonRecurringItems": 0,
        "period": "2015-09-30",
        "pretaxIncome": 54.6,
        "revenue": 185.3,
        "sgaExpense": 9.4,
        "totalOperatingExpense": 53.1
      }
    ],
    "symbol": "FRT"
  }
}