{
  "symbol": "NDSN",
  "statement": "ic",
  "frequency": "quarterly",
  "timestamp": "2025-09-19T14:04:42.461365",
  "data": {
    "financials": [
      {
        "costOfGoodsSold": 334.992,
        "dilutedAverageSharesOutstanding": 56.728,
        "dilutedEPS": 2.2173,
        "ebit": 199.978,
        "grossIncome": 406.517,
        "interestExpense": 26.258,
        "interestIncomeExpense": -25.698,
        "netIncome": 125.784,
        "netIncomeAfterTaxes": 125.784,
        "nonRecurringItems": -12.211,
        "period": "2025-07-31",
        "pretaxIncome": 159.124,
        "provisionforIncomeTaxes": 33.34,
        "revenue": 741.509,
        "sgaExpense": 206.539,
        "totalOperatingExpense": 206.539,
        "totalOtherIncomeExpenseNet": -2.945
      },
      {
        "costOfGoodsSold": 309.034,
        "dilutedAverageSharesOutstanding": 57.038,
        "dilutedEPS": 1.9707,
        "ebit": 168.75,
        "grossIncome": 373.904,
        "interestExpense": 26.572,
        "interestIncomeExpense": -26.019,
        "netIncome": 112.404,
        "netIncomeAfterTaxes": 112.404,
        "period": "2025-04-30",
        "pretaxIncome": 138.77,
        "provisionforIncomeTaxes": 26.366,
        "revenue": 682.938,
        "sgaExpense": 205.154,
        "totalOperatingExpense": 205.154,
        "totalOtherIncomeExpenseNet": -3.961
      },
      {
        "costOfGoodsSold": 279.524,
        "dilutedAverageSharesOutstanding": 57.486,
        "dilutedEPS": 1.6465,
        "ebit": 140.947,
        "grossIncome": 335.896,
        "interestExpense": 26.559,
        "interestIncomeExpense": -25.618,
        "netIncome": 94.652,
        "netIncomeAfterTaxes": 94.652,
        "period": "2025-01-31",
        "pretaxIncome": 116.855,
        "provisionforIncomeTaxes": 22.203,
        "revenue": 615.42,
        "sgaExpense": 194.949,
        "totalOperatingExpense": 194.949,
        "totalOtherIncomeExpenseNet": 1.526
      },
      {
        "costOfGoodsSold": 341.658,
        "dilutedAverageSharesOutstanding": 57.604,
        "dilutedEPS": 2.1208,
        "ebit": 178.892,
        "grossIncome": 402.824,
        "interestExpense": 28.57,
        "interestIncomeExpense": -27.282,
        "netIncome": 122.168,
        "netIncomeAfterTaxes": 122.168,
        "period": "2024-10-31",
        "pretaxIncome": 148.072,
        "provisionforIncomeTaxes": 25.904,
        "revenue": 744.482,
        "sgaExpense": 223.932,
        "totalOperatingExpense": 223.932,
        "totalOtherIncomeExpenseNet": -3.538
      },
      {
        "costOfGoodsSold": 292.603,
        "dilutedAverageSharesOutstanding": 57.624,
        "dilutedEPS": 2.0361,
        "ebit": 167.058,
        "grossIncome": 369.001,
        "interestExpense": 18.803,
        "interestIncomeExpense": -17.776,
        "netIncome": 117.327,
        "netIncomeAfterTaxes": 117.327,
        "period": "2024-07-31",
        "pretaxIncome": 149.434,
        "provisionforIncomeTaxes": 32.107,
        "revenue": 661.604,
        "sgaExpense": 201.943,
        "totalOperatingExpense": 201.943,
        "totalOtherIncomeExpenseNet": 0.152
      },
      {
        "costOfGoodsSold": 284.765,
        "dilutedAverageSharesOutstanding": 57.681,
        "dilutedEPS": 2.0495,
        "ebit": 168.616,
        "grossIncome": 365.877,
        "interestExpense": 20.109,
        "interestIncomeExpense": -18.555,
        "netIncome": 118.217,
        "netIncomeAfterTaxes": 118.217,
        "period": "2024-04-30",
        "pretaxIncome": 149.276,
        "provisionforIncomeTaxes": 31.059,
        "revenue": 650.642,
        "sgaExpense": 197.261,
        "totalOperatingExpense": 197.261,
        "totalOtherIncomeExpenseNet": -0.785
      },
      {
        "costOfGoodsSold": 284.766,
        "dilutedAverageSharesOutstanding": 57.555,
        "dilutedEPS": 1.9038,
        "ebit": 159.435,
        "grossIncome": 348.427,
        "interestExpense": 21.442,
        "interestIncomeExpense": -20.398,
        "netIncome": 109.572,
        "netIncomeAfterTaxes": 109.572,
        "period": "2024-01-31",
        "pretaxIncome": 138.699,
        "provisionforIncomeTaxes": 29.127,
        "revenue": 633.193,
        "sgaExpense": 188.992,
        "totalOperatingExpense": 188.992,
        "totalOtherIncomeExpenseNet": -0.338
      },
      {
        "costOfGoodsSold": 335.22,
        "dilutedAverageSharesOutstanding": 57.553,
        "dilutedEPS": 2.2202,
        "ebit": 185.039,
        "grossIncome": 384.093,
        "interestExpense": 26.973,
        "interestIncomeExpense": -25.921,
        "netIncome": 127.778,
        "netIncomeAfterTaxes": 127.778,
        "period": "2023-10-31",
        "pretaxIncome": 160.58,
        "provisionforIncomeTaxes": 32.802,
        "revenue": 719.313,
        "sgaExpense": 199.054,
        "totalOperatingExpense": 199.054,
        "totalOtherIncomeExpenseNet": 1.462
      },
      {
        "costOfGoodsSold": 288.4,
        "dilutedAverageSharesOutstanding": 57.5,
        "dilutedEPS": 2.22,
        "ebit": 171,
        "grossIncome": 360.3,
        "interestExpense": 12.089,
        "interestIncomeExpense": -11.5,
        "netIncome": 127.9,
        "netIncomeAfterTaxes": 127.9,
        "period": "2023-07-31",
        "pretaxIncome": 162.1,
        "provisionforIncomeTaxes": 34.2,
        "revenue": 648.7,
        "sgaExpense": 189.3,
        "totalOperatingExpense": 189.3,
        "totalOtherIncomeExpenseNet": 2.5
      },
      {
        "costOfGoodsSold": 298,
        "dilutedAverageSharesOutstanding": 57.7,
        "dilutedEPS": 2.21,
        "ebit": 172.5,
        "grossIncome": 352.1,
        "interestExpense": 9.913,
        "interestIncomeExpense": -9.5,
        "netIncome": 127.6,
        "netIncomeAfterTaxes": 127.6,
        "period": "2023-04-30",
        "pretaxIncome": 161.6,
        "provisionforIncomeTaxes": 34.1,
        "revenue": 650.2,
        "sgaExpense": 179.6,
        "totalOperatingExpense": 179.7,
        "totalOtherIncomeExpenseNet": -1.4
      },
      {
        "costOfGoodsSold": 281.6,
        "dilutedAverageSharesOutstanding": 57.8,
        "dilutedEPS": 1.81,
        "ebit": 144.2,
        "grossIncome": 328.9,
        "interestExpense": 10.53,
        "interestIncomeExpense": -9.9,
        "netIncome": 104.3,
        "netIncomeAfterTaxes": 104.3,
        "period": "2023-01-31",
        "pretaxIncome": 131.1,
        "provisionforIncomeTaxes": 26.8,
        "revenue": 610.5,
        "sgaExpense": 184.6,
        "totalOperatingExpense": 184.7,
        "totalOtherIncomeExpenseNet": -3.2
      },
      {
        "costOfGoodsSold": 320.4,
        "dilutedAverageSharesOutstanding": 57.8,
        "dilutedEPS": 2.44,
        "ebit": 177.6,
        "grossIncome": 363.2,
        "interestExpense": 5.665,
        "interestIncomeExpense": -5.1,
        "netIncome": 141.2,
        "netIncomeAfterTaxes": 141.2,
        "nonRecurringItems": 0,
        "period": "2022-10-31",
        "pretaxIncome": 177.5,
        "provisionforIncomeTaxes": 36.3,
        "revenue": 683.6,
        "sgaExpense": 185.6,
        "totalOperatingExpense": 185.6,
        "totalOtherIncomeExpenseNet": 5
      },
      {
        "costOfGoodsSold": 296.5,
        "dilutedAverageSharesOutstanding": 58,
        "dilutedEPS": 2.45,
        "ebit": 184.9,
        "grossIncome": 365.6,
        "interestExpense": 5.737,
        "interestIncomeExpense": -5.2,
        "netIncome": 141.8,
        "netIncomeAfterTaxes": 141.8,
        "period": "2022-07-31",
        "pretaxIncome": 180.5,
        "provisionforIncomeTaxes": 38.7,
        "revenue": 662.1,
        "sgaExpense": 180.7,
        "totalOperatingExpense": 180.7,
        "totalOtherIncomeExpenseNet": 0.8
      },
      {
        "costOfGoodsSold": 277.8,
        "dilutedAverageSharesOutstanding": 58.4,
        "dilutedEPS": 1.88,
        "ebit": 184,
        "grossIncome": 357.6,
        "interestExpense": 5.361,
        "interestIncomeExpense": -4.9,
        "netIncome": 109.6,
        "netIncomeAfterTaxes": 109.6,
        "period": "2022-04-30",
        "pretaxIncome": 139.3,
        "provisionforIncomeTaxes": 29.6,
        "revenue": 635.4,
        "sgaExpense": 173.7,
        "totalOperatingExpense": 173.6,
        "totalOtherIncomeExpenseNet": -39.8
      },
      {
        "costOfGoodsSold": 269,
        "dilutedAverageSharesOutstanding": 58.8,
        "dilutedEPS": 2.05,
        "ebit": 155.9,
        "grossIncome": 340.1,
        "interestExpense": 5.65,
        "interestIncomeExpense": -5.2,
        "netIncome": 120.4,
        "netIncomeAfterTaxes": 120.4,
        "period": "2022-01-31",
        "pretaxIncome": 152,
        "provisionforIncomeTaxes": 31.6,
        "revenue": 609.2,
        "sgaExpense": 184.3,
        "totalOperatingExpense": 184.3,
        "totalOtherIncomeExpenseNet": 1.3
      },
      {
        "costOfGoodsSold": 268.1,
        "dilutedAverageSharesOutstanding": 58.8,
        "dilutedEPS": 1.88,
        "ebit": 151.4,
        "grossIncome": 331.2,
        "interestExpense": 5.281,
        "interestIncomeExpense": -4.5,
        "netIncome": 110.5,
        "netIncomeAfterTaxes": 110.5,
        "nonRecurringItems": 0,
        "period": "2021-10-31",
        "pretaxIncome": 140.1,
        "provisionforIncomeTaxes": 29.6,
        "revenue": 599.2,
        "sgaExpense": 179.7,
        "totalOperatingExpense": 179.7,
        "totalOtherIncomeExpenseNet": -6.9
      },
      {
        "costOfGoodsSold": 281.6,
        "dilutedAverageSharesOutstanding": 58.7,
        "dilutedEPS": 2.42,
        "ebit": 188.3,
        "grossIncome": 365.3,
        "interestExpense": 6.139,
        "interestIncomeExpense": -5.6,
        "netIncome": 142.2,
        "netIncomeAfterTaxes": 142.2,
        "period": "2021-07-31",
        "pretaxIncome": 180.4,
        "provisionforIncomeTaxes": 38.2,
        "revenue": 646.9,
        "sgaExpense": 177,
        "totalOperatingExpense": 177,
        "totalOtherIncomeExpenseNet": -2.2
      },
      {
        "costOfGoodsSold": 251.8,
        "dilutedAverageSharesOutstanding": 58.7,
        "dilutedEPS": 2.12,
        "ebit": 166.4,
        "grossIncome": 337.7,
        "interestExpense": 7.139,
        "interestIncomeExpense": -6.7,
        "netIncome": 124.1,
        "netIncomeAfterTaxes": 124.1,
        "period": "2021-04-30",
        "pretaxIncome": 155.9,
        "provisionforIncomeTaxes": 31.7,
        "revenue": 589.5,
        "sgaExpense": 171.3,
        "totalOperatingExpense": 171.3,
        "totalOtherIncomeExpenseNet": -3.8
      },
      {
        "costOfGoodsSold": 236.6,
        "dilutedAverageSharesOutstanding": 58.8,
        "dilutedEPS": 1.32,
        "ebit": 109,
        "grossIncome": 290,
        "interestExpense": 6.932,
        "interestIncomeExpense": -6.6,
        "netIncome": 77.6,
        "netIncomeAfterTaxes": 77.6,
        "period": "2021-01-31",
        "pretaxIncome": 97.8,
        "provisionforIncomeTaxes": 20.2,
        "revenue": 526.6,
        "sgaExpense": 180.9,
        "totalOperatingExpense": 180.9,
        "totalOtherIncomeExpenseNet": -4.7
      },
      {
        "costOfGoodsSold": 261.7,
        "dilutedAverageSharesOutstanding": 58.7,
        "dilutedEPS": 0.31,
        "ebit": 124.8,
        "grossIncome": 296.9,
        "interestExpense": 6.812,
        "interestIncomeExpense": -6.4,
        "netIncome": 18.5,
        "netIncomeAfterTaxes": 18.5,
        "nonRecurringItems": -87.4,
        "period": "2020-10-31",
        "pretaxIncome": 26.3,
        "provisionforIncomeTaxes": 7.8,
        "revenue": 558.5,
        "sgaExpense": 172.1,
        "totalOperatingExpense": 172.1,
        "totalOtherIncomeExpenseNet": -4.6
      },
      {
        "costOfGoodsSold": 257.4,
        "dilutedAverageSharesOutstanding": 58.4,
        "dilutedEPS": 1.49,
        "ebit": 112.1,
        "grossIncome": 280.8,
        "interestExpense": 7.314,
        "interestIncomeExpense": -6.9,
        "netIncome": 87,
        "netIncomeAfterTaxes": 87,
        "period": "2020-07-31",
        "pretaxIncome": 95.5,
        "provisionforIncomeTaxes": 8.5,
        "revenue": 538.2,
        "sgaExpense": 168.8,
        "totalOperatingExpense": 168.7,
        "totalOtherIncomeExpenseNet": -9.7
      },
      {
        "costOfGoodsSold": 239.9,
        "dilutedAverageSharesOutstanding": 58.3,
        "dilutedEPS": 1.58,
        "ebit": 125,
        "grossIncome": 289.6,
        "interestExpense": 8.293,
        "interestIncomeExpense": -8,
        "netIncome": 92.1,
        "netIncomeAfterTaxes": 92.1,
        "period": "2020-04-30",
        "pretaxIncome": 116.6,
        "provisionforIncomeTaxes": 24.5,
        "revenue": 529.5,
        "sgaExpense": 164.6,
        "totalOperatingExpense": 164.5,
        "totalOtherIncomeExpenseNet": -0.4
      },
      {
        "costOfGoodsSold": 231.7,
        "dilutedAverageSharesOutstanding": 58.5,
        "dilutedEPS": 0.89,
        "ebit": 75.1,
        "grossIncome": 263.2,
        "interestExpense": 9.74,
        "interestIncomeExpense": -9.2,
        "netIncome": 52,
        "netIncomeAfterTaxes": 52,
        "period": "2020-01-31",
        "pretaxIncome": 63.1,
        "provisionforIncomeTaxes": 11.1,
        "revenue": 494.9,
        "sgaExpense": 188.1,
        "totalOperatingExpense": 188.1,
        "totalOtherIncomeExpenseNet": -2.8
      },
      {
        "costOfGoodsSold": 266.5,
        "dilutedAverageSharesOutstanding": 58.3,
        "dilutedEPS": 1.76,
        "ebit": 139.7,
        "grossIncome": 319,
        "interestExpense": 10.907,
        "interestIncomeExpense": -10.2,
        "netIncome": 102.7,
        "netIncomeAfterTaxes": 102.7,
        "period": "2019-10-31",
        "pretaxIncome": 127.3,
        "provisionforIncomeTaxes": 24.6,
        "revenue": 585.5,
        "sgaExpense": 179.3,
        "totalOperatingExpense": 179.3,
        "totalOtherIncomeExpenseNet": -2.2
      },
      {
        "costOfGoodsSold": 257.1,
        "dilutedAverageSharesOutstanding": 58.1,
        "dilutedEPS": 1.62,
        "ebit": 131.5,
        "grossIncome": 302.6,
        "interestExpense": 11.5,
        "interestIncomeExpense": -9.6,
        "netIncome": 93.9,
        "netIncomeAfterTaxes": 93.9,
        "nonRecurringItems": -1.2,
        "period": "2019-07-31",
        "pretaxIncome": 119.5,
        "provisionforIncomeTaxes": 25.6,
        "revenue": 559.7,
        "sgaExpense": 171.2,
        "totalOperatingExpense": 171.2,
        "totalOtherIncomeExpenseNet": -1.2
      },
      {
        "costOfGoodsSold": 249.6,
        "dilutedAverageSharesOutstanding": 58.1,
        "dilutedEPS": 1.58,
        "ebit": 128.9,
        "grossIncome": 301.5,
        "interestExpense": 12.372,
        "interestIncomeExpense": -11.4,
        "netIncome": 91.9,
        "netIncomeAfterTaxes": 91.9,
        "nonRecurringItems": 0,
        "period": "2019-04-30",
        "pretaxIncome": 116.3,
        "provisionforIncomeTaxes": 24.4,
        "revenue": 551.1,
        "sgaExpense": 172.6,
        "totalOperatingExpense": 172.6,
        "totalOtherIncomeExpenseNet": -1.2
      },
      {
        "costOfGoodsSold": 228.9,
        "dilutedAverageSharesOutstanding": 58.4,
        "dilutedEPS": 0.83,
        "ebit": 85.8,
        "grossIncome": 269,
        "interestExpense": 12.365,
        "interestIncomeExpense": -11.1,
        "netIncome": 48.6,
        "netIncomeAfterTaxes": 53.4,
        "nonRecurringItems": -1.5,
        "period": "2019-01-31",
        "pretaxIncome": 68,
        "provisionforIncomeTaxes": 14.6,
        "revenue": 497.9,
        "sgaExpense": 183.2,
        "totalOperatingExpense": 183.2,
        "totalOtherIncomeExpenseNet": -5.2
      },
      {
        "costOfGoodsSold": 261.4,
        "dilutedAverageSharesOutstanding": 59,
        "dilutedEPS": 1.48,
        "ebit": 116.8,
        "grossIncome": 307.9,
        "interestExpense": 12.366,
        "interestIncomeExpense": -10.7,
        "netIncome": 86.7,
        "netIncomeAfterTaxes": 87.3,
        "nonRecurringItems": 0,
        "period": "2018-10-31",
        "pretaxIncome": 104.2,
        "provisionforIncomeTaxes": 16.9,
        "revenue": 569.3,
        "sgaExpense": 191.1,
        "totalOperatingExpense": 191.1,
        "totalOtherIncomeExpenseNet": -1.9
      },
      {
        "costOfGoodsSold": 260.8,
        "dilutedAverageSharesOutstanding": 58.9,
        "dilutedEPS": 1.61,
        "ebit": 137.5,
        "grossIncome": 320.5,
        "interestExpense": 13.765,
        "interestIncomeExpense": -12.5,
        "netIncome": 94.9,
        "netIncomeAfterTaxes": 94.9,
        "period": "2018-07-31",
        "pretaxIncome": 122.7,
        "provisionforIncomeTaxes": 27.8,
        "revenue": 581.2,
        "sgaExpense": 182.9,
        "totalOperatingExpense": 182.9,
        "totalOtherIncomeExpenseNet": -2.3
      },
      {
        "costOfGoodsSold": 246.7,
        "dilutedAverageSharesOutstanding": 58.9,
        "dilutedEPS": 1.55,
        "ebit": 128.9,
        "grossIncome": 307,
        "interestExpense": 12.127,
        "interestIncomeExpense": -10.9,
        "netIncome": 91.2,
        "netIncomeAfterTaxes": 91.2,
        "nonRecurringItems": 2.5,
        "period": "2018-04-30",
        "pretaxIncome": 118.1,
        "provisionforIncomeTaxes": 26.9,
        "revenue": 553.7,
        "sgaExpense": 178.1,
        "totalOperatingExpense": 178.1,
        "totalOtherIncomeExpenseNet": -2.4
      },
      {
        "costOfGoodsSold": 249.5,
        "dilutedAverageSharesOutstanding": 58.9,
        "dilutedEPS": 1.77,
        "ebit": 119.4,
        "grossIncome": 301,
        "interestExpense": 11.317,
        "interestIncomeExpense": -9.1,
        "netIncome": 104.6,
        "netIncomeAfterTaxes": 82.5,
        "period": "2018-01-31",
        "pretaxIncome": 103.5,
        "provisionforIncomeTaxes": 21.1,
        "revenue": 550.4,
        "sgaExpense": 181.6,
        "totalOperatingExpense": 181.6,
        "totalOtherIncomeExpenseNet": -6.7
      },
      {
        "costOfGoodsSold": 261.9,
        "dilutedAverageSharesOutstanding": 60.3,
        "dilutedEPS": 1.32,
        "ebit": 125.8,
        "grossIncome": 312.1,
        "interestExpense": 11.747,
        "interestIncomeExpense": -10.1,
        "netIncome": 79.8,
        "netIncomeAfterTaxes": 79.8,
        "nonRecurringItems": -1,
        "period": "2017-10-31",
        "pretaxIncome": 112.9,
        "provisionforIncomeTaxes": 33,
        "revenue": 573.9,
        "sgaExpense": 186.3,
        "totalOperatingExpense": 186.3,
        "totalOtherIncomeExpenseNet": -1.9
      },
      {
        "costOfGoodsSold": 263.2,
        "dilutedAverageSharesOutstanding": 58.3,
        "dilutedEPS": 1.74,
        "ebit": 154.2,
        "grossIncome": 326.3,
        "interestExpense": 11.306,
        "interestIncomeExpense": -10.7,
        "netIncome": 101.5,
        "netIncomeAfterTaxes": 101.5,
        "nonRecurringItems": -0.7,
        "period": "2017-07-31",
        "pretaxIncome": 142.5,
        "provisionforIncomeTaxes": 41,
        "revenue": 589.4,
        "sgaExpense": 172.1,
        "totalOperatingExpense": 172.1,
        "totalOtherIncomeExpenseNet": -0.3
      },
      {
        "costOfGoodsSold": 220.6,
        "dilutedAverageSharesOutstanding": 58.2,
        "dilutedEPS": 1.11,
        "ebit": 104,
        "grossIncome": 275.5,
        "interestExpense": 7.907,
        "interestIncomeExpense": -6.7,
        "netIncome": 64.5,
        "netIncomeAfterTaxes": 64.5,
        "nonRecurringItems": -0.5,
        "period": "2017-04-30",
        "pretaxIncome": 94.6,
        "provisionforIncomeTaxes": 30.1,
        "revenue": 496.1,
        "sgaExpense": 171.5,
        "totalOperatingExpense": 171.5,
        "totalOtherIncomeExpenseNet": -2.3
      },
      {
        "costOfGoodsSold": 182.3,
        "dilutedAverageSharesOutstanding": 58,
        "dilutedEPS": 0.86,
        "ebit": 76.1,
        "grossIncome": 225.1,
        "interestExpense": 5.641,
        "interestIncomeExpense": -5.4,
        "netIncome": 50,
        "netIncomeAfterTaxes": 50,
        "nonRecurringItems": -0.2,
        "period": "2017-01-31",
        "pretaxIncome": 70.4,
        "provisionforIncomeTaxes": 20.4,
        "revenue": 407.5,
        "sgaExpense": 149,
        "totalOperatingExpense": 149.1,
        "totalOtherIncomeExpenseNet": -0.2
      },
      {
        "costOfGoodsSold": 234.3,
        "dilutedAverageSharesOutstanding": 59.1,
        "dilutedEPS": 1.28,
        "ebit": 117.3,
        "grossIncome": 275,
        "interestExpense": 5.832,
        "interestIncomeExpense": -5.5,
        "netIncome": 75.9,
        "netIncomeAfterTaxes": 75.9,
        "nonRecurringItems": -5.2,
        "period": "2016-10-31",
        "pretaxIncome": 105.4,
        "provisionforIncomeTaxes": 29.5,
        "revenue": 509.3,
        "sgaExpense": 157.7,
        "totalOperatingExpense": 157.7,
        "totalOtherIncomeExpenseNet": -1.2
      },
      {
        "costOfGoodsSold": 216.7,
        "dilutedAverageSharesOutstanding": 57.6,
        "dilutedEPS": 1.46,
        "ebit": 125.4,
        "grossIncome": 273.2,
        "interestExpense": 4.647,
        "interestIncomeExpense": -3.1,
        "netIncome": 84.2,
        "netIncomeAfterTaxes": 84.2,
        "nonRecurringItems": -3.2,
        "period": "2016-07-31",
        "pretaxIncome": 117.2,
        "provisionforIncomeTaxes": 33,
        "revenue": 489.9,
        "sgaExpense": 147.8,
        "totalOperatingExpense": 147.8,
        "totalOtherIncomeExpenseNet": -1.8
      },
      {
        "costOfGoodsSold": 189.2,
        "dilutedAverageSharesOutstanding": 57.3,
        "dilutedEPS": 1.23,
        "ebit": 103.5,
        "grossIncome": 248.4,
        "interestExpense": 5,
        "interestIncomeExpense": -4.8,
        "netIncome": 70.6,
        "netIncomeAfterTaxes": 70.6,
        "nonRecurringItems": -2,
        "period": "2016-04-30",
        "pretaxIncome": 98.8,
        "provisionforIncomeTaxes": 28.2,
        "revenue": 437.6,
        "sgaExpense": 144.9,
        "totalOperatingExpense": 144.9,
        "totalOtherIncomeExpenseNet": 2.1
      },
      {
        "costOfGoodsSold": 175.3,
        "dilutedAverageSharesOutstanding": 57,
        "dilutedEPS": 0.72,
        "ebit": 53,
        "grossIncome": 196.9,
        "interestExpense": 5.844,
        "interestIncomeExpense": -5.7,
        "netIncome": 41.2,
        "netIncomeAfterTaxes": 41.2,
        "nonRecurringItems": -1,
        "period": "2016-01-31",
        "pretaxIncome": 47.1,
        "provisionforIncomeTaxes": 5.9,
        "revenue": 372.2,
        "sgaExpense": 143.9,
        "totalOperatingExpense": 143.9,
        "totalOtherIncomeExpenseNet": 0.8
      },
      {
        "costOfGoodsSold": 211.3,
        "dilutedAverageSharesOutstanding": 59.3,
        "dilutedEPS": 0.84,
        "ebit": 87,
        "grossIncome": 234.9,
        "interestExpense": 5.197,
        "interestIncomeExpense": -5,
        "netIncome": 49.6,
        "netIncomeAfterTaxes": 49.6,
        "nonRecurringItems": -11.4,
        "period": "2015-10-31",
        "pretaxIncome": 72.1,
        "provisionforIncomeTaxes": 22.5,
        "revenue": 446.2,
        "sgaExpense": 147.8,
        "totalOperatingExpense": 147.9,
        "totalOtherIncomeExpenseNet": 1.5
      }
    ],
    "symbol": "NDSN"
  }
}