{
  "symbol": "EXPD",
  "statement": "ic",
  "frequency": "annual",
  "timestamp": "2025-09-19T14:00:13.592068",
  "data": {
    "financials": [
      {
        "costOfGoodsSold": 7186.718,
        "depreciationAmortization": 61.09,
        "dilutedAverageSharesOutstanding": 141.722,
        "dilutedEPS": 5.7159,
        "ebit": 1041.323,
        "grossIncome": 3413.797,
        "interestIncomeExpense": 46.706,
        "minorityInterest": -1.56,
        "netIncome": 810.073,
        "netIncomeAfterTaxes": 811.633,
        "otherOperatingExpensesTotal": 274.386,
        "period": "2024-12-31",
        "pretaxIncome": 1094.8,
        "provisionforIncomeTaxes": 283.167,
        "revenue": 10600.515,
        "sgaExpense": 2036.998,
        "totalOperatingExpense": 2372.474,
        "totalOtherIncomeExpenseNet": 6.771,
        "year": 2024
      },
      {
        "costOfGoodsSold": 6054,
        "depreciationAmortization": 67.76,
        "dilutedAverageSharesOutstanding": 150.186,
        "dilutedEPS": 5.013,
        "ebit": 939.933,
        "grossIncome": 3246.11,
        "interestExpense": 4.8,
        "interestIncomeExpense": 65.651,
        "minorityInterest": 1.104,
        "netIncome": 752.883,
        "netIncomeAfterTaxes": 751.779,
        "otherOperatingExpensesTotal": 277.63,
        "period": "2023-12-31",
        "pretaxIncome": 1015.028,
        "provisionforIncomeTaxes": 263.249,
        "revenue": 9300.11,
        "sgaExpense": 1960.787,
        "totalOperatingExpense": 2306.177,
        "totalOtherIncomeExpenseNet": 9.444,
        "year": 2023
      },
      {
        "costOfGoodsSold": 12577,
        "depreciationAmortization": 57,
        "dilutedAverageSharesOutstanding": 164,
        "dilutedEPS": 8.26,
        "ebit": 1824,
        "grossIncome": 4494,
        "interestExpense": 23.277,
        "interestIncomeExpense": 2,
        "minorityInterest": -3,
        "netIncome": 1357,
        "netIncomeAfterTaxes": 1361,
        "otherOperatingExpensesTotal": 322,
        "period": "2022-12-31",
        "pretaxIncome": 1836,
        "provisionforIncomeTaxes": 475,
        "revenue": 17071,
        "sgaExpense": 2290,
        "totalOperatingExpense": 2670,
        "totalOtherIncomeExpenseNet": 9,
        "year": 2022
      },
      {
        "costOfGoodsSold": 12058,
        "depreciationAmortization": 51,
        "dilutedAverageSharesOutstanding": 171,
        "dilutedEPS": 8.27,
        "ebit": 1909,
        "grossIncome": 4465,
        "interestIncomeExpense": 9,
        "minorityInterest": -3,
        "netIncome": 1415,
        "netIncomeAfterTaxes": 1419,
        "otherOperatingExpensesTotal": 240,
        "period": "2021-12-31",
        "pretaxIncome": 1925,
        "provisionforIncomeTaxes": 506,
        "revenue": 16524,
        "sgaExpense": 2265,
        "totalOperatingExpense": 2556,
        "totalOtherIncomeExpenseNet": 6,
        "year": 2021
      },
      {
        "costOfGoodsSold": 6657,
        "depreciationAmortization": 57,
        "dilutedAverageSharesOutstanding": 171,
        "dilutedEPS": 4.07,
        "ebit": 940,
        "grossIncome": 2928,
        "interestIncomeExpense": 10,
        "minorityInterest": -2,
        "netIncome": 696,
        "netIncomeAfterTaxes": 698,
        "otherOperatingExpensesTotal": 204,
        "period": "2020-12-31",
        "pretaxIncome": 957,
        "provisionforIncomeTaxes": 258,
        "revenue": 9584,
        "sgaExpense": 1726,
        "totalOperatingExpense": 1987,
        "totalOtherIncomeExpenseNet": 6,
        "year": 2020
      },
      {
        "costOfGoodsSold": 5306,
        "depreciationAmortization": 51,
        "dilutedAverageSharesOutstanding": 174,
        "dilutedEPS": 3.39,
        "ebit": 767,
        "grossIncome": 2636,
        "interestIncomeExpense": 23,
        "minorityInterest": -2,
        "netIncome": 590,
        "netIncomeAfterTaxes": 592,
        "otherOperatingExpensesTotal": 186,
        "period": "2019-12-31",
        "pretaxIncome": 796,
        "provisionforIncomeTaxes": 204,
        "revenue": 7942,
        "sgaExpense": 1632,
        "totalOperatingExpense": 1870,
        "totalOtherIncomeExpenseNet": 6,
        "year": 2019
      },
      {
        "costOfGoodsSold": 5518,
        "depreciationAmortization": 54,
        "dilutedAverageSharesOutstanding": 178,
        "dilutedEPS": 3.47,
        "ebit": 797,
        "grossIncome": 2620,
        "interestIncomeExpense": 19,
        "minorityInterest": -2,
        "netIncome": 618,
        "netIncomeAfterTaxes": 639,
        "otherOperatingExpensesTotal": 178,
        "period": "2018-12-31",
        "pretaxIncome": 818,
        "provisionforIncomeTaxes": 180,
        "revenue": 8138,
        "sgaExpense": 1591,
        "totalOperatingExpense": 1824,
        "totalOtherIncomeExpenseNet": 3,
        "year": 2018
      },
      {
        "costOfGoodsSold": 4602,
        "depreciationAmortization": 49,
        "dilutedAverageSharesOutstanding": 182,
        "dilutedEPS": 2.68,
        "ebit": 700,
        "grossIncome": 2319,
        "interestIncomeExpense": 13,
        "minorityInterest": -1,
        "netIncome": 489,
        "netIncomeAfterTaxes": 451,
        "otherOperatingExpensesTotal": 138,
        "period": "2017-12-31",
        "pretaxIncome": 719,
        "provisionforIncomeTaxes": 267,
        "revenue": 6921,
        "sgaExpense": 1431,
        "totalOperatingExpense": 1619,
        "totalOtherIncomeExpenseNet": 5,
        "year": 2017
      },
      {
        "costOfGoodsSold": 3934,
        "depreciationAmortization": 47,
        "dilutedAverageSharesOutstanding": 183,
        "dilutedEPS": 2.36,
        "ebit": 670,
        "grossIncome": 2164,
        "interestIncomeExpense": 12,
        "minorityInterest": -2,
        "netIncome": 431,
        "netIncomeAfterTaxes": 433,
        "otherOperatingExpensesTotal": 139,
        "period": "2016-12-31",
        "pretaxIncome": 687,
        "provisionforIncomeTaxes": 254,
        "revenue": 6098,
        "sgaExpense": 1308,
        "totalOperatingExpense": 1494,
        "totalOtherIncomeExpenseNet": 5,
        "year": 2016
      },
      {
        "costOfGoodsSold": 4429,
        "depreciationAmortization": 46,
        "dilutedAverageSharesOutstanding": 190,
        "dilutedEPS": 2.4,
        "ebit": 721,
        "grossIncome": 2188,
        "interestIncomeExpense": 10,
        "minorityInterest": -2,
        "netIncome": 457,
        "netIncomeAfterTaxes": 459,
        "otherOperatingExpensesTotal": 132,
        "period": "2015-12-31",
        "pretaxIncome": 737,
        "provisionforIncomeTaxes": 277,
        "revenue": 6617,
        "sgaExpense": 1288,
        "totalOperatingExpense": 1466,
        "totalOtherIncomeExpenseNet": 5,
        "year": 2015
      }
    ],
    "symbol": "EXPD"
  }
}