{
  "symbol": "TRV",
  "statement": "ic",
  "frequency": "annual",
  "timestamp": "2025-09-19T14:07:43.317111",
  "data": {
    "financials": [
      {
        "benefitsClaimsLossAdjustment": 27059,
        "deferredPolicyAcquisitionExpense": 6973,
        "dilutedAverageSharesOutstanding": 231.1,
        "dilutedEPS": 21.4669,
        "ebit": 6582,
        "gainLossOnDispositionOfAssets": -5,
        "grossPremiumsEarned": 42863,
        "interestExpense": 392,
        "interestIncomeExpense": -392,
        "netIncome": 4961,
        "netIncomeAfterTaxes": 4999,
        "nonRecurringItems": -5,
        "period": "2024-12-31",
        "pretaxIncome": 6180,
        "provisionforIncomeTaxes": 1181,
        "revenue": 46423,
        "sgaExpense": 5819,
        "totalOperatingExpense": 39851,
        "year": 2024
      },
      {
        "benefitsClaimsLossAdjustment": 26215,
        "deferredPolicyAcquisitionExpense": 6226,
        "dilutedAverageSharesOutstanding": 232.2,
        "dilutedEPS": 12.7864,
        "ebit": 3759,
        "gainLossOnDispositionOfAssets": -9,
        "grossPremiumsEarned": 38547,
        "interestExpense": 376,
        "interestIncomeExpense": -376,
        "netIncome": 2969,
        "netIncomeAfterTaxes": 2991,
        "nonRecurringItems": -3,
        "period": "2023-12-31",
        "pretaxIncome": 3371,
        "provisionforIncomeTaxes": 380,
        "revenue": 41364,
        "sgaExpense": 5176,
        "totalOperatingExpense": 37617,
        "year": 2023
      },
      {
        "benefitsClaimsLossAdjustment": 22854,
        "deferredPolicyAcquisitionExpense": 5515,
        "dilutedAverageSharesOutstanding": 239.7,
        "dilutedEPS": 11.7731,
        "ebit": 3743,
        "gainLossOnDispositionOfAssets": -12,
        "grossPremiumsEarned": 34526,
        "interestExpense": 351,
        "interestIncomeExpense": -351,
        "netIncome": 2822,
        "netIncomeAfterTaxes": 2842,
        "nonRecurringItems": -26,
        "period": "2022-12-31",
        "pretaxIncome": 3354,
        "provisionforIncomeTaxes": 512,
        "revenue": 36922,
        "sgaExpense": 4810,
        "totalOperatingExpense": 33179,
        "year": 2022
      },
      {
        "benefitsClaimsLossAdjustment": 20298,
        "deferredPolicyAcquisitionExpense": 5043,
        "dilutedAverageSharesOutstanding": 250.8,
        "dilutedEPS": 14.4936,
        "ebit": 4800,
        "grossPremiumsEarned": 31612,
        "interestExpense": 340,
        "interestIncomeExpense": -340,
        "netIncome": 3635,
        "netIncomeAfterTaxes": 3662,
        "nonRecurringItems": -2,
        "period": "2021-12-31",
        "pretaxIncome": 4458,
        "provisionforIncomeTaxes": 796,
        "revenue": 34818,
        "sgaExpense": 4677,
        "totalOperatingExpense": 30018,
        "year": 2021
      },
      {
        "benefitsClaimsLossAdjustment": 19123,
        "deferredPolicyAcquisitionExpense": 4773,
        "dilutedAverageSharesOutstanding": 255,
        "dilutedEPS": 10.52,
        "ebit": 3631,
        "grossPremiumsEarned": 29752,
        "interestExpense": 339,
        "interestIncomeExpense": -339,
        "netIncome": 2678,
        "netIncomeAfterTaxes": 2697,
        "nonRecurringItems": -55,
        "period": "2020-12-31",
        "pretaxIncome": 3237,
        "provisionforIncomeTaxes": 540,
        "revenue": 32036,
        "sgaExpense": 4509,
        "totalOperatingExpense": 28405,
        "year": 2020
      },
      {
        "benefitsClaimsLossAdjustment": 19133,
        "deferredPolicyAcquisitionExpense": 4601,
        "dilutedAverageSharesOutstanding": 262,
        "dilutedEPS": 9.92,
        "ebit": 3486,
        "grossPremiumsEarned": 29000,
        "interestExpense": 344,
        "interestIncomeExpense": -344,
        "netIncome": 2603,
        "netIncomeAfterTaxes": 2622,
        "nonRecurringItems": -4,
        "period": "2019-12-31",
        "pretaxIncome": 3138,
        "provisionforIncomeTaxes": 516,
        "revenue": 31585,
        "sgaExpense": 4365,
        "totalOperatingExpense": 28099,
        "year": 2019
      },
      {
        "benefitsClaimsLossAdjustment": 18291,
        "deferredPolicyAcquisitionExpense": 4381,
        "dilutedAverageSharesOutstanding": 270,
        "dilutedEPS": 9.28,
        "ebit": 3314,
        "grossPremiumsEarned": 27694,
        "interestExpense": 352,
        "interestIncomeExpense": -352,
        "netIncome": 2504,
        "netIncomeAfterTaxes": 2523,
        "nonRecurringItems": -1,
        "period": "2018-12-31",
        "pretaxIncome": 2961,
        "provisionforIncomeTaxes": 438,
        "revenue": 30283,
        "sgaExpense": 4297,
        "totalOperatingExpense": 26969,
        "year": 2018
      },
      {
        "benefitsClaimsLossAdjustment": 17467,
        "deferredPolicyAcquisitionExpense": 4166,
        "dilutedAverageSharesOutstanding": 279,
        "dilutedEPS": 7.31,
        "ebit": 3113,
        "grossPremiumsEarned": 26289,
        "interestExpense": 369,
        "interestIncomeExpense": -369,
        "netIncome": 2041,
        "netIncomeAfterTaxes": 2185,
        "nonRecurringItems": -14,
        "period": "2017-12-31",
        "pretaxIncome": 2730,
        "provisionforIncomeTaxes": 545,
        "revenue": 28916,
        "sgaExpense": 4170,
        "totalOperatingExpense": 25803,
        "year": 2017
      },
      {
        "benefitsClaimsLossAdjustment": 15070,
        "deferredPolicyAcquisitionExpense": 3985,
        "dilutedAverageSharesOutstanding": 291,
        "dilutedEPS": 10.28,
        "ebit": 4445,
        "grossPremiumsEarned": 25255,
        "interestExpense": 363,
        "interestIncomeExpense": -363,
        "netIncome": 2992,
        "netIncomeAfterTaxes": 3014,
        "nonRecurringItems": -29,
        "period": "2016-12-31",
        "pretaxIncome": 4053,
        "provisionforIncomeTaxes": 1039,
        "revenue": 27654,
        "sgaExpense": 4154,
        "totalOperatingExpense": 23209,
        "year": 2016
      },
      {
        "benefitsClaimsLossAdjustment": 13723,
        "deferredPolicyAcquisitionExpense": 3885,
        "dilutedAverageSharesOutstanding": 314,
        "dilutedEPS": 10.88,
        "ebit": 5165,
        "grossPremiumsEarned": 24433,
        "interestExpense": 373,
        "interestIncomeExpense": -373,
        "netIncome": 3414,
        "netIncomeAfterTaxes": 3439,
        "nonRecurringItems": -52,
        "period": "2015-12-31",
        "pretaxIncome": 4740,
        "provisionforIncomeTaxes": 1301,
        "revenue": 26867,
        "sgaExpense": 4094,
        "totalOperatingExpense": 21702,
        "year": 2015
      }
    ],
    "symbol": "TRV"
  }
}