{
  "symbol": "OKE",
  "statement": "ic",
  "frequency": "quarterly",
  "timestamp": "2025-09-19T14:05:06.302696",
  "data": {
    "financials": [
      {
        "costOfGoodsSold": 5360,
        "depreciationAmortization": 368,
        "dilutedAverageSharesOutstanding": 628.1,
        "dilutedEPS": 1.339,
        "ebit": 1453,
        "grossIncome": 2527,
        "interestIncomeExpense": -357,
        "minorityInterest": -12,
        "netIncome": 841,
        "netIncomeAfterTaxes": 853,
        "nonRecurringItems": -22,
        "operationsMaintenance": 618,
        "otherOperatingExpensesTotal": 88,
        "otherRevenue": 7887,
        "period": "2025-06-30",
        "pretaxIncome": 1113,
        "provisionforIncomeTaxes": 260,
        "revenue": 7887,
        "totalOperatingExpense": 1074,
        "totalOtherIncomeExpenseNet": 39
      },
      {
        "costOfGoodsSold": 5655,
        "depreciationAmortization": 380,
        "dilutedAverageSharesOutstanding": 612.5,
        "dilutedEPS": 1.0384,
        "ebit": 1262,
        "grossIncome": 2388,
        "interestExpense": 442,
        "interestIncomeExpense": -334,
        "minorityInterest": -55,
        "netIncome": 636,
        "netIncomeAfterTaxes": 691,
        "nonRecurringItems": -42,
        "operationsMaintenance": 655,
        "otherOperatingExpensesTotal": 91,
        "otherRevenue": 8043,
        "period": "2025-03-31",
        "pretaxIncome": 888,
        "provisionforIncomeTaxes": 197,
        "revenue": 8043,
        "totalOperatingExpense": 1126,
        "totalOtherIncomeExpenseNet": 2
      },
      {
        "costOfGoodsSold": 4496,
        "depreciationAmortization": 344,
        "dilutedAverageSharesOutstanding": 587.7,
        "dilutedEPS": 1.5705,
        "ebit": 1624,
        "grossIncome": 2504,
        "interestExpense": 448,
        "interestIncomeExpense": -265,
        "minorityInterest": -77,
        "netIncome": 923,
        "netIncomeAfterTaxes": 1000,
        "nonRecurringItems": -56,
        "operationsMaintenance": 681,
        "otherOperatingExpensesTotal": -145,
        "otherRevenue": 7000,
        "period": "2024-12-31",
        "pretaxIncome": 1328,
        "provisionforIncomeTaxes": 328,
        "revenue": 7000,
        "totalOperatingExpense": 880,
        "totalOtherIncomeExpenseNet": 25
      },
      {
        "costOfGoodsSold": 3027,
        "depreciationAmortization": 274,
        "dilutedAverageSharesOutstanding": 586.7,
        "dilutedEPS": 1.1795,
        "ebit": 1138,
        "grossIncome": 1996,
        "interestExpense": 325,
        "interestIncomeExpense": -233,
        "netIncome": 692,
        "netIncomeAfterTaxes": 693,
        "nonRecurringItems": -10,
        "operationsMaintenance": 512,
        "otherOperatingExpensesTotal": 72,
        "otherRevenue": 5023,
        "period": "2024-09-30",
        "pretaxIncome": 912,
        "provisionforIncomeTaxes": 219,
        "revenue": 5023,
        "totalOperatingExpense": 858,
        "totalOtherIncomeExpenseNet": 17
      },
      {
        "costOfGoodsSold": 2891,
        "depreciationAmortization": 262,
        "dilutedAverageSharesOutstanding": 585.8,
        "dilutedEPS": 1.3315,
        "ebit": 1229,
        "grossIncome": 2003,
        "interestExpense": 298,
        "interestIncomeExpense": -210,
        "netIncome": 780,
        "netIncomeAfterTaxes": 780,
        "operationsMaintenance": 490,
        "otherOperatingExpensesTotal": 22,
        "otherRevenue": 4894,
        "period": "2024-06-30",
        "pretaxIncome": 1023,
        "provisionforIncomeTaxes": 243,
        "revenue": 4894,
        "totalOperatingExpense": 774,
        "totalOtherIncomeExpenseNet": 4
      },
      {
        "costOfGoodsSold": 2897,
        "depreciationAmortization": 254,
        "dilutedAverageSharesOutstanding": 585.7,
        "dilutedEPS": 1.091,
        "ebit": 1064,
        "grossIncome": 1884,
        "interestExpense": 300,
        "interestIncomeExpense": -224,
        "netIncome": 639,
        "netIncomeAfterTaxes": 639,
        "operationsMaintenance": 486,
        "otherOperatingExpensesTotal": 80,
        "otherRevenue": 4781,
        "period": "2024-03-31",
        "pretaxIncome": 847,
        "provisionforIncomeTaxes": 208,
        "revenue": 4781,
        "totalOperatingExpense": 820,
        "totalOtherIncomeExpenseNet": 7
      },
      {
        "costOfGoodsSold": 3301,
        "depreciationAmortization": 260,
        "dilutedAverageSharesOutstanding": 585.3,
        "dilutedEPS": 1.1755,
        "ebit": 1124,
        "grossIncome": 1934,
        "interestExpense": 305,
        "interestIncomeExpense": -235,
        "netIncome": 688,
        "netIncomeAfterTaxes": 688,
        "nonRecurringItems": -25,
        "operationsMaintenance": 486,
        "otherOperatingExpensesTotal": 64,
        "otherRevenue": 5235,
        "period": "2023-12-31",
        "pretaxIncome": 910,
        "provisionforIncomeTaxes": 222,
        "revenue": 5235,
        "totalOperatingExpense": 810,
        "totalOtherIncomeExpenseNet": 46
      },
      {
        "costOfGoodsSold": 2799,
        "depreciationAmortization": 177,
        "dilutedAverageSharesOutstanding": 458.2,
        "dilutedEPS": 0.9887,
        "ebit": 862,
        "grossIncome": 1390,
        "interestExpense": 215,
        "interestIncomeExpense": -166,
        "netIncome": 453,
        "netIncomeAfterTaxes": 454,
        "nonRecurringItems": -123,
        "operationsMaintenance": 308,
        "otherOperatingExpensesTotal": 43,
        "otherRevenue": 4189,
        "period": "2023-09-30",
        "pretaxIncome": 595,
        "provisionforIncomeTaxes": 141,
        "revenue": 4189,
        "totalOperatingExpense": 528,
        "totalOtherIncomeExpenseNet": 22
      },
      {
        "costOfGoodsSold": 2482,
        "depreciationAmortization": 170,
        "dilutedAverageSharesOutstanding": 449,
        "dilutedEPS": 1.0423,
        "ebit": 737,
        "grossIncome": 1250,
        "interestExpense": 180,
        "interestIncomeExpense": -137,
        "netIncome": 468,
        "netIncomeAfterTaxes": 468,
        "operationsMaintenance": 296,
        "otherOperatingExpensesTotal": 47,
        "otherRevenue": 3732,
        "period": "2023-06-30",
        "pretaxIncome": 613,
        "provisionforIncomeTaxes": 145,
        "revenue": 3732,
        "totalOperatingExpense": 513,
        "totalOtherIncomeExpenseNet": 13
      },
      {
        "costOfGoodsSold": 3347,
        "depreciationAmortization": 162,
        "dilutedAverageSharesOutstanding": 449,
        "dilutedEPS": 2.3363,
        "ebit": 1497,
        "grossIncome": 1174,
        "interestExpense": 166,
        "interestIncomeExpense": -126,
        "netIncome": 1049,
        "netIncomeAfterTaxes": 1049,
        "operationsMaintenance": 239,
        "otherOperatingExpensesTotal": -724,
        "otherRevenue": 4521,
        "period": "2023-03-31",
        "pretaxIncome": 1379,
        "provisionforIncomeTaxes": 330,
        "revenue": 4521,
        "totalOperatingExpense": -323,
        "totalOtherIncomeExpenseNet": 8
      },
      {
        "costOfGoodsSold": 3893.245,
        "depreciationAmortization": 157.415,
        "dilutedAverageSharesOutstanding": 448.984,
        "dilutedEPS": 1.0794,
        "ebit": 659.232,
        "grossIncome": 1138.786,
        "interestExpense": 166.202,
        "interestIncomeExpense": -129.632,
        "netIncome": 484.646,
        "netIncomeAfterTaxes": 484.921,
        "nonRecurringItems": 97.58,
        "operationsMaintenance": 274.739,
        "otherOperatingExpensesTotal": 47.4,
        "otherRevenue": 5032.031,
        "period": "2022-12-31",
        "pretaxIncome": 627.075,
        "provisionforIncomeTaxes": 142.154,
        "revenue": 5032.031,
        "totalOperatingExpense": 479.554,
        "totalOtherIncomeExpenseNet": -0.957
      },
      {
        "costOfGoodsSold": 4772.674,
        "depreciationAmortization": 157.102,
        "dilutedAverageSharesOutstanding": 448.217,
        "dilutedEPS": 0.9627,
        "ebit": 697.571,
        "grossIncome": 1140.857,
        "interestExpense": 166.939,
        "interestIncomeExpense": -127.759,
        "netIncome": 431.476,
        "netIncomeAfterTaxes": 431.751,
        "nonRecurringItems": 1.63,
        "operationsMaintenance": 238.414,
        "otherOperatingExpensesTotal": 47.77,
        "otherRevenue": 5913.531,
        "period": "2022-09-30",
        "pretaxIncome": 563.88,
        "provisionforIncomeTaxes": 132.129,
        "revenue": 5913.531,
        "totalOperatingExpense": 443.286,
        "totalOtherIncomeExpenseNet": -8.296
      },
      {
        "costOfGoodsSold": 4877.999,
        "depreciationAmortization": 157.757,
        "dilutedAverageSharesOutstanding": 448.182,
        "dilutedEPS": 0.924,
        "ebit": 683.501,
        "grossIncome": 1118.722,
        "interestExpense": 170.751,
        "interestIncomeExpense": -135.121,
        "netIncome": 414.103,
        "netIncomeAfterTaxes": 414.378,
        "nonRecurringItems": 5.449,
        "operationsMaintenance": 230.687,
        "otherOperatingExpensesTotal": 46.777,
        "otherRevenue": 5996.721,
        "period": "2022-06-30",
        "pretaxIncome": 545.099,
        "provisionforIncomeTaxes": 130.721,
        "revenue": 5996.721,
        "totalOperatingExpense": 435.221,
        "totalOtherIncomeExpenseNet": -9.324
      },
      {
        "costOfGoodsSold": 4365.948,
        "depreciationAmortization": 153.858,
        "dilutedAverageSharesOutstanding": 448.404,
        "dilutedEPS": 0.8718,
        "ebit": 660.886,
        "grossIncome": 1078.661,
        "interestExpense": 172.054,
        "interestIncomeExpense": -135.714,
        "netIncome": 390.896,
        "netIncomeAfterTaxes": 391.171,
        "nonRecurringItems": 1.57,
        "operationsMaintenance": 214.406,
        "otherOperatingExpensesTotal": 49.511,
        "otherRevenue": 5444.609,
        "period": "2022-03-31",
        "pretaxIncome": 513.591,
        "provisionforIncomeTaxes": 122.42,
        "revenue": 5444.609,
        "totalOperatingExpense": 417.775,
        "totalOtherIncomeExpenseNet": -13.522
      },
      {
        "costOfGoodsSold": 4319.039,
        "depreciationAmortization": 153.118,
        "dilutedAverageSharesOutstanding": 448.261,
        "dilutedEPS": 0.8457,
        "ebit": 652.219,
        "grossIncome": 1101.452,
        "interestExpense": 178.395,
        "interestIncomeExpense": -143.488,
        "netIncome": 379.098,
        "netIncomeAfterTaxes": 379.373,
        "nonRecurringItems": -0.052,
        "operationsMaintenance": 255.579,
        "otherOperatingExpensesTotal": 40.536,
        "otherRevenue": 5420.491,
        "period": "2021-12-31",
        "pretaxIncome": 509.771,
        "provisionforIncomeTaxes": 130.398,
        "revenue": 5420.491,
        "totalOperatingExpense": 449.233,
        "totalOtherIncomeExpenseNet": 0.895
      },
      {
        "costOfGoodsSold": 3449.127,
        "depreciationAmortization": 154.542,
        "dilutedAverageSharesOutstanding": 447.635,
        "dilutedEPS": 0.8751,
        "ebit": 667.389,
        "grossIncome": 1087.048,
        "interestExpense": 184.049,
        "interestIncomeExpense": -155.476,
        "netIncome": 391.743,
        "netIncomeAfterTaxes": 392.018,
        "nonRecurringItems": 0.47,
        "operationsMaintenance": 225.364,
        "otherOperatingExpensesTotal": 39.753,
        "otherRevenue": 4536.175,
        "period": "2021-09-30",
        "pretaxIncome": 513.917,
        "provisionforIncomeTaxes": 121.899,
        "revenue": 4536.175,
        "totalOperatingExpense": 419.659,
        "totalOtherIncomeExpenseNet": 1.287
      },
      {
        "costOfGoodsSold": 2366.979,
        "depreciationAmortization": 156.921,
        "dilutedAverageSharesOutstanding": 446.903,
        "dilutedEPS": 0.765,
        "ebit": 610.805,
        "grossIncome": 1021.985,
        "interestExpense": 184.957,
        "interestIncomeExpense": -159.237,
        "netIncome": 341.864,
        "netIncomeAfterTaxes": 342.139,
        "nonRecurringItems": 0.707,
        "operationsMaintenance": 212.319,
        "otherOperatingExpensesTotal": 41.94,
        "otherRevenue": 3388.964,
        "period": "2021-06-30",
        "pretaxIncome": 452.208,
        "provisionforIncomeTaxes": 110.069,
        "revenue": 3388.964,
        "totalOperatingExpense": 411.18,
        "totalOtherIncomeExpenseNet": -0.493
      },
      {
        "costOfGoodsSold": 2121.5,
        "depreciationAmortization": 157.1,
        "dilutedAverageSharesOutstanding": 446.9,
        "dilutedEPS": 0.86,
        "ebit": 664.4,
        "grossIncome": 1073.2,
        "interestExpense": 185.523,
        "interestIncomeExpense": -152.2,
        "netIncome": 385.9,
        "netIncomeAfterTaxes": 386.2,
        "nonRecurringItems": 0.3,
        "operationsMaintenance": 207.2,
        "otherOperatingExpensesTotal": 44.4,
        "otherRevenue": 3194.7,
        "period": "2021-03-31",
        "pretaxIncome": 508.3,
        "provisionforIncomeTaxes": 122.1,
        "revenue": 3194.7,
        "totalOperatingExpense": 408.8,
        "totalOtherIncomeExpenseNet": -4.2
      },
      {
        "costOfGoodsSold": 1627.1,
        "depreciationAmortization": 152.6,
        "dilutedAverageSharesOutstanding": 446.1,
        "dilutedEPS": 0.69,
        "ebit": 541.1,
        "grossIncome": 943.5,
        "interestExpense": 176.931,
        "interestIncomeExpense": -141.7,
        "minorityInterest": 0,
        "netIncome": 307.8,
        "netIncomeAfterTaxes": 308,
        "nonRecurringItems": -2.3,
        "operationsMaintenance": 222.4,
        "otherOperatingExpensesTotal": 27.4,
        "otherRevenue": 2570.6,
        "period": "2020-12-31",
        "pretaxIncome": 403.2,
        "provisionforIncomeTaxes": 95.2,
        "revenue": 2570.6,
        "totalOperatingExpense": 402.4,
        "totalOtherIncomeExpenseNet": 6.1
      },
      {
        "costOfGoodsSold": 1265.7,
        "depreciationAmortization": 153.2,
        "dilutedAverageSharesOutstanding": 445.5,
        "dilutedEPS": 0.7,
        "ebit": 550.4,
        "grossIncome": 908.6,
        "interestExpense": 176.371,
        "interestIncomeExpense": -138.3,
        "netIncome": 312,
        "netIncomeAfterTaxes": 312.3,
        "nonRecurringItems": 2.2,
        "operationsMaintenance": 173.5,
        "otherOperatingExpensesTotal": 31.4,
        "otherRevenue": 2174.3,
        "period": "2020-09-30",
        "pretaxIncome": 418.9,
        "provisionforIncomeTaxes": 106.6,
        "revenue": 2174.3,
        "totalOperatingExpense": 358.1,
        "totalOtherIncomeExpenseNet": 4.6
      },
      {
        "costOfGoodsSold": 940.5,
        "depreciationAmortization": 140.4,
        "dilutedAverageSharesOutstanding": 420.1,
        "dilutedEPS": 0.32,
        "ebit": 355.4,
        "grossIncome": 720.2,
        "interestExpense": 218.968,
        "interestIncomeExpense": -193.6,
        "netIncome": 134,
        "netIncomeAfterTaxes": 134.3,
        "nonRecurringItems": 4.5,
        "operationsMaintenance": 190.1,
        "otherOperatingExpensesTotal": 34.3,
        "otherRevenue": 1660.7,
        "period": "2020-06-30",
        "pretaxIncome": 177.5,
        "provisionforIncomeTaxes": 43.1,
        "revenue": 1660.7,
        "totalOperatingExpense": 364.8,
        "totalOtherIncomeExpenseNet": 11.2
      },
      {
        "costOfGoodsSold": 1276.9,
        "depreciationAmortization": 132.4,
        "dilutedAverageSharesOutstanding": 414.3,
        "dilutedEPS": -0.34,
        "ebit": 520.4,
        "grossIncome": 859.8,
        "interestExpense": 140.616,
        "interestIncomeExpense": -96,
        "netIncome": -142.1,
        "netIncomeAfterTaxes": -141.9,
        "nonRecurringItems": -625.8,
        "operationsMaintenance": 175.1,
        "otherOperatingExpensesTotal": 31.9,
        "otherRevenue": 2136.7,
        "period": "2020-03-31",
        "pretaxIncome": -197.3,
        "provisionforIncomeTaxes": -55.4,
        "revenue": 2136.7,
        "totalOperatingExpense": 339.4,
        "totalOtherIncomeExpenseNet": 4.1
      },
      {
        "costOfGoodsSold": 1791.3,
        "depreciationAmortization": 126,
        "dilutedAverageSharesOutstanding": 415.9,
        "dilutedEPS": 0.77,
        "ebit": 487,
        "grossIncome": 872.3,
        "interestExpense": 129.283,
        "interestIncomeExpense": -89.9,
        "minorityInterest": 0,
        "netIncome": 320,
        "netIncomeAfterTaxes": 320.3,
        "nonRecurringItems": 0.3,
        "operationsMaintenance": 230,
        "otherOperatingExpensesTotal": 27.9,
        "otherRevenue": 2663.6,
        "period": "2019-12-31",
        "pretaxIncome": 418.4,
        "provisionforIncomeTaxes": 98.2,
        "revenue": 2663.6,
        "sgaExpense": 1.4,
        "totalOperatingExpense": 385.3,
        "totalOtherIncomeExpenseNet": 21
      },
      {
        "costOfGoodsSold": 1414.5,
        "depreciationAmortization": 121.4,
        "dilutedAverageSharesOutstanding": 415.6,
        "dilutedEPS": 0.74,
        "ebit": 482.2,
        "grossIncome": 848.7,
        "interestExpense": 129.577,
        "interestIncomeExpense": -92,
        "minorityInterest": 0,
        "netIncome": 308.9,
        "netIncomeAfterTaxes": 309.2,
        "nonRecurringItems": 0,
        "operationsMaintenance": 216.6,
        "otherOperatingExpensesTotal": 26.8,
        "otherRevenue": 2263.2,
        "period": "2019-09-30",
        "pretaxIncome": 406.5,
        "provisionforIncomeTaxes": 97.4,
        "revenue": 2263.2,
        "sgaExpense": 1.8,
        "totalOperatingExpense": 366.6,
        "totalOtherIncomeExpenseNet": 16.4
      },
      {
        "costOfGoodsSold": 1625.8,
        "depreciationAmortization": 115,
        "dilutedAverageSharesOutstanding": 415,
        "dilutedEPS": 0.75,
        "ebit": 479.1,
        "grossIncome": 831.8,
        "interestExpense": 117.493,
        "interestIncomeExpense": -83.4,
        "minorityInterest": 0,
        "netIncome": 311.7,
        "netIncomeAfterTaxes": 312,
        "nonRecurringItems": -3,
        "operationsMaintenance": 204.9,
        "otherOperatingExpensesTotal": 30.9,
        "otherRevenue": 2457.6,
        "period": "2019-06-30",
        "pretaxIncome": 410.9,
        "provisionforIncomeTaxes": 98.9,
        "revenue": 2457.6,
        "sgaExpense": 1.9,
        "totalOperatingExpense": 352.6,
        "totalOtherIncomeExpenseNet": 18.1
      },
      {
        "costOfGoodsSold": 1956.4,
        "depreciationAmortization": 114.2,
        "dilutedAverageSharesOutstanding": 415.2,
        "dilutedEPS": 0.81,
        "ebit": 468.6,
        "grossIncome": 823.6,
        "interestExpense": 115.42,
        "interestIncomeExpense": -71.9,
        "minorityInterest": 0,
        "netIncome": 336.9,
        "netIncomeAfterTaxes": 337.2,
        "nonRecurringItems": 0.1,
        "operationsMaintenance": 205.5,
        "otherOperatingExpensesTotal": 33.5,
        "otherRevenue": 2780,
        "period": "2019-03-31",
        "pretaxIncome": 415.1,
        "provisionforIncomeTaxes": 77.9,
        "revenue": 2780,
        "sgaExpense": 1.7,
        "totalOperatingExpense": 354.9,
        "totalOtherIncomeExpenseNet": 18.3
      },
      {
        "costOfGoodsSold": 2318.1,
        "depreciationAmortization": 110.6,
        "dilutedAverageSharesOutstanding": 414.7,
        "dilutedEPS": 0.71,
        "ebit": 471.6,
        "grossIncome": 818.6,
        "interestExpense": 118.489,
        "interestIncomeExpense": -76.2,
        "minorityInterest": 0,
        "netIncome": 292.6,
        "netIncomeAfterTaxes": 292.9,
        "nonRecurringItems": 0.3,
        "operationsMaintenance": 213.7,
        "otherOperatingExpensesTotal": 22.7,
        "otherRevenue": 3136.7,
        "period": "2018-12-31",
        "pretaxIncome": 389.5,
        "provisionforIncomeTaxes": 96.6,
        "revenue": 3136.7,
        "totalOperatingExpense": 347,
        "totalOtherIncomeExpenseNet": -6.2
      },
      {
        "costOfGoodsSold": 2560.8,
        "depreciationAmortization": 107.4,
        "dilutedAverageSharesOutstanding": 414.8,
        "dilutedEPS": 0.75,
        "ebit": 495.3,
        "grossIncome": 833.1,
        "interestExpense": 121.91,
        "interestIncomeExpense": -82.6,
        "minorityInterest": -0.7,
        "netIncome": 313,
        "netIncomeAfterTaxes": 313.9,
        "nonRecurringItems": 0.2,
        "operationsMaintenance": 206.2,
        "otherOperatingExpensesTotal": 24.1,
        "otherRevenue": 3393.9,
        "period": "2018-09-30",
        "pretaxIncome": 416.9,
        "provisionforIncomeTaxes": 103,
        "revenue": 3393.9,
        "totalOperatingExpense": 337.8,
        "totalOtherIncomeExpenseNet": 4
      },
      {
        "costOfGoodsSold": 2175.8,
        "depreciationAmortization": 106.3,
        "dilutedAverageSharesOutstanding": 414.6,
        "dilutedEPS": 0.68,
        "ebit": 448.3,
        "grossIncome": 784.7,
        "interestExpense": 113.496,
        "interestIncomeExpense": -76.9,
        "minorityInterest": -1.1,
        "netIncome": 280.8,
        "netIncomeAfterTaxes": 282.2,
        "nonRecurringItems": 0.1,
        "operationsMaintenance": 202,
        "otherOperatingExpensesTotal": 28.1,
        "otherRevenue": 2960.5,
        "period": "2018-06-30",
        "pretaxIncome": 369.7,
        "provisionforIncomeTaxes": 87.5,
        "revenue": 2960.5,
        "totalOperatingExpense": 336.5,
        "totalOtherIncomeExpenseNet": -1.7
      },
      {
        "costOfGoodsSold": 2368,
        "depreciationAmortization": 104.2,
        "dilutedAverageSharesOutstanding": 412.2,
        "dilutedEPS": 0.64,
        "ebit": 419.6,
        "grossIncome": 734.1,
        "interestExpense": 115.725,
        "interestIncomeExpense": -75.5,
        "minorityInterest": -1.5,
        "netIncome": 264.2,
        "netIncomeAfterTaxes": 266,
        "nonRecurringItems": 0.1,
        "operationsMaintenance": 181.2,
        "otherOperatingExpensesTotal": 29,
        "otherRevenue": 3102.1,
        "period": "2018-03-31",
        "pretaxIncome": 341.8,
        "provisionforIncomeTaxes": 75.8,
        "revenue": 3102.1,
        "totalOperatingExpense": 314.5,
        "totalOtherIncomeExpenseNet": -2.4
      },
      {
        "costOfGoodsSold": 3073.8,
        "depreciationAmortization": 103.8,
        "dilutedAverageSharesOutstanding": 388.1,
        "dilutedEPS": 0.16,
        "ebit": 400.6,
        "grossIncome": 718.4,
        "interestExpense": 124.19,
        "interestIncomeExpense": -83.9,
        "minorityInterest": -1.8,
        "netIncome": 62.8,
        "netIncomeAfterTaxes": 206.1,
        "nonRecurringItems": 0,
        "operationsMaintenance": 191.8,
        "otherOperatingExpensesTotal": 22.3,
        "otherRevenue": 3792.2,
        "period": "2017-12-31",
        "pretaxIncome": 316.2,
        "provisionforIncomeTaxes": 110.1,
        "revenue": 3792.2,
        "totalOperatingExpense": 317.8,
        "totalOtherIncomeExpenseNet": -0.5
      },
      {
        "costOfGoodsSold": 2229.4,
        "depreciationAmortization": 102.3,
        "dilutedAverageSharesOutstanding": 383.4,
        "dilutedEPS": 0.43,
        "ebit": 370.4,
        "grossIncome": 677,
        "interestExpense": 126.533,
        "interestIncomeExpense": -86.5,
        "minorityInterest": -0.8,
        "netIncome": 165.5,
        "netIncomeAfterTaxes": 166.5,
        "nonRecurringItems": -20,
        "operationsMaintenance": 179.7,
        "otherOperatingExpensesTotal": 24.6,
        "otherRevenue": 2906.4,
        "period": "2017-09-30",
        "pretaxIncome": 263.7,
        "provisionforIncomeTaxes": 97.1,
        "revenue": 2906.4,
        "totalOperatingExpense": 306.6,
        "totalOtherIncomeExpenseNet": -0.3
      },
      {
        "costOfGoodsSold": 2091,
        "depreciationAmortization": 100.8,
        "dilutedAverageSharesOutstanding": 214,
        "dilutedEPS": 0.33,
        "ebit": 318.9,
        "grossIncome": 634.8,
        "interestExpense": 118.473,
        "interestIncomeExpense": -79.1,
        "minorityInterest": -104.3,
        "netIncome": 71.5,
        "netIncomeAfterTaxes": 176,
        "nonRecurringItems": 0.6,
        "operationsMaintenance": 190.8,
        "otherOperatingExpensesTotal": 24.3,
        "otherRevenue": 2725.8,
        "period": "2017-06-30",
        "pretaxIncome": 219.8,
        "provisionforIncomeTaxes": 43.8,
        "revenue": 2725.8,
        "totalOperatingExpense": 315.9,
        "totalOtherIncomeExpenseNet": -20.5
      },
      {
        "costOfGoodsSold": 2143.8,
        "depreciationAmortization": 99.4,
        "dilutedAverageSharesOutstanding": 213.6,
        "dilutedEPS": 0.41,
        "ebit": 317.1,
        "grossIncome": 605.8,
        "interestExpense": 116.462,
        "interestIncomeExpense": -76.9,
        "minorityInterest": -98.8,
        "netIncome": 87.4,
        "netIncomeAfterTaxes": 186.2,
        "nonRecurringItems": 0,
        "operationsMaintenance": 162.1,
        "otherOperatingExpensesTotal": 27.2,
        "otherRevenue": 2749.6,
        "period": "2017-03-31",
        "pretaxIncome": 241.1,
        "provisionforIncomeTaxes": 54.9,
        "revenue": 2749.6,
        "totalOperatingExpense": 288.7,
        "totalOtherIncomeExpenseNet": 0.9
      },
      {
        "costOfGoodsSold": 2021.5,
        "depreciationAmortization": 99.3,
        "dilutedAverageSharesOutstanding": 213.2,
        "dilutedEPS": 0.43,
        "ebit": 329.5,
        "grossIncome": 633,
        "interestExpense": 114.188,
        "interestIncomeExpense": -74.9,
        "minorityInterest": -104,
        "netIncome": 90.5,
        "netIncomeAfterTaxes": 194.8,
        "nonRecurringItems": 0.1,
        "operationsMaintenance": 179.9,
        "otherOperatingExpensesTotal": 24.3,
        "otherRevenue": 2654.5,
        "period": "2016-12-31",
        "pretaxIncome": 249.6,
        "provisionforIncomeTaxes": 54.9,
        "revenue": 2654.5,
        "totalOperatingExpense": 303.5,
        "totalOtherIncomeExpenseNet": -5
      },
      {
        "costOfGoodsSold": 1751.6,
        "depreciationAmortization": 98.6,
        "dilutedAverageSharesOutstanding": 212.9,
        "dilutedEPS": 0.44,
        "ebit": 323.7,
        "grossIncome": 606.3,
        "interestExpense": 118.24,
        "interestIncomeExpense": -83.1,
        "minorityInterest": -102.1,
        "netIncome": 92.1,
        "netIncomeAfterTaxes": 194.8,
        "nonRecurringItems": 5.7,
        "operationsMaintenance": 165.7,
        "otherOperatingExpensesTotal": 18.5,
        "otherRevenue": 2357.9,
        "period": "2016-09-30",
        "pretaxIncome": 249.8,
        "provisionforIncomeTaxes": 55,
        "revenue": 2357.9,
        "totalOperatingExpense": 282.7,
        "totalOtherIncomeExpenseNet": 3.5
      },
      {
        "costOfGoodsSold": 1527.3,
        "depreciationAmortization": 99.2,
        "dilutedAverageSharesOutstanding": 212.6,
        "dilutedEPS": 0.41,
        "ebit": 315.7,
        "grossIncome": 606.8,
        "interestExpense": 118.976,
        "interestIncomeExpense": -86.6,
        "minorityInterest": -93.9,
        "netIncome": 85.9,
        "netIncomeAfterTaxes": 180.1,
        "nonRecurringItems": -0.4,
        "operationsMaintenance": 167.7,
        "otherOperatingExpensesTotal": 24.2,
        "otherRevenue": 2134.1,
        "period": "2016-06-30",
        "pretaxIncome": 232.5,
        "provisionforIncomeTaxes": 52.5,
        "revenue": 2134.1,
        "totalOperatingExpense": 291.1,
        "totalOtherIncomeExpenseNet": 3.9
      },
      {
        "costOfGoodsSold": 1195.7,
        "depreciationAmortization": 94.5,
        "dilutedAverageSharesOutstanding": 211.1,
        "dilutedEPS": 0.4,
        "ebit": 307.2,
        "grossIncome": 578.8,
        "interestExpense": 118.247,
        "interestIncomeExpense": -85.3,
        "minorityInterest": -91.5,
        "netIncome": 83.4,
        "netIncomeAfterTaxes": 175.9,
        "nonRecurringItems": 4.2,
        "operationsMaintenance": 155.1,
        "otherOperatingExpensesTotal": 21.9,
        "otherRevenue": 1774.5,
        "period": "2016-03-31",
        "pretaxIncome": 226,
        "provisionforIncomeTaxes": 50.1,
        "revenue": 1774.5,
        "totalOperatingExpense": 271.5,
        "totalOtherIncomeExpenseNet": -0.1
      },
      {
        "costOfGoodsSold": 1333.3,
        "depreciationAmortization": 93.4,
        "dilutedAverageSharesOutstanding": 210.6,
        "dilutedEPS": 0.13,
        "ebit": 319.4,
        "grossIncome": 597.6,
        "interestExpense": 110.73,
        "interestIncomeExpense": -78.6,
        "minorityInterest": 53.7,
        "netIncome": 25.5,
        "netIncomeAfterTaxes": -26.3,
        "nonRecurringItems": -258,
        "operationsMaintenance": 163.6,
        "otherOperatingExpensesTotal": 21.2,
        "otherRevenue": 1930.9,
        "period": "2015-12-31",
        "pretaxIncome": -13.6,
        "provisionforIncomeTaxes": 12.7,
        "revenue": 1930.9,
        "totalOperatingExpense": 278.2,
        "totalOtherIncomeExpenseNet": 3.6
      },
      {
        "costOfGoodsSold": 1360.8,
        "depreciationAmortization": 88.3,
        "dilutedAverageSharesOutstanding": 210.5,
        "dilutedEPS": 0.41,
        "ebit": 285.6,
        "grossIncome": 538.1,
        "interestExpense": 106.923,
        "interestIncomeExpense": -74.7,
        "minorityInterest": -78.7,
        "netIncome": 82.2,
        "netIncomeAfterTaxes": 164.7,
        "nonRecurringItems": -0.7,
        "operationsMaintenance": 147,
        "otherOperatingExpensesTotal": 17.2,
        "otherRevenue": 1898.9,
        "period": "2015-09-30",
        "pretaxIncome": 203,
        "provisionforIncomeTaxes": 38.3,
        "revenue": 1898.9,
        "totalOperatingExpense": 252.5,
        "totalOtherIncomeExpenseNet": -7.2
      }
    ],
    "symbol": "OKE"
  }
}