{
  "symbol": "ES",
  "statement": "ic",
  "frequency": "annual",
  "timestamp": "2025-09-19T14:00:06.513944",
  "data": {
    "financials": [
      {
        "depreciationAmortization": 1433.503,
        "dilutedAverageSharesOutstanding": 357.7794,
        "dilutedEPS": 2.2686,
        "ebit": 2705.709,
        "interestExpense": 1111.336,
        "interestIncomeExpense": -920.636,
        "minorityInterest": -7.519,
        "netIncome": 811.653,
        "netIncomeAfterTaxes": 819.172,
        "nonRecurringItems": -761.019,
        "operationsMaintenance": 2012.926,
        "otherOperatingExpensesTotal": 2012.593,
        "period": "2024-12-31",
        "pretaxIncome": 1243.836,
        "provisionforIncomeTaxes": 424.664,
        "purchasedFuelPowerGas": 3736.078,
        "revenue": 11900.809,
        "totalOperatingExpense": 9195.1,
        "totalOtherIncomeExpenseNet": 219.782,
        "year": 2024
      },
      {
        "depreciationAmortization": 1305.84,
        "dilutedAverageSharesOutstanding": 349.5806,
        "dilutedEPS": -1.2651,
        "ebit": 2395.035,
        "interestExpense": 855.441,
        "interestIncomeExpense": -750.641,
        "minorityInterest": -7.519,
        "netIncome": -442.24,
        "netIncomeAfterTaxes": -434.721,
        "nonRecurringItems": -2162.7,
        "operationsMaintenance": 1895.703,
        "otherOperatingExpensesTotal": 1141.586,
        "period": "2023-12-31",
        "pretaxIncome": -275.037,
        "provisionforIncomeTaxes": 159.684,
        "purchasedFuelPowerGas": 5168.241,
        "revenue": 11906.405,
        "totalOperatingExpense": 9511.37,
        "totalOtherIncomeExpenseNet": 243.269,
        "year": 2023
      },
      {
        "depreciationAmortization": 1194,
        "dilutedAverageSharesOutstanding": 347,
        "dilutedEPS": 4.05,
        "ebit": 2126,
        "gainLossOnDispositionOfAssets": 3,
        "interestExpense": 678.274,
        "interestIncomeExpense": -603,
        "minorityInterest": -8,
        "netIncome": 1405,
        "netIncomeAfterTaxes": 1412,
        "nonRecurringItems": 72,
        "operationsMaintenance": 1865,
        "otherOperatingExpensesTotal": 2018,
        "period": "2022-12-31",
        "pretaxIncome": 1866,
        "provisionforIncomeTaxes": 454,
        "purchasedFuelPowerGas": 5014,
        "revenue": 12217,
        "totalOperatingExpense": 10091,
        "totalOtherIncomeExpenseNet": 268,
        "year": 2022
      },
      {
        "depreciationAmortization": 1103,
        "dilutedAverageSharesOutstanding": 345,
        "dilutedEPS": 3.54,
        "ebit": 2072,
        "interestExpense": 582.334,
        "interestIncomeExpense": -543,
        "minorityInterest": -8,
        "netIncome": 1221,
        "netIncomeAfterTaxes": 1228,
        "nonRecurringItems": -79,
        "operationsMaintenance": 1740,
        "otherOperatingExpensesTotal": 1655,
        "period": "2021-12-31",
        "pretaxIncome": 1572,
        "provisionforIncomeTaxes": 344,
        "purchasedFuelPowerGas": 3372,
        "revenue": 9942,
        "totalOperatingExpense": 7869,
        "totalOtherIncomeExpenseNet": 122,
        "year": 2021
      },
      {
        "depreciationAmortization": 981,
        "dilutedAverageSharesOutstanding": 340,
        "dilutedEPS": 3.55,
        "ebit": 1986,
        "gainLossOnDispositionOfAssets": 2,
        "interestExpense": 538.452,
        "interestIncomeExpense": -518,
        "minorityInterest": -8,
        "netIncome": 1205,
        "netIncomeAfterTaxes": 1213,
        "nonRecurringItems": 3,
        "operationsMaintenance": 1480,
        "otherOperatingExpensesTotal": 1466,
        "period": "2020-12-31",
        "pretaxIncome": 1559,
        "provisionforIncomeTaxes": 346,
        "purchasedFuelPowerGas": 2988,
        "revenue": 8902,
        "totalOperatingExpense": 6916,
        "totalOtherIncomeExpenseNet": 87,
        "year": 2020
      },
      {
        "depreciationAmortization": 885,
        "dilutedAverageSharesOutstanding": 323,
        "dilutedEPS": 2.81,
        "ebit": 1825,
        "gainLossOnDispositionOfAssets": 0,
        "interestExpense": 533.197,
        "interestIncomeExpense": -477,
        "minorityInterest": -8,
        "netIncome": 909,
        "netIncomeAfterTaxes": 917,
        "nonRecurringItems": -235,
        "operationsMaintenance": 1363,
        "otherOperatingExpensesTotal": 1408,
        "period": "2019-12-31",
        "pretaxIncome": 1190,
        "provisionforIncomeTaxes": 273,
        "purchasedFuelPowerGas": 3040,
        "revenue": 8522,
        "totalOperatingExpense": 6696,
        "totalOtherIncomeExpenseNet": 77,
        "year": 2019
      },
      {
        "depreciationAmortization": 820,
        "dilutedAverageSharesOutstanding": 318,
        "dilutedEPS": 3.26,
        "ebit": 1724,
        "interestExpense": 498.805,
        "interestIncomeExpense": -499,
        "minorityInterest": -8,
        "netIncome": 1033,
        "netIncomeAfterTaxes": 1046,
        "nonRecurringItems": -24,
        "operationsMaintenance": 1335,
        "otherOperatingExpensesTotal": 1454,
        "period": "2018-12-31",
        "pretaxIncome": 1329,
        "provisionforIncomeTaxes": 284,
        "purchasedFuelPowerGas": 3139,
        "revenue": 8473,
        "totalOperatingExpense": 6749,
        "totalOtherIncomeExpenseNet": 128,
        "year": 2018
      },
      {
        "depreciationAmortization": 774,
        "dilutedAverageSharesOutstanding": 318,
        "dilutedEPS": 3.11,
        "ebit": 1888,
        "interestExpense": 421.755,
        "interestIncomeExpense": -422,
        "minorityInterest": -8,
        "netIncome": 988,
        "netIncomeAfterTaxes": 996,
        "operationsMaintenance": 1307,
        "otherOperatingExpensesTotal": 1248,
        "period": "2017-12-31",
        "pretaxIncome": 1574,
        "provisionforIncomeTaxes": 579,
        "purchasedFuelPowerGas": 2535,
        "revenue": 7752,
        "totalOperatingExpense": 5864,
        "totalOtherIncomeExpenseNet": 108,
        "year": 2017
      },
      {
        "depreciationAmortization": 715,
        "dilutedAverageSharesOutstanding": 318,
        "dilutedEPS": 2.96,
        "ebit": 1860,
        "interestExpense": 400.961,
        "interestIncomeExpense": -401,
        "minorityInterest": -8,
        "netIncome": 942,
        "netIncomeAfterTaxes": 950,
        "operationsMaintenance": 1324,
        "otherOperatingExpensesTotal": 1239,
        "period": "2016-12-31",
        "pretaxIncome": 1505,
        "provisionforIncomeTaxes": 555,
        "purchasedFuelPowerGas": 2501,
        "revenue": 7639,
        "totalOperatingExpense": 5779,
        "totalOtherIncomeExpenseNet": 46,
        "year": 2016
      },
      {
        "depreciationAmortization": 666,
        "dilutedAverageSharesOutstanding": 318,
        "dilutedEPS": 2.76,
        "ebit": 1764,
        "interestExpense": 372.42,
        "interestIncomeExpense": -372,
        "minorityInterest": -8,
        "netIncome": 878,
        "netIncomeAfterTaxes": 886,
        "operationsMaintenance": 1329,
        "otherOperatingExpensesTotal": 1109,
        "period": "2015-12-31",
        "pretaxIncome": 1426,
        "provisionforIncomeTaxes": 540,
        "purchasedFuelPowerGas": 3087,
        "revenue": 7955,
        "totalOperatingExpense": 6191,
        "totalOtherIncomeExpenseNet": 34,
        "year": 2015
      }
    ],
    "symbol": "ES"
  }
}