{
  "symbol": "EG",
  "statement": "ic",
  "frequency": "annual",
  "timestamp": "2025-09-19T14:00:03.316606",
  "data": {
    "financials": [
      {
        "benefitsClaimsLossAdjustment": 12243,
        "dilutedAverageSharesOutstanding": 42.7,
        "dilutedEPS": 31.8033,
        "ebit": 1644,
        "grossPremiumsEarned": 15308,
        "interestExpense": 149,
        "interestIncomeExpense": -150,
        "netIncome": 1358,
        "netIncomeAfterTaxes": 1373,
        "period": "2024-12-31",
        "pretaxIncome": 1493,
        "provisionforIncomeTaxes": 120,
        "revenue": 17282,
        "sgaExpense": 3395,
        "totalOperatingExpense": 15638,
        "totalOtherIncomeExpenseNet": -1,
        "year": 2024
      },
      {
        "benefitsClaimsLossAdjustment": 9273,
        "dilutedAverageSharesOutstanding": 41.3,
        "dilutedEPS": 60.2421,
        "ebit": 2289,
        "grossPremiumsEarned": 13429,
        "interestExpense": 134,
        "interestIncomeExpense": -134,
        "netIncome": 2488,
        "netIncomeAfterTaxes": 2517,
        "period": "2023-12-31",
        "pretaxIncome": 2154,
        "provisionforIncomeTaxes": -363,
        "revenue": 14587,
        "sgaExpense": 3025,
        "totalOperatingExpense": 12298,
        "totalOtherIncomeExpenseNet": -1,
        "year": 2023
      },
      {
        "benefitsClaimsLossAdjustment": 8782,
        "dilutedAverageSharesOutstanding": 39,
        "dilutedEPS": 15.1,
        "ebit": 1149,
        "grossPremiumsEarned": 11685,
        "interestExpense": 101,
        "interestIncomeExpense": -561,
        "netIncome": 589,
        "netIncomeAfterTaxes": 597,
        "period": "2022-12-31",
        "pretaxIncome": 588,
        "provisionforIncomeTaxes": -9,
        "revenue": 12520,
        "sgaExpense": 2589,
        "totalOperatingExpense": 11371,
        "year": 2022
      },
      {
        "benefitsClaimsLossAdjustment": 7974,
        "dilutedAverageSharesOutstanding": 39,
        "dilutedEPS": 34.89,
        "ebit": 1616,
        "grossPremiumsEarned": 10443,
        "interestExpense": 70.149,
        "interestIncomeExpense": -70,
        "netIncome": 1361,
        "netIncomeAfterTaxes": 1379,
        "period": "2021-12-31",
        "pretaxIncome": 1546,
        "provisionforIncomeTaxes": 167,
        "revenue": 11866,
        "sgaExpense": 2277,
        "totalOperatingExpense": 10250,
        "year": 2021
      },
      {
        "benefitsClaimsLossAdjustment": 6551,
        "dilutedAverageSharesOutstanding": 40,
        "dilutedEPS": 12.7,
        "ebit": 1133,
        "grossPremiumsEarned": 8688,
        "interestExpense": 36.323,
        "interestIncomeExpense": -36,
        "netIncome": 508,
        "netIncomeAfterTaxes": 482,
        "nonRecurringItems": -511,
        "period": "2020-12-31",
        "pretaxIncome": 585,
        "provisionforIncomeTaxes": 104,
        "revenue": 9598,
        "sgaExpense": 1914,
        "totalOperatingExpense": 8465,
        "year": 2020
      },
      {
        "benefitsClaimsLossAdjustment": 5364,
        "dilutedAverageSharesOutstanding": 40,
        "dilutedEPS": 24.95,
        "ebit": 1152,
        "grossPremiumsEarned": 7393,
        "interestExpense": 31.693,
        "interestIncomeExpense": -32,
        "netIncome": 998,
        "netIncomeAfterTaxes": 1009,
        "nonRecurringItems": -21,
        "period": "2019-12-31",
        "pretaxIncome": 1099,
        "provisionforIncomeTaxes": 90,
        "revenue": 8252,
        "sgaExpense": 1737,
        "totalOperatingExpense": 7100,
        "year": 2019
      },
      {
        "benefitsClaimsLossAdjustment": 6023,
        "dilutedAverageSharesOutstanding": 41,
        "dilutedEPS": 2.14,
        "ebit": -203,
        "grossPremiumsEarned": 6907,
        "interestExpense": 31.031,
        "interestIncomeExpense": -31,
        "netIncome": 88,
        "netIncomeAfterTaxes": 89,
        "nonRecurringItems": -8,
        "period": "2018-12-31",
        "pretaxIncome": -242,
        "provisionforIncomeTaxes": -331,
        "revenue": 7370,
        "sgaExpense": 1550,
        "totalOperatingExpense": 7573,
        "year": 2018
      },
      {
        "benefitsClaimsLossAdjustment": 4841,
        "dilutedAverageSharesOutstanding": 41,
        "dilutedEPS": 11.31,
        "ebit": 444,
        "grossPremiumsEarned": 5902,
        "interestExpense": 31.603,
        "interestIncomeExpense": -32,
        "netIncome": 464,
        "netIncomeAfterTaxes": 477,
        "nonRecurringItems": -7,
        "period": "2017-12-31",
        "pretaxIncome": 405,
        "provisionforIncomeTaxes": -72,
        "revenue": 6615,
        "sgaExpense": 1330,
        "totalOperatingExpense": 6171,
        "year": 2017
      },
      {
        "benefitsClaimsLossAdjustment": 3442,
        "dilutedAverageSharesOutstanding": 42,
        "dilutedEPS": 23.47,
        "ebit": 1168,
        "grossPremiumsEarned": 5310,
        "interestExpense": 36.228,
        "interestIncomeExpense": -36,
        "netIncome": 986,
        "netIncomeAfterTaxes": 996,
        "nonRecurringItems": -32,
        "period": "2016-12-31",
        "pretaxIncome": 1100,
        "provisionforIncomeTaxes": 104,
        "revenue": 5826,
        "sgaExpense": 1216,
        "totalOperatingExpense": 4658,
        "year": 2016
      },
      {
        "benefitsClaimsLossAdjustment": 3368,
        "dilutedAverageSharesOutstanding": 44,
        "dilutedEPS": 22,
        "ebit": 1347,
        "grossPremiumsEarned": 5542,
        "interestExpense": 36.191,
        "interestIncomeExpense": -36,
        "minorityInterest": -97,
        "netIncome": 968,
        "netIncomeAfterTaxes": 1074,
        "nonRecurringItems": -102,
        "period": "2015-12-31",
        "pretaxIncome": 1209,
        "provisionforIncomeTaxes": 134,
        "revenue": 5940,
        "sgaExpense": 1225,
        "totalOperatingExpense": 4593,
        "year": 2015
      }
    ],
    "symbol": "EG"
  }
}