{
  "symbol": "EFX",
  "statement": "ic",
  "frequency": "annual",
  "timestamp": "2025-09-19T13:59:53.799703",
  "data": {
    "financials": [
      {
        "costOfGoodsSold": 2518.7,
        "depreciationAmortization": 669.8,
        "dilutedAverageSharesOutstanding": 124.9,
        "dilutedEPS": 4.8367,
        "ebit": 1090.1,
        "grossIncome": 3162.4,
        "interestExpense": 229.1,
        "interestIncomeExpense": -229.1,
        "minorityInterest": -3.2,
        "netIncome": 604.1,
        "netIncomeAfterTaxes": 607.3,
        "nonRecurringItems": -48,
        "period": "2024-12-31",
        "pretaxIncome": 810.5,
        "provisionforIncomeTaxes": 203.2,
        "revenue": 5681.1,
        "sgaExpense": 1402.5,
        "totalOperatingExpense": 2072.3,
        "totalOtherIncomeExpenseNet": -2.5,
        "year": 2024
      },
      {
        "costOfGoodsSold": 2335.1,
        "depreciationAmortization": 610.8,
        "dilutedAverageSharesOutstanding": 123.9,
        "dilutedEPS": 4.4011,
        "ebit": 971.2,
        "grossIncome": 2930.1,
        "interestExpense": 241.4,
        "interestIncomeExpense": -228.2,
        "minorityInterest": -6.4,
        "netIncome": 545.3,
        "netIncomeAfterTaxes": 551.7,
        "nonRecurringItems": -37.6,
        "period": "2023-12-31",
        "pretaxIncome": 717.9,
        "provisionforIncomeTaxes": 166.2,
        "revenue": 5265.2,
        "sgaExpense": 1348.1,
        "totalOperatingExpense": 1958.9,
        "totalOtherIncomeExpenseNet": 12.5,
        "year": 2023
      },
      {
        "costOfGoodsSold": 2177.2,
        "depreciationAmortization": 560.1,
        "dilutedAverageSharesOutstanding": 123.3,
        "dilutedEPS": 5.6464,
        "ebit": 1080,
        "grossIncome": 2945,
        "interestExpense": 183,
        "interestIncomeExpense": -183,
        "minorityInterest": -4,
        "netIncome": 696.2,
        "netIncomeAfterTaxes": 700.2,
        "nonRecurringItems": -24,
        "period": "2022-12-31",
        "pretaxIncome": 929.7,
        "provisionforIncomeTaxes": 229.5,
        "revenue": 5122.2,
        "sgaExpense": 1304.9,
        "totalOperatingExpense": 1865,
        "totalOtherIncomeExpenseNet": 56.7,
        "year": 2022
      },
      {
        "costOfGoodsSold": 1980.9,
        "depreciationAmortization": 480.4,
        "dilutedAverageSharesOutstanding": 123.6,
        "dilutedEPS": 6.021,
        "ebit": 1146.6,
        "grossIncome": 2943,
        "interestExpense": 145.6,
        "interestIncomeExpense": -145.6,
        "minorityInterest": -4.3,
        "netIncome": 744.2,
        "netIncomeAfterTaxes": 748.5,
        "nonRecurringItems": -8.6,
        "period": "2021-12-31",
        "pretaxIncome": 949.2,
        "provisionforIncomeTaxes": 200.7,
        "revenue": 4923.9,
        "sgaExpense": 1316,
        "totalOperatingExpense": 1796.4,
        "totalOtherIncomeExpenseNet": -43.2,
        "year": 2021
      },
      {
        "costOfGoodsSold": 1737.4,
        "depreciationAmortization": 391,
        "dilutedAverageSharesOutstanding": 122.8,
        "dilutedEPS": 4.24,
        "ebit": 708.5,
        "grossIncome": 2390.1,
        "interestExpense": 141.6,
        "interestIncomeExpense": -141.6,
        "minorityInterest": -6.1,
        "netIncome": 520.1,
        "netIncomeAfterTaxes": 526.2,
        "nonRecurringItems": -31.9,
        "period": "2020-12-31",
        "pretaxIncome": 685.2,
        "provisionforIncomeTaxes": 159,
        "revenue": 4127.5,
        "sgaExpense": 1290.6,
        "totalOperatingExpense": 1681.6,
        "totalOtherIncomeExpenseNet": 150.2,
        "year": 2020
      },
      {
        "costOfGoodsSold": 1521.7,
        "depreciationAmortization": 331.1,
        "dilutedAverageSharesOutstanding": 120.9,
        "dilutedEPS": -3.3,
        "ebit": -323.9,
        "grossIncome": 1985.9,
        "interestExpense": 111.7,
        "interestIncomeExpense": -111.7,
        "minorityInterest": -6,
        "netIncome": -398.8,
        "netIncomeAfterTaxes": -392.8,
        "nonRecurringItems": -11.5,
        "period": "2019-12-31",
        "pretaxIncome": -433,
        "provisionforIncomeTaxes": -40.2,
        "revenue": 3507.6,
        "sgaExpense": 1978.7,
        "totalOperatingExpense": 2309.8,
        "totalOtherIncomeExpenseNet": 14.1,
        "year": 2019
      },
      {
        "costOfGoodsSold": 1440.4,
        "depreciationAmortization": 310.4,
        "dilutedAverageSharesOutstanding": 121.4,
        "dilutedEPS": 2.47,
        "ebit": 448,
        "grossIncome": 1971.7,
        "interestExpense": 103.5,
        "interestIncomeExpense": -103.5,
        "minorityInterest": -6.5,
        "netIncome": 299.8,
        "netIncomeAfterTaxes": 306.3,
        "period": "2018-12-31",
        "pretaxIncome": 356.3,
        "provisionforIncomeTaxes": 50,
        "revenue": 3412.1,
        "sgaExpense": 1213.3,
        "totalOperatingExpense": 1523.7,
        "totalOtherIncomeExpenseNet": 11.8,
        "year": 2018
      },
      {
        "costOfGoodsSold": 1210.7,
        "depreciationAmortization": 287.8,
        "dilutedAverageSharesOutstanding": 121.5,
        "dilutedEPS": 4.83,
        "ebit": 824.6,
        "grossIncome": 2151.5,
        "interestExpense": 92.8,
        "interestIncomeExpense": -92.8,
        "minorityInterest": -10.7,
        "netIncome": 587.3,
        "netIncomeAfterTaxes": 549.7,
        "period": "2017-12-31",
        "pretaxIncome": 746.6,
        "provisionforIncomeTaxes": 196.9,
        "revenue": 3362.2,
        "sgaExpense": 1039.1,
        "totalOperatingExpense": 1326.9,
        "totalOtherIncomeExpenseNet": 14.8,
        "year": 2017
      },
      {
        "costOfGoodsSold": 1113.4,
        "depreciationAmortization": 265.4,
        "dilutedAverageSharesOutstanding": 121.1,
        "dilutedEPS": 4.04,
        "ebit": 823.6,
        "grossIncome": 2031.5,
        "interestExpense": 92.1,
        "interestIncomeExpense": -92.1,
        "minorityInterest": -6.3,
        "netIncome": 488.8,
        "netIncomeAfterTaxes": 495.1,
        "nonRecurringItems": -5.7,
        "period": "2016-12-31",
        "pretaxIncome": 728.2,
        "provisionforIncomeTaxes": 233.1,
        "revenue": 3144.9,
        "sgaExpense": 942.5,
        "totalOperatingExpense": 1207.9,
        "totalOtherIncomeExpenseNet": 2.4,
        "year": 2016
      },
      {
        "costOfGoodsSold": 887.4,
        "depreciationAmortization": 198,
        "dilutedAverageSharesOutstanding": 120.9,
        "dilutedEPS": 3.55,
        "ebit": 693.9,
        "grossIncome": 1776.2,
        "interestExpense": 63.8,
        "interestIncomeExpense": -63.8,
        "minorityInterest": -5.7,
        "netIncome": 429.1,
        "netIncomeAfterTaxes": 434.8,
        "period": "2015-12-31",
        "pretaxIncome": 636.6,
        "provisionforIncomeTaxes": 201.8,
        "revenue": 2663.6,
        "sgaExpense": 884.3,
        "totalOperatingExpense": 1082.3,
        "totalOtherIncomeExpenseNet": 6.5,
        "year": 2015
      }
    ],
    "symbol": "EFX"
  }
}