{
  "symbol": "SLB",
  "statement": "ic",
  "frequency": "quarterly",
  "timestamp": "2025-09-19T14:06:31.531702",
  "data": {
    "financials": [
      {
        "costOfGoodsSold": 6899,
        "dilutedAverageSharesOutstanding": 1366,
        "dilutedEPS": 0.7423,
        "ebit": 1380,
        "grossIncome": 1647,
        "interestExpense": 142,
        "interestIncomeExpense": -39,
        "minorityInterest": -34,
        "netIncome": 1014,
        "netIncomeAfterTaxes": 1048,
        "nonRecurringItems": -56,
        "period": "2025-06-30",
        "pretaxIncome": 1285,
        "provisionforIncomeTaxes": 237,
        "researchDevelopment": 180,
        "revenue": 8546,
        "sgaExpense": 87,
        "totalOperatingExpense": 267
      },
      {
        "costOfGoodsSold": 6836,
        "dilutedAverageSharesOutstanding": 1380,
        "dilutedEPS": 0.5775,
        "ebit": 1386,
        "grossIncome": 1654,
        "interestExpense": 147,
        "interestIncomeExpense": -69,
        "minorityInterest": -32,
        "netIncome": 797,
        "netIncomeAfterTaxes": 829,
        "nonRecurringItems": -254,
        "period": "2025-03-31",
        "pretaxIncome": 1063,
        "provisionforIncomeTaxes": 234,
        "researchDevelopment": 172,
        "revenue": 8490,
        "sgaExpense": 96,
        "totalOperatingExpense": 268
      },
      {
        "costOfGoodsSold": 7323,
        "dilutedAverageSharesOutstanding": 1421,
        "dilutedEPS": 0.7706,
        "ebit": 1689,
        "grossIncome": 1961,
        "interestExpense": 131,
        "interestIncomeExpense": -16,
        "minorityInterest": -23,
        "netIncome": 1095,
        "netIncomeAfterTaxes": 1118,
        "nonRecurringItems": -286,
        "period": "2024-12-31",
        "pretaxIncome": 1387,
        "provisionforIncomeTaxes": 269,
        "researchDevelopment": 192,
        "revenue": 9284,
        "sgaExpense": 80,
        "totalOperatingExpense": 272
      },
      {
        "costOfGoodsSold": 7223,
        "dilutedAverageSharesOutstanding": 1432,
        "dilutedEPS": 0.8282,
        "ebit": 1659,
        "grossIncome": 1936,
        "interestExpense": 136,
        "interestIncomeExpense": -40,
        "minorityInterest": -32,
        "netIncome": 1186,
        "netIncomeAfterTaxes": 1218,
        "nonRecurringItems": -112,
        "period": "2024-09-30",
        "pretaxIncome": 1507,
        "provisionforIncomeTaxes": 289,
        "researchDevelopment": 187,
        "revenue": 9159,
        "sgaExpense": 90,
        "totalOperatingExpense": 277
      },
      {
        "costOfGoodsSold": 7247,
        "dilutedAverageSharesOutstanding": 1443,
        "dilutedEPS": 0.7706,
        "ebit": 1610,
        "grossIncome": 1892,
        "interestExpense": 132,
        "interestIncomeExpense": -47,
        "minorityInterest": -33,
        "netIncome": 1112,
        "netIncomeAfterTaxes": 1145,
        "nonRecurringItems": -142,
        "period": "2024-06-30",
        "pretaxIncome": 1421,
        "provisionforIncomeTaxes": 276,
        "researchDevelopment": 188,
        "revenue": 9139,
        "sgaExpense": 94,
        "totalOperatingExpense": 282
      },
      {
        "costOfGoodsSold": 6993,
        "dilutedAverageSharesOutstanding": 1447,
        "dilutedEPS": 0.7381,
        "ebit": 1411,
        "grossIncome": 1714,
        "interestExpense": 113,
        "interestIncomeExpense": -29,
        "minorityInterest": -30,
        "netIncome": 1068,
        "netIncomeAfterTaxes": 1098,
        "nonRecurringItems": -25,
        "period": "2024-03-31",
        "pretaxIncome": 1357,
        "provisionforIncomeTaxes": 259,
        "researchDevelopment": 182,
        "revenue": 8707,
        "sgaExpense": 121,
        "totalOperatingExpense": 303
      },
      {
        "costOfGoodsSold": 7183,
        "dilutedAverageSharesOutstanding": 1446,
        "dilutedEPS": 0.769,
        "ebit": 1524,
        "grossIncome": 1807,
        "interestExpense": 130,
        "interestIncomeExpense": -35,
        "minorityInterest": -36,
        "netIncome": 1112,
        "netIncomeAfterTaxes": 1148,
        "nonRecurringItems": -56,
        "period": "2023-12-31",
        "pretaxIncome": 1433,
        "provisionforIncomeTaxes": 285,
        "researchDevelopment": 187,
        "revenue": 8990,
        "sgaExpense": 96,
        "totalOperatingExpense": 283
      },
      {
        "costOfGoodsSold": 6592,
        "dilutedAverageSharesOutstanding": 1442,
        "dilutedEPS": 0.78,
        "ebit": 1451,
        "grossIncome": 1718,
        "interestExpense": 129,
        "interestIncomeExpense": -56,
        "minorityInterest": -13,
        "netIncome": 1123,
        "netIncomeAfterTaxes": 1136,
        "nonRecurringItems": 0,
        "period": "2023-09-30",
        "pretaxIncome": 1395,
        "provisionforIncomeTaxes": 259,
        "researchDevelopment": 186,
        "revenue": 8310,
        "sgaExpense": 81,
        "totalOperatingExpense": 267
      },
      {
        "costOfGoodsSold": 6502,
        "dilutedAverageSharesOutstanding": 1442,
        "dilutedEPS": 0.72,
        "ebit": 1338,
        "gainLossOnDispositionOfAssets": 0,
        "grossIncome": 1597,
        "interestExpense": 127,
        "interestIncomeExpense": -45,
        "minorityInterest": -14,
        "netIncome": 1033,
        "netIncomeAfterTaxes": 1047,
        "nonRecurringItems": 0,
        "period": "2023-06-30",
        "pretaxIncome": 1293,
        "provisionforIncomeTaxes": 246,
        "researchDevelopment": 163,
        "revenue": 8099,
        "sgaExpense": 96,
        "totalOperatingExpense": 259
      },
      {
        "costOfGoodsSold": 6285,
        "dilutedAverageSharesOutstanding": 1446,
        "dilutedEPS": 0.65,
        "ebit": 1186,
        "grossIncome": 1451,
        "interestExpense": 117,
        "interestIncomeExpense": -61,
        "minorityInterest": -10,
        "netIncome": 934,
        "netIncomeAfterTaxes": 944,
        "nonRecurringItems": 36,
        "period": "2023-03-31",
        "pretaxIncome": 1161,
        "provisionforIncomeTaxes": 217,
        "researchDevelopment": 174,
        "revenue": 7736,
        "sgaExpense": 91,
        "totalOperatingExpense": 265
      },
      {
        "costOfGoodsSold": 6307,
        "dilutedAverageSharesOutstanding": 1440,
        "dilutedEPS": 0.74,
        "ebit": 1294,
        "gainLossOnDispositionOfAssets": 0,
        "grossIncome": 1571,
        "interestExpense": 121,
        "interestIncomeExpense": -41,
        "minorityInterest": -18,
        "netIncome": 1064,
        "netIncomeAfterTaxes": 1082,
        "nonRecurringItems": 83,
        "period": "2022-12-31",
        "pretaxIncome": 1347,
        "provisionforIncomeTaxes": 265,
        "researchDevelopment": 178,
        "revenue": 7878,
        "sgaExpense": 99,
        "totalOperatingExpense": 277,
        "totalOtherIncomeExpenseNet": 11
      },
      {
        "costOfGoodsSold": 6042,
        "dilutedAverageSharesOutstanding": 1439,
        "dilutedEPS": 0.63,
        "ebit": 1181,
        "gainLossOnDispositionOfAssets": 0,
        "grossIncome": 1435,
        "interestExpense": 122,
        "interestIncomeExpense": -47,
        "minorityInterest": -12,
        "netIncome": 907,
        "netIncomeAfterTaxes": 919,
        "nonRecurringItems": 0,
        "period": "2022-09-30",
        "pretaxIncome": 1134,
        "provisionforIncomeTaxes": 215,
        "researchDevelopment": 160,
        "revenue": 7477,
        "sgaExpense": 94,
        "totalOperatingExpense": 254
      },
      {
        "costOfGoodsSold": 5568,
        "dilutedAverageSharesOutstanding": 1436,
        "dilutedEPS": 0.67,
        "ebit": 965,
        "gainLossOnDispositionOfAssets": 43,
        "grossIncome": 1205,
        "interestExpense": 124,
        "interestIncomeExpense": -72,
        "minorityInterest": -11,
        "netIncome": 959,
        "netIncomeAfterTaxes": 970,
        "nonRecurringItems": 216,
        "period": "2022-06-30",
        "pretaxIncome": 1152,
        "provisionforIncomeTaxes": 182,
        "researchDevelopment": 154,
        "revenue": 6773,
        "sgaExpense": 86,
        "totalOperatingExpense": 240
      },
      {
        "costOfGoodsSold": 5013,
        "dilutedAverageSharesOutstanding": 1434,
        "dilutedEPS": 0.36,
        "ebit": 711,
        "grossIncome": 949,
        "interestExpense": 123,
        "interestIncomeExpense": -99,
        "minorityInterest": -10,
        "netIncome": 510,
        "netIncomeAfterTaxes": 520,
        "nonRecurringItems": 26,
        "period": "2022-03-31",
        "pretaxIncome": 638,
        "provisionforIncomeTaxes": 118,
        "researchDevelopment": 141,
        "revenue": 5962,
        "sgaExpense": 97,
        "totalOperatingExpense": 238
      },
      {
        "costOfGoodsSold": 5136,
        "dilutedAverageSharesOutstanding": 1442,
        "dilutedEPS": 0.42,
        "ebit": 836,
        "grossIncome": 1089,
        "interestExpense": 137,
        "interestIncomeExpense": -108,
        "minorityInterest": -10,
        "netIncome": 601,
        "netIncomeAfterTaxes": 611,
        "nonRecurringItems": 28,
        "period": "2021-12-31",
        "pretaxIncome": 756,
        "provisionforIncomeTaxes": 145,
        "researchDevelopment": 145,
        "revenue": 6225,
        "sgaExpense": 108,
        "totalOperatingExpense": 253
      },
      {
        "costOfGoodsSold": 4862,
        "dilutedAverageSharesOutstanding": 1424,
        "dilutedEPS": 0.39,
        "ebit": 765,
        "grossIncome": 985,
        "interestExpense": 130,
        "interestIncomeExpense": -74,
        "minorityInterest": -12,
        "netIncome": 550,
        "netIncomeAfterTaxes": 562,
        "nonRecurringItems": 0,
        "period": "2021-09-30",
        "pretaxIncome": 691,
        "provisionforIncomeTaxes": 129,
        "researchDevelopment": 140,
        "revenue": 5847,
        "sgaExpense": 80,
        "totalOperatingExpense": 220
      },
      {
        "costOfGoodsSold": 4768,
        "dilutedAverageSharesOutstanding": 1421,
        "dilutedEPS": 0.3,
        "ebit": 662,
        "grossIncome": 866,
        "interestExpense": 136,
        "interestIncomeExpense": -120,
        "minorityInterest": -12,
        "netIncome": 431,
        "netIncomeAfterTaxes": 443,
        "nonRecurringItems": 0,
        "period": "2021-06-30",
        "pretaxIncome": 542,
        "provisionforIncomeTaxes": 99,
        "researchDevelopment": 134,
        "revenue": 5634,
        "sgaExpense": 70,
        "totalOperatingExpense": 204
      },
      {
        "costOfGoodsSold": 4504,
        "dilutedAverageSharesOutstanding": 1419,
        "dilutedEPS": 0.21,
        "ebit": 503,
        "grossIncome": 719,
        "interestExpense": 136,
        "interestIncomeExpense": -117,
        "minorityInterest": -13,
        "netIncome": 299,
        "netIncomeAfterTaxes": 312,
        "nonRecurringItems": 0,
        "period": "2021-03-31",
        "pretaxIncome": 386,
        "provisionforIncomeTaxes": 74,
        "researchDevelopment": 135,
        "revenue": 5223,
        "sgaExpense": 81,
        "totalOperatingExpense": 216
      },
      {
        "costOfGoodsSold": 4828,
        "dilutedAverageSharesOutstanding": 1393,
        "dilutedEPS": 0.27,
        "ebit": 504,
        "grossIncome": 704,
        "interestExpense": 144,
        "interestIncomeExpense": -75,
        "minorityInterest": -8,
        "netIncome": 374,
        "netIncomeAfterTaxes": 382,
        "nonRecurringItems": 42,
        "period": "2020-12-31",
        "pretaxIncome": 471,
        "provisionforIncomeTaxes": 89,
        "researchDevelopment": 128,
        "revenue": 5532,
        "sgaExpense": 72,
        "totalOperatingExpense": 200
      },
      {
        "costOfGoodsSold": 4624,
        "dilutedAverageSharesOutstanding": 1391,
        "dilutedEPS": -0.06,
        "ebit": 412,
        "grossIncome": 634,
        "interestExpense": 138,
        "interestIncomeExpense": -116,
        "minorityInterest": -9,
        "netIncome": -82,
        "netIncomeAfterTaxes": -73,
        "nonRecurringItems": -350,
        "period": "2020-09-30",
        "pretaxIncome": -54,
        "provisionforIncomeTaxes": 19,
        "researchDevelopment": 137,
        "revenue": 5258,
        "sgaExpense": 85,
        "totalOperatingExpense": 222
      },
      {
        "costOfGoodsSold": 4925,
        "dilutedAverageSharesOutstanding": 1388,
        "dilutedEPS": -2.47,
        "ebit": 208,
        "grossIncome": 431,
        "interestExpense": 52,
        "interestIncomeExpense": -111,
        "minorityInterest": -6,
        "netIncome": -3434,
        "netIncomeAfterTaxes": -3428,
        "nonRecurringItems": -3724,
        "period": "2020-06-30",
        "pretaxIncome": -3627,
        "provisionforIncomeTaxes": -199,
        "researchDevelopment": 142,
        "revenue": 5356,
        "sgaExpense": 81,
        "totalOperatingExpense": 223
      },
      {
        "costOfGoodsSold": 6614,
        "dilutedAverageSharesOutstanding": 1387,
        "dilutedEPS": -5.32,
        "ebit": 541,
        "grossIncome": 841,
        "interestExpense": 78,
        "interestIncomeExpense": -107,
        "minorityInterest": -8,
        "netIncome": -7376,
        "netIncomeAfterTaxes": -7368,
        "nonRecurringItems": -8523,
        "period": "2020-03-31",
        "pretaxIncome": -8089,
        "provisionforIncomeTaxes": -721,
        "researchDevelopment": 173,
        "revenue": 7455,
        "sgaExpense": 127,
        "totalOperatingExpense": 300
      },
      {
        "costOfGoodsSold": 7136,
        "dilutedAverageSharesOutstanding": 1385,
        "dilutedEPS": 0.24,
        "ebit": 773,
        "grossIncome": 1092,
        "interestExpense": 142,
        "interestIncomeExpense": -112,
        "minorityInterest": -10,
        "netIncome": 333,
        "netIncomeAfterTaxes": 343,
        "nonRecurringItems": -209,
        "period": "2019-12-31",
        "pretaxIncome": 452,
        "provisionforIncomeTaxes": 109,
        "researchDevelopment": 190,
        "revenue": 8228,
        "sgaExpense": 129,
        "totalOperatingExpense": 319
      },
      {
        "costOfGoodsSold": 7382,
        "dilutedAverageSharesOutstanding": 1385,
        "dilutedEPS": -8.22,
        "ebit": 863,
        "grossIncome": 1159,
        "interestExpense": 162,
        "interestIncomeExpense": -142,
        "minorityInterest": -10,
        "netIncome": -11383,
        "netIncomeAfterTaxes": -11373,
        "nonRecurringItems": -12692,
        "period": "2019-09-30",
        "pretaxIncome": -11971,
        "provisionforIncomeTaxes": -598,
        "researchDevelopment": 176,
        "revenue": 8541,
        "sgaExpense": 120,
        "totalOperatingExpense": 296
      },
      {
        "costOfGoodsSold": 7236,
        "dilutedAverageSharesOutstanding": 1395,
        "dilutedEPS": 0.35,
        "ebit": 740,
        "grossIncome": 1033,
        "interestExpense": 178,
        "interestIncomeExpense": -147,
        "minorityInterest": -2,
        "netIncome": 492,
        "netIncomeAfterTaxes": 494,
        "nonRecurringItems": 0,
        "period": "2019-06-30",
        "pretaxIncome": 593,
        "provisionforIncomeTaxes": 99,
        "researchDevelopment": 179,
        "revenue": 8269,
        "sgaExpense": 114,
        "totalOperatingExpense": 293
      },
      {
        "costOfGoodsSold": 6956,
        "dilutedAverageSharesOutstanding": 1397,
        "dilutedEPS": 0.3,
        "ebit": 638,
        "grossIncome": 923,
        "interestExpense": 163,
        "interestIncomeExpense": -129,
        "minorityInterest": -9,
        "netIncome": 421,
        "netIncomeAfterTaxes": 430,
        "period": "2019-03-31",
        "pretaxIncome": 509,
        "provisionforIncomeTaxes": 79,
        "researchDevelopment": 173,
        "revenue": 7879,
        "sgaExpense": 112,
        "totalOperatingExpense": 285
      },
      {
        "costOfGoodsSold": 7193,
        "dilutedAverageSharesOutstanding": 1393,
        "dilutedEPS": 0.39,
        "ebit": 694,
        "grossIncome": 986,
        "interestExpense": 105,
        "interestIncomeExpense": -89,
        "minorityInterest": -10,
        "netIncome": 539,
        "netIncomeAfterTaxes": 549,
        "nonRecurringItems": 43,
        "period": "2018-12-31",
        "pretaxIncome": 648,
        "provisionforIncomeTaxes": 99,
        "researchDevelopment": 178,
        "revenue": 8179,
        "sgaExpense": 114,
        "totalOperatingExpense": 292
      },
      {
        "costOfGoodsSold": 7305,
        "dilutedAverageSharesOutstanding": 1392,
        "dilutedEPS": 0.46,
        "ebit": 917,
        "grossIncome": 1199,
        "interestExpense": 171,
        "interestIncomeExpense": -130,
        "minorityInterest": -14,
        "netIncome": 644,
        "netIncomeAfterTaxes": 658,
        "nonRecurringItems": 0,
        "period": "2018-09-30",
        "pretaxIncome": 787,
        "provisionforIncomeTaxes": 129,
        "researchDevelopment": 177,
        "revenue": 8504,
        "sgaExpense": 105,
        "totalOperatingExpense": 282
      },
      {
        "costOfGoodsSold": 7184,
        "dilutedAverageSharesOutstanding": 1392,
        "dilutedEPS": 0.31,
        "ebit": 830,
        "grossIncome": 1119,
        "interestExpense": 147,
        "interestIncomeExpense": -99,
        "minorityInterest": -11,
        "netIncome": 430,
        "netIncomeAfterTaxes": 441,
        "nonRecurringItems": -184,
        "period": "2018-06-30",
        "pretaxIncome": 547,
        "provisionforIncomeTaxes": 106,
        "researchDevelopment": 175,
        "revenue": 8303,
        "sgaExpense": 114,
        "totalOperatingExpense": 289
      },
      {
        "costOfGoodsSold": 6834,
        "dilutedAverageSharesOutstanding": 1394,
        "dilutedEPS": 0.38,
        "ebit": 712,
        "grossIncome": 995,
        "interestExpense": 97,
        "interestIncomeExpense": -69,
        "minorityInterest": -5,
        "netIncome": 525,
        "netIncomeAfterTaxes": 530,
        "nonRecurringItems": 0,
        "period": "2018-03-31",
        "pretaxIncome": 643,
        "provisionforIncomeTaxes": 113,
        "researchDevelopment": 172,
        "revenue": 7829,
        "sgaExpense": 111,
        "totalOperatingExpense": 283
      },
      {
        "costOfGoodsSold": 7169,
        "dilutedAverageSharesOutstanding": 1388,
        "dilutedEPS": -1.62,
        "ebit": 709,
        "grossIncome": 1010,
        "interestExpense": 151,
        "interestIncomeExpense": -123,
        "minorityInterest": 17,
        "netIncome": -2254,
        "netIncomeAfterTaxes": -2195,
        "nonRecurringItems": -2796,
        "period": "2017-12-31",
        "pretaxIncome": -2210,
        "provisionforIncomeTaxes": -15,
        "researchDevelopment": 192,
        "revenue": 8179,
        "sgaExpense": 109,
        "totalOperatingExpense": 301
      },
      {
        "costOfGoodsSold": 6787,
        "dilutedAverageSharesOutstanding": 1392,
        "dilutedEPS": 0.39,
        "ebit": 814,
        "grossIncome": 1118,
        "interestExpense": 161,
        "interestIncomeExpense": -88,
        "minorityInterest": -11,
        "netIncome": 545,
        "netIncomeAfterTaxes": 556,
        "nonRecurringItems": -49,
        "period": "2017-09-30",
        "pretaxIncome": 677,
        "provisionforIncomeTaxes": 121,
        "researchDevelopment": 189,
        "revenue": 7905,
        "sgaExpense": 115,
        "totalOperatingExpense": 304
      },
      {
        "costOfGoodsSold": 6469,
        "dilutedAverageSharesOutstanding": 1387,
        "dilutedEPS": -0.05,
        "ebit": 687,
        "grossIncome": 993,
        "interestExpense": 171,
        "interestIncomeExpense": -79,
        "minorityInterest": 7,
        "netIncome": -74,
        "netIncomeAfterTaxes": -81,
        "nonRecurringItems": -591,
        "period": "2017-06-30",
        "pretaxIncome": 17,
        "provisionforIncomeTaxes": 98,
        "researchDevelopment": 196,
        "revenue": 7462,
        "sgaExpense": 110,
        "totalOperatingExpense": 306
      },
      {
        "costOfGoodsSold": 6082,
        "dilutedAverageSharesOutstanding": 1402,
        "dilutedEPS": 0.2,
        "ebit": 503,
        "grossIncome": 812,
        "interestExpense": 157,
        "interestIncomeExpense": -87,
        "minorityInterest": -5,
        "netIncome": 279,
        "netIncomeAfterTaxes": 284,
        "nonRecurringItems": -82,
        "period": "2017-03-31",
        "pretaxIncome": 334,
        "provisionforIncomeTaxes": 50,
        "researchDevelopment": 211,
        "revenue": 6894,
        "sgaExpense": 98,
        "totalOperatingExpense": 309
      },
      {
        "costOfGoodsSold": 6113,
        "dilutedAverageSharesOutstanding": 1393,
        "dilutedEPS": -0.15,
        "ebit": 634,
        "grossIncome": 994,
        "interestExpense": 99,
        "interestIncomeExpense": -172,
        "minorityInterest": -10,
        "netIncome": -205,
        "netIncomeAfterTaxes": -195,
        "nonRecurringItems": -676,
        "period": "2016-12-31",
        "pretaxIncome": -214,
        "provisionforIncomeTaxes": -19,
        "researchDevelopment": 262,
        "revenue": 7107,
        "sgaExpense": 98,
        "totalOperatingExpense": 360
      },
      {
        "costOfGoodsSold": 6114,
        "dilutedAverageSharesOutstanding": 1401,
        "dilutedEPS": 0.13,
        "ebit": 560,
        "grossIncome": 905,
        "interestExpense": 154,
        "interestIncomeExpense": -123,
        "minorityInterest": -14,
        "netIncome": 176,
        "netIncomeAfterTaxes": 190,
        "nonRecurringItems": -237,
        "period": "2016-09-30",
        "pretaxIncome": 200,
        "provisionforIncomeTaxes": 10,
        "researchDevelopment": 253,
        "revenue": 7019,
        "sgaExpense": 92,
        "totalOperatingExpense": 345
      },
      {
        "costOfGoodsSold": 6258,
        "dilutedAverageSharesOutstanding": 1389,
        "dilutedEPS": -1.56,
        "ebit": 546,
        "grossIncome": 906,
        "interestExpense": 143,
        "interestIncomeExpense": -152,
        "minorityInterest": -14,
        "netIncome": -2160,
        "netIncomeAfterTaxes": -2146,
        "nonRecurringItems": -2908,
        "period": "2016-06-30",
        "pretaxIncome": -2514,
        "provisionforIncomeTaxes": -368,
        "researchDevelopment": 257,
        "revenue": 7164,
        "sgaExpense": 103,
        "totalOperatingExpense": 360
      },
      {
        "costOfGoodsSold": 5379,
        "dilutedAverageSharesOutstanding": 1259,
        "dilutedEPS": 0.4,
        "ebit": 791,
        "grossIncome": 1141,
        "interestExpense": 143,
        "interestIncomeExpense": -169,
        "minorityInterest": -22,
        "netIncome": 501,
        "netIncomeAfterTaxes": 523,
        "nonRecurringItems": 0,
        "period": "2016-03-31",
        "pretaxIncome": 622,
        "provisionforIncomeTaxes": 99,
        "researchDevelopment": 240,
        "revenue": 6520,
        "sgaExpense": 110,
        "totalOperatingExpense": 350
      },
      {
        "costOfGoodsSold": 6248,
        "dilutedAverageSharesOutstanding": 1258,
        "dilutedEPS": -0.81,
        "ebit": 1089,
        "grossIncome": 1496,
        "interestExpense": 81,
        "interestIncomeExpense": -56,
        "minorityInterest": -26,
        "netIncome": -1016,
        "netIncomeAfterTaxes": -990,
        "nonRecurringItems": -2136,
        "period": "2015-12-31",
        "pretaxIncome": -1103,
        "provisionforIncomeTaxes": -113,
        "researchDevelopment": 275,
        "revenue": 7744,
        "sgaExpense": 132,
        "totalOperatingExpense": 407
      },
      {
        "costOfGoodsSold": 6750,
        "dilutedAverageSharesOutstanding": 1272,
        "dilutedEPS": 0.78,
        "ebit": 1327,
        "grossIncome": 1722,
        "interestExpense": 84,
        "interestIncomeExpense": -74,
        "minorityInterest": -14,
        "netIncome": 989,
        "netIncomeAfterTaxes": 1003,
        "nonRecurringItems": 0,
        "period": "2015-09-30",
        "pretaxIncome": 1253,
        "provisionforIncomeTaxes": 250,
        "researchDevelopment": 273,
        "revenue": 8472,
        "sgaExpense": 122,
        "totalOperatingExpense": 395
      }
    ],
    "symbol": "SLB"
  }
}