{
  "symbol": "LKQ",
  "statement": "ic",
  "frequency": "annual",
  "timestamp": "2025-09-19T14:03:16.441580",
  "data": {
    "financials": [
      {
        "costOfGoodsSold": 8729,
        "depreciationAmortization": 361,
        "dilutedAverageSharesOutstanding": 263.9,
        "dilutedEPS": 2.6146,
        "ebit": 1349,
        "equityEarningsAffiliates": 8,
        "grossIncome": 5626,
        "interestExpense": 262,
        "interestIncomeExpense": -262,
        "minorityInterest": -3,
        "netIncome": 690,
        "netIncomeAfterTaxes": 685,
        "nonRecurringItems": -150,
        "period": "2024-12-31",
        "pretaxIncome": 958,
        "provisionforIncomeTaxes": 273,
        "revenue": 14355,
        "sgaExpense": 3916,
        "totalOperatingExpense": 4277,
        "totalOtherIncomeExpenseNet": 21,
        "year": 2024
      },
      {
        "costOfGoodsSold": 8287,
        "depreciationAmortization": 283,
        "dilutedAverageSharesOutstanding": 268.3,
        "dilutedEPS": 3.48,
        "ebit": 1426,
        "equityEarningsAffiliates": 15,
        "grossIncome": 5579,
        "interestExpense": 214,
        "interestIncomeExpense": -165,
        "minorityInterest": -2,
        "netIncome": 936,
        "netIncomeAfterTaxes": 929,
        "nonRecurringItems": -70,
        "period": "2023-12-31",
        "pretaxIncome": 1235,
        "provisionforIncomeTaxes": 306,
        "revenue": 13866,
        "sgaExpense": 3870,
        "totalOperatingExpense": 4153,
        "totalOtherIncomeExpenseNet": 44,
        "year": 2023
      },
      {
        "costOfGoodsSold": 7571,
        "depreciationAmortization": 237,
        "dilutedAverageSharesOutstanding": 278,
        "dilutedEPS": 4.13,
        "ebit": 1442,
        "equityEarningsAffiliates": 11,
        "grossIncome": 5223,
        "interestExpense": 78,
        "interestIncomeExpense": -78,
        "minorityInterest": -1,
        "netIncome": 1149,
        "netIncomeAfterTaxes": 1133,
        "nonRecurringItems": 139,
        "period": "2022-12-31",
        "pretaxIncome": 1518,
        "provisionforIncomeTaxes": 385,
        "revenue": 12794,
        "sgaExpense": 3544,
        "totalOperatingExpense": 3781,
        "totalOtherIncomeExpenseNet": 15,
        "year": 2022
      },
      {
        "costOfGoodsSold": 7766,
        "depreciationAmortization": 260,
        "dilutedAverageSharesOutstanding": 298,
        "dilutedEPS": 3.66,
        "ebit": 1495,
        "equityEarningsAffiliates": 23,
        "grossIncome": 5322,
        "interestExpense": 72.078,
        "interestIncomeExpense": -72,
        "minorityInterest": -1,
        "netIncome": 1091,
        "netIncomeAfterTaxes": 1069,
        "nonRecurringItems": -44,
        "period": "2021-12-31",
        "pretaxIncome": 1399,
        "provisionforIncomeTaxes": 331,
        "revenue": 13089,
        "sgaExpense": 3568,
        "totalOperatingExpense": 3828,
        "totalOtherIncomeExpenseNet": 20,
        "year": 2021
      },
      {
        "costOfGoodsSold": 7036,
        "depreciationAmortization": 272,
        "dilutedAverageSharesOutstanding": 305,
        "dilutedEPS": 2.09,
        "ebit": 1055,
        "equityEarningsAffiliates": 5,
        "grossIncome": 4593,
        "interestExpense": 103.784,
        "interestIncomeExpense": -104,
        "minorityInterest": -2,
        "netIncome": 638,
        "netIncomeAfterTaxes": 635,
        "nonRecurringItems": -82,
        "period": "2020-12-31",
        "pretaxIncome": 885,
        "provisionforIncomeTaxes": 249,
        "revenue": 11629,
        "sgaExpense": 3266,
        "totalOperatingExpense": 3538,
        "totalOtherIncomeExpenseNet": 16,
        "year": 2020
      },
      {
        "costOfGoodsSold": 7654,
        "depreciationAmortization": 291,
        "dilutedAverageSharesOutstanding": 311,
        "dilutedEPS": 1.74,
        "ebit": 981,
        "equityEarningsAffiliates": -32,
        "grossIncome": 4852,
        "interestExpense": 138.504,
        "interestIncomeExpense": -106,
        "minorityInterest": -3,
        "netIncome": 541,
        "netIncomeAfterTaxes": 576,
        "nonRecurringItems": -84,
        "period": "2019-12-31",
        "pretaxIncome": 791,
        "provisionforIncomeTaxes": 215,
        "revenue": 12506,
        "sgaExpense": 3580,
        "totalOperatingExpense": 3871,
        "year": 2019
      },
      {
        "costOfGoodsSold": 7302,
        "depreciationAmortization": 274,
        "dilutedAverageSharesOutstanding": 316,
        "dilutedEPS": 1.53,
        "ebit": 948,
        "equityEarningsAffiliates": -64,
        "grossIncome": 4575,
        "interestExpense": 146.377,
        "interestIncomeExpense": -140,
        "minorityInterest": -3,
        "netIncome": 480,
        "netIncomeAfterTaxes": 552,
        "nonRecurringItems": -65,
        "period": "2018-12-31",
        "pretaxIncome": 743,
        "provisionforIncomeTaxes": 191,
        "revenue": 11877,
        "sgaExpense": 3353,
        "totalOperatingExpense": 3626,
        "year": 2018
      },
      {
        "costOfGoodsSold": 5937,
        "depreciationAmortization": 220,
        "dilutedAverageSharesOutstanding": 311,
        "dilutedEPS": 1.71,
        "ebit": 864,
        "equityEarningsAffiliates": 6,
        "grossIncome": 3800,
        "interestExpense": 101.64,
        "interestIncomeExpense": -82,
        "minorityInterest": 4,
        "netIncome": 534,
        "netIncomeAfterTaxes": 458,
        "nonRecurringItems": -16,
        "period": "2017-12-31",
        "pretaxIncome": 767,
        "provisionforIncomeTaxes": 309,
        "revenue": 9737,
        "sgaExpense": 2715,
        "totalOperatingExpense": 2935,
        "year": 2017
      },
      {
        "costOfGoodsSold": 5232,
        "depreciationAmortization": 191,
        "dilutedAverageSharesOutstanding": 310,
        "dilutedEPS": 1.49,
        "ebit": 801,
        "equityEarningsAffiliates": -1,
        "grossIncome": 3352,
        "interestExpense": 88.263,
        "interestIncomeExpense": -68,
        "netIncome": 464,
        "netIncomeAfterTaxes": 457,
        "nonRecurringItems": -56,
        "period": "2016-12-31",
        "pretaxIncome": 677,
        "provisionforIncomeTaxes": 221,
        "revenue": 8584,
        "sgaExpense": 2359,
        "totalOperatingExpense": 2551,
        "year": 2016
      },
      {
        "costOfGoodsSold": 4359,
        "depreciationAmortization": 122,
        "dilutedAverageSharesOutstanding": 307,
        "dilutedEPS": 1.38,
        "ebit": 725,
        "equityEarningsAffiliates": -6,
        "grossIncome": 2834,
        "interestExpense": 57.86,
        "interestIncomeExpense": -56,
        "netIncome": 423,
        "netIncomeAfterTaxes": 429,
        "nonRecurringItems": -20,
        "period": "2015-12-31",
        "pretaxIncome": 649,
        "provisionforIncomeTaxes": 220,
        "revenue": 7193,
        "sgaExpense": 1987,
        "totalOperatingExpense": 2109,
        "year": 2015
      }
    ],
    "symbol": "LKQ"
  }
}