{
  "symbol": "EA",
  "statement": "ic",
  "frequency": "annual",
  "timestamp": "2025-09-19T13:59:40.658074",
  "data": {
    "financials": [
      {
        "costOfGoodsSold": 1543,
        "depreciationAmortization": 67,
        "dilutedAverageSharesOutstanding": 264,
        "dilutedEPS": 4.2462,
        "ebit": 1577,
        "grossIncome": 5920,
        "interestExpense": 58,
        "interestIncomeExpense": 83,
        "netIncome": 1121,
        "netIncomeAfterTaxes": 1121,
        "nonRecurringItems": -57,
        "period": "2025-03-31",
        "pretaxIncome": 1605,
        "provisionforIncomeTaxes": 484,
        "researchDevelopment": 2569,
        "revenue": 7463,
        "sgaExpense": 1707,
        "totalOperatingExpense": 4343,
        "totalOtherIncomeExpenseNet": 2,
        "year": 2025
      },
      {
        "costOfGoodsSold": 1693,
        "depreciationAmortization": 89,
        "dilutedAverageSharesOutstanding": 272,
        "dilutedEPS": 4.6802,
        "ebit": 1650,
        "grossIncome": 5869,
        "interestExpense": 58,
        "interestIncomeExpense": 70,
        "netIncome": 1273,
        "netIncomeAfterTaxes": 1273,
        "nonRecurringItems": -132,
        "period": "2024-03-31",
        "pretaxIncome": 1589,
        "provisionforIncomeTaxes": 316,
        "researchDevelopment": 2420,
        "revenue": 7562,
        "sgaExpense": 1710,
        "totalOperatingExpense": 4219,
        "totalOtherIncomeExpenseNet": 1,
        "year": 2024
      },
      {
        "costOfGoodsSold": 1780,
        "depreciationAmortization": 130,
        "dilutedAverageSharesOutstanding": 278,
        "dilutedEPS": 2.88,
        "ebit": 1483,
        "grossIncome": 5646,
        "interestExpense": 58,
        "interestIncomeExpense": -7,
        "netIncome": 802,
        "netIncomeAfterTaxes": 802,
        "nonRecurringItems": -151,
        "period": "2023-03-31",
        "pretaxIncome": 1326,
        "provisionforIncomeTaxes": 524,
        "researchDevelopment": 2328,
        "revenue": 7426,
        "sgaExpense": 1705,
        "totalOperatingExpense": 4163,
        "totalOtherIncomeExpenseNet": 1,
        "year": 2023
      },
      {
        "costOfGoodsSold": 1848,
        "depreciationAmortization": 149,
        "dilutedAverageSharesOutstanding": 286,
        "dilutedEPS": 2.76,
        "ebit": 1174,
        "grossIncome": 5143,
        "interestExpense": 58,
        "interestIncomeExpense": -55,
        "netIncome": 789,
        "netIncomeAfterTaxes": 789,
        "nonRecurringItems": -45,
        "period": "2022-03-31",
        "pretaxIncome": 1081,
        "provisionforIncomeTaxes": 292,
        "researchDevelopment": 2186,
        "revenue": 6991,
        "sgaExpense": 1634,
        "totalOperatingExpense": 3969,
        "totalOtherIncomeExpenseNet": 7,
        "year": 2022
      },
      {
        "costOfGoodsSold": 1494,
        "depreciationAmortization": 30,
        "dilutedAverageSharesOutstanding": 292,
        "dilutedEPS": 2.87,
        "ebit": 1046,
        "grossIncome": 4135,
        "interestExpense": 45,
        "interestIncomeExpense": -31,
        "netIncome": 837,
        "netIncomeAfterTaxes": 837,
        "nonRecurringItems": 0,
        "period": "2021-03-31",
        "pretaxIncome": 1017,
        "provisionforIncomeTaxes": 180,
        "researchDevelopment": 1778,
        "revenue": 5629,
        "sgaExpense": 1281,
        "totalOperatingExpense": 3089,
        "totalOtherIncomeExpenseNet": 2,
        "year": 2021
      },
      {
        "costOfGoodsSold": 1369,
        "depreciationAmortization": 22,
        "dilutedAverageSharesOutstanding": 295,
        "dilutedEPS": 10.3,
        "ebit": 1459,
        "grossIncome": 4168,
        "interestExpense": 44,
        "interestIncomeExpense": 54,
        "netIncome": 3039,
        "netIncomeAfterTaxes": 3039,
        "nonRecurringItems": -5,
        "period": "2020-03-31",
        "pretaxIncome": 1508,
        "provisionforIncomeTaxes": -1531,
        "researchDevelopment": 1550,
        "revenue": 5537,
        "sgaExpense": 1137,
        "totalOperatingExpense": 2709,
        "totalOtherIncomeExpenseNet": 0,
        "year": 2020
      },
      {
        "costOfGoodsSold": 1322,
        "depreciationAmortization": 23,
        "dilutedAverageSharesOutstanding": 306,
        "dilutedEPS": 3.33,
        "ebit": 1010,
        "grossIncome": 3628,
        "interestExpense": 45,
        "interestIncomeExpense": 84,
        "netIncome": 1019,
        "netIncomeAfterTaxes": 1019,
        "nonRecurringItems": -14,
        "period": "2019-03-31",
        "pretaxIncome": 1079,
        "provisionforIncomeTaxes": 60,
        "researchDevelopment": 1433,
        "revenue": 4950,
        "sgaExpense": 1162,
        "totalOperatingExpense": 2618,
        "totalOtherIncomeExpenseNet": -1,
        "year": 2019
      },
      {
        "costOfGoodsSold": 1277,
        "depreciationAmortization": 9,
        "dilutedAverageSharesOutstanding": 312,
        "dilutedEPS": 3.34,
        "ebit": 1434,
        "grossIncome": 3873,
        "interestExpense": 44,
        "interestIncomeExpense": 8,
        "netIncome": 1043,
        "netIncomeAfterTaxes": 1278,
        "period": "2018-03-31",
        "pretaxIncome": 1449,
        "provisionforIncomeTaxes": 171,
        "researchDevelopment": 1320,
        "revenue": 5150,
        "sgaExpense": 1110,
        "totalOperatingExpense": 2439,
        "totalOtherIncomeExpenseNet": 7,
        "year": 2018
      },
      {
        "costOfGoodsSold": 1283,
        "depreciationAmortization": 6,
        "dilutedAverageSharesOutstanding": 314,
        "dilutedEPS": 3.08,
        "ebit": 1239,
        "grossIncome": 3562,
        "interestExpense": 47,
        "interestIncomeExpense": -16,
        "netIncome": 967,
        "netIncomeAfterTaxes": 967,
        "nonRecurringItems": -15,
        "period": "2017-03-31",
        "pretaxIncome": 1210,
        "provisionforIncomeTaxes": 243,
        "researchDevelopment": 1205,
        "revenue": 4845,
        "sgaExpense": 1112,
        "totalOperatingExpense": 2323,
        "totalOtherIncomeExpenseNet": 2,
        "year": 2017
      },
      {
        "costOfGoodsSold": 1354,
        "depreciationAmortization": 7,
        "dilutedAverageSharesOutstanding": 330,
        "dilutedEPS": 3.5,
        "ebit": 898,
        "grossIncome": 3042,
        "interestExpense": 28,
        "interestIncomeExpense": -12,
        "netIncome": 1156,
        "netIncomeAfterTaxes": 1156,
        "nonRecurringItems": 0,
        "period": "2016-03-31",
        "pretaxIncome": 877,
        "provisionforIncomeTaxes": -279,
        "researchDevelopment": 1109,
        "revenue": 4396,
        "sgaExpense": 1028,
        "totalOperatingExpense": 2144,
        "totalOtherIncomeExpenseNet": -9,
        "year": 2016
      }
    ],
    "symbol": "EA"
  }
}