{
  "symbol": "PH",
  "statement": "ic",
  "frequency": "annual",
  "timestamp": "2025-09-19T14:05:18.109936",
  "data": {
    "financials": [
      {
        "costOfGoodsSold": 12535,
        "dilutedAverageSharesOutstanding": 130.2,
        "dilutedEPS": 27.1198,
        "ebit": 4060,
        "grossIncome": 7315,
        "interestExpense": 409,
        "interestIncomeExpense": -409,
        "minorityInterest": -1,
        "netIncome": 3531,
        "netIncomeAfterTaxes": 3532,
        "period": "2025-06-30",
        "pretaxIncome": 4107,
        "provisionforIncomeTaxes": 575,
        "revenue": 19850,
        "sgaExpense": 3255,
        "totalOperatingExpense": 3255,
        "totalOtherIncomeExpenseNet": 456,
        "year": 2025
      },
      {
        "costOfGoodsSold": 12772.231,
        "dilutedAverageSharesOutstanding": 130.2397,
        "dilutedEPS": 21.8383,
        "ebit": 3956.28,
        "grossIncome": 7157.375,
        "interestExpense": 506.495,
        "interestIncomeExpense": -605.495,
        "minorityInterest": -0.721,
        "netIncome": 2844.215,
        "netIncomeAfterTaxes": 2844.936,
        "nonRecurringItems": -133.07,
        "period": "2024-06-30",
        "pretaxIncome": 3594.603,
        "provisionforIncomeTaxes": 749.667,
        "revenue": 19929.606,
        "sgaExpense": 3201.095,
        "totalOperatingExpense": 3201.095,
        "totalOtherIncomeExpenseNet": 376.888,
        "year": 2024
      },
      {
        "costOfGoodsSold": 12619.899,
        "dilutedAverageSharesOutstanding": 129.8221,
        "dilutedEPS": 16.0445,
        "ebit": 3312.344,
        "grossIncome": 6445.295,
        "interestExpense": 573.894,
        "interestIncomeExpense": -995.894,
        "minorityInterest": -0.6,
        "netIncome": 2082.936,
        "netIncomeAfterTaxes": 2083.536,
        "nonRecurringItems": 125.381,
        "period": "2023-06-30",
        "pretaxIncome": 2679.664,
        "provisionforIncomeTaxes": 596.128,
        "revenue": 19065.194,
        "sgaExpense": 3132.951,
        "totalOperatingExpense": 3132.951,
        "totalOtherIncomeExpenseNet": 237.833,
        "year": 2023
      },
      {
        "costOfGoodsSold": 10545.302,
        "dilutedAverageSharesOutstanding": 130.3559,
        "dilutedEPS": 10.0924,
        "ebit": 2870.758,
        "gainLossOnDispositionOfAssets": 7.124,
        "grossIncome": 5316.306,
        "interestExpense": 255.252,
        "interestIncomeExpense": -1144.252,
        "minorityInterest": -0.581,
        "netIncome": 1315.605,
        "netIncomeAfterTaxes": 1316.186,
        "nonRecurringItems": -71.523,
        "period": "2022-06-30",
        "pretaxIncome": 1614.226,
        "provisionforIncomeTaxes": 298.04,
        "revenue": 15861.608,
        "sgaExpense": 2445.548,
        "totalOperatingExpense": 2445.548,
        "totalOtherIncomeExpenseNet": -47.881,
        "year": 2022
      },
      {
        "costOfGoodsSold": 9577.246,
        "dilutedAverageSharesOutstanding": 130.8345,
        "dilutedEPS": 13.3459,
        "ebit": 2418.288,
        "gainLossOnDispositionOfAssets": 110.558,
        "grossIncome": 4770.394,
        "interestExpense": 250.036,
        "interestIncomeExpense": -191.036,
        "minorityInterest": -0.761,
        "netIncome": 1746.1,
        "netIncomeAfterTaxes": 1746.861,
        "nonRecurringItems": -59.803,
        "period": "2021-06-30",
        "pretaxIncome": 2246.957,
        "provisionforIncomeTaxes": 500.096,
        "revenue": 14347.64,
        "sgaExpense": 2352.106,
        "totalOperatingExpense": 2352.106,
        "totalOtherIncomeExpenseNet": -31.05,
        "year": 2021
      },
      {
        "costOfGoodsSold": 10228,
        "dilutedAverageSharesOutstanding": 130,
        "dilutedEPS": 9.29,
        "ebit": 1789,
        "grossIncome": 3468,
        "interestExpense": 308.161,
        "interestIncomeExpense": -202,
        "minorityInterest": 0,
        "netIncome": 1206,
        "netIncomeAfterTaxes": 1207,
        "nonRecurringItems": -74,
        "otherOperatingExpensesTotal": -10,
        "period": "2020-06-30",
        "pretaxIncome": 1513,
        "provisionforIncomeTaxes": 306,
        "revenue": 13696,
        "sgaExpense": 1689,
        "totalOperatingExpense": 1679,
        "year": 2020
      },
      {
        "costOfGoodsSold": 10689,
        "dilutedAverageSharesOutstanding": 132,
        "dilutedEPS": 11.45,
        "ebit": 2068,
        "grossIncome": 3631,
        "interestExpense": 190.138,
        "interestIncomeExpense": -97,
        "minorityInterest": -1,
        "netIncome": 1512,
        "netIncomeAfterTaxes": 1527,
        "nonRecurringItems": -38,
        "otherOperatingExpensesTotal": 32,
        "period": "2019-06-30",
        "pretaxIncome": 1933,
        "provisionforIncomeTaxes": 406,
        "revenue": 14320,
        "sgaExpense": 1531,
        "totalOperatingExpense": 1563,
        "year": 2019
      },
      {
        "costOfGoodsSold": 10718,
        "dilutedAverageSharesOutstanding": 135,
        "dilutedEPS": 7.85,
        "ebit": 2106,
        "grossIncome": 3585,
        "interestExpense": 213.873,
        "interestIncomeExpense": -278,
        "minorityInterest": -1,
        "netIncome": 1061,
        "netIncomeAfterTaxes": 1438,
        "nonRecurringItems": -126,
        "otherOperatingExpensesTotal": -142,
        "period": "2018-06-30",
        "pretaxIncome": 1702,
        "provisionforIncomeTaxes": 264,
        "revenue": 14302,
        "sgaExpense": 1620,
        "totalOperatingExpense": 1478,
        "year": 2018
      },
      {
        "costOfGoodsSold": 9153,
        "dilutedAverageSharesOutstanding": 136,
        "dilutedEPS": 7.22,
        "ebit": 1504,
        "grossIncome": 2876,
        "interestExpense": 162.436,
        "interestIncomeExpense": -162,
        "minorityInterest": 0,
        "netIncome": 983,
        "netIncomeAfterTaxes": 984,
        "nonRecurringItems": -13,
        "otherOperatingExpensesTotal": -62,
        "period": "2017-06-30",
        "pretaxIncome": 1329,
        "provisionforIncomeTaxes": 345,
        "revenue": 12029,
        "sgaExpense": 1434,
        "totalOperatingExpense": 1373,
        "year": 2017
      },
      {
        "costOfGoodsSold": 8747,
        "dilutedAverageSharesOutstanding": 137,
        "dilutedEPS": 5.89,
        "ebit": 1338,
        "grossIncome": 2614,
        "interestExpense": 136.517,
        "interestIncomeExpense": -137,
        "minorityInterest": 0,
        "netIncome": 807,
        "netIncomeAfterTaxes": 807,
        "nonRecurringItems": -86,
        "otherOperatingExpensesTotal": -62,
        "period": "2016-06-30",
        "pretaxIncome": 1115,
        "provisionforIncomeTaxes": 308,
        "revenue": 11361,
        "sgaExpense": 1338,
        "totalOperatingExpense": 1276,
        "year": 2016
      }
    ],
    "symbol": "PH"
  }
}