{
  "symbol": "MDLZ",
  "statement": "ic",
  "frequency": "quarterly",
  "timestamp": "2025-09-19T14:04:14.000331",
  "data": {
    "financials": [
      {
        "costOfGoodsSold": 6047,
        "depreciationAmortization": 38,
        "dilutedAverageSharesOutstanding": 1299,
        "dilutedEPS": 0.4935,
        "ebit": 1182,
        "equityEarningsAffiliates": 19,
        "grossIncome": 2937,
        "interestExpense": 151,
        "interestIncomeExpense": -151,
        "minorityInterest": -3,
        "netIncome": 641,
        "netIncomeAfterTaxes": 625,
        "nonRecurringItems": -10,
        "period": "2025-06-30",
        "pretaxIncome": 855,
        "provisionforIncomeTaxes": 230,
        "revenue": 8984,
        "sgaExpense": 1717,
        "totalOperatingExpense": 1755,
        "totalOtherIncomeExpenseNet": -166
      },
      {
        "costOfGoodsSold": 6883,
        "depreciationAmortization": 37,
        "dilutedAverageSharesOutstanding": 1305,
        "dilutedEPS": 0.3081,
        "ebit": 689,
        "equityEarningsAffiliates": 16,
        "grossIncome": 2430,
        "interestExpense": 137,
        "interestIncomeExpense": -137,
        "minorityInterest": -5,
        "netIncome": 402,
        "netIncomeAfterTaxes": 391,
        "nonRecurringItems": -9,
        "period": "2025-03-31",
        "pretaxIncome": 545,
        "provisionforIncomeTaxes": 154,
        "revenue": 9313,
        "sgaExpense": 1704,
        "totalOperatingExpense": 1741,
        "totalOtherIncomeExpenseNet": 2
      },
      {
        "costOfGoodsSold": 5893,
        "depreciationAmortization": 38,
        "dilutedAverageSharesOutstanding": 1341,
        "dilutedEPS": 1.3013,
        "ebit": 1698,
        "equityEarningsAffiliates": 367,
        "grossIncome": 3711,
        "interestExpense": 127,
        "interestIncomeExpense": -127,
        "minorityInterest": -3,
        "netIncome": 1745,
        "netIncomeAfterTaxes": 1381,
        "nonRecurringItems": -87,
        "period": "2024-12-31",
        "pretaxIncome": 1597,
        "provisionforIncomeTaxes": 216,
        "revenue": 9604,
        "sgaExpense": 1975,
        "totalOperatingExpense": 2013,
        "totalOtherIncomeExpenseNet": 113
      },
      {
        "costOfGoodsSold": 6205,
        "depreciationAmortization": 40,
        "dilutedAverageSharesOutstanding": 1344,
        "dilutedEPS": 0.6347,
        "ebit": 1338,
        "equityEarningsAffiliates": 50,
        "grossIncome": 2999,
        "interestExpense": 129,
        "interestIncomeExpense": -129,
        "minorityInterest": -3,
        "netIncome": 853,
        "netIncomeAfterTaxes": 806,
        "nonRecurringItems": -185,
        "period": "2024-09-30",
        "pretaxIncome": 1132,
        "provisionforIncomeTaxes": 326,
        "revenue": 9204,
        "sgaExpense": 1621,
        "totalOperatingExpense": 1661,
        "totalOtherIncomeExpenseNet": 108
      },
      {
        "costOfGoodsSold": 5546,
        "depreciationAmortization": 37,
        "dilutedAverageSharesOutstanding": 1348,
        "dilutedEPS": 0.4459,
        "ebit": 878,
        "equityEarningsAffiliates": 48,
        "grossIncome": 2797,
        "interestExpense": 130,
        "interestIncomeExpense": -130,
        "minorityInterest": -2,
        "netIncome": 601,
        "netIncomeAfterTaxes": 555,
        "nonRecurringItems": -24,
        "period": "2024-06-30",
        "pretaxIncome": 850,
        "provisionforIncomeTaxes": 295,
        "revenue": 8343,
        "sgaExpense": 1882,
        "totalOperatingExpense": 1919,
        "totalOtherIncomeExpenseNet": 126
      },
      {
        "costOfGoodsSold": 4540,
        "depreciationAmortization": 38,
        "dilutedAverageSharesOutstanding": 1355,
        "dilutedEPS": 1.0421,
        "ebit": 2782,
        "equityEarningsAffiliates": -634,
        "grossIncome": 4750,
        "interestExpense": 122,
        "interestIncomeExpense": -122,
        "minorityInterest": -4,
        "netIncome": 1412,
        "netIncomeAfterTaxes": 2050,
        "nonRecurringItems": -55,
        "period": "2024-03-31",
        "pretaxIncome": 2682,
        "provisionforIncomeTaxes": 632,
        "revenue": 9290,
        "sgaExpense": 1930,
        "totalOperatingExpense": 1968,
        "totalOtherIncomeExpenseNet": 77
      },
      {
        "costOfGoodsSold": 5844,
        "depreciationAmortization": 37,
        "dilutedAverageSharesOutstanding": 1364,
        "dilutedEPS": 0.6965,
        "ebit": 1212,
        "equityEarningsAffiliates": 44,
        "grossIncome": 3470,
        "interestExpense": 118,
        "interestIncomeExpense": -118,
        "minorityInterest": 0,
        "netIncome": 950,
        "netIncomeAfterTaxes": 906,
        "nonRecurringItems": -19,
        "period": "2023-12-31",
        "pretaxIncome": 1163,
        "provisionforIncomeTaxes": 257,
        "revenue": 9314,
        "sgaExpense": 2221,
        "totalOperatingExpense": 2258,
        "totalOtherIncomeExpenseNet": 88
      },
      {
        "costOfGoodsSold": 5535,
        "depreciationAmortization": 38,
        "dilutedAverageSharesOutstanding": 1370,
        "dilutedEPS": 0.72,
        "ebit": 1459,
        "equityEarningsAffiliates": 11,
        "grossIncome": 3494,
        "interestExpense": 134,
        "interestIncomeExpense": -135,
        "minorityInterest": -4,
        "netIncome": 984,
        "netIncomeAfterTaxes": 977,
        "nonRecurringItems": -80,
        "period": "2023-09-30",
        "pretaxIncome": 1331,
        "provisionforIncomeTaxes": 354,
        "revenue": 9029,
        "sgaExpense": 1997,
        "totalOperatingExpense": 2035,
        "totalOtherIncomeExpenseNet": 87
      },
      {
        "costOfGoodsSold": 5153,
        "depreciationAmortization": 37,
        "dilutedAverageSharesOutstanding": 1371,
        "dilutedEPS": 0.69,
        "ebit": 1474,
        "equityEarningsAffiliates": 48,
        "grossIncome": 3354,
        "interestExpense": 145,
        "interestIncomeExpense": -334,
        "minorityInterest": 3,
        "netIncome": 944,
        "netIncomeAfterTaxes": 893,
        "nonRecurringItems": -50,
        "period": "2023-06-30",
        "pretaxIncome": 1161,
        "provisionforIncomeTaxes": 268,
        "revenue": 8507,
        "sgaExpense": 1843,
        "totalOperatingExpense": 1880,
        "totalOtherIncomeExpenseNet": 71
      },
      {
        "costOfGoodsSold": 5720,
        "depreciationAmortization": 39,
        "dilutedAverageSharesOutstanding": 1373,
        "dilutedEPS": 1.52,
        "ebit": 1564,
        "equityEarningsAffiliates": 522,
        "grossIncome": 3446,
        "interestExpense": 153,
        "interestIncomeExpense": 643,
        "minorityInterest": -8,
        "netIncome": 2081,
        "netIncomeAfterTaxes": 1567,
        "nonRecurringItems": -59,
        "period": "2023-03-31",
        "pretaxIncome": 2225,
        "provisionforIncomeTaxes": 658,
        "revenue": 9166,
        "sgaExpense": 1843,
        "totalOperatingExpense": 1882,
        "totalOtherIncomeExpenseNet": 77
      },
      {
        "costOfGoodsSold": 5620,
        "depreciationAmortization": 36,
        "dilutedAverageSharesOutstanding": 1373,
        "dilutedEPS": 0.42,
        "ebit": 921,
        "equityEarningsAffiliates": 82,
        "grossIncome": 3075,
        "interestExpense": 134,
        "interestIncomeExpense": -134,
        "minorityInterest": -1,
        "netIncome": 583,
        "netIncomeAfterTaxes": 502,
        "nonRecurringItems": -87,
        "period": "2022-12-31",
        "pretaxIncome": 772,
        "provisionforIncomeTaxes": 270,
        "revenue": 8695,
        "sgaExpense": 2118,
        "totalOperatingExpense": 2154,
        "totalOtherIncomeExpenseNet": 72
      },
      {
        "costOfGoodsSold": 5150,
        "depreciationAmortization": 32,
        "dilutedAverageSharesOutstanding": 1379,
        "dilutedEPS": 0.39,
        "ebit": 709,
        "equityEarningsAffiliates": 79,
        "grossIncome": 2613,
        "interestExpense": 114,
        "interestIncomeExpense": -114,
        "minorityInterest": -1,
        "netIncome": 532,
        "netIncomeAfterTaxes": 454,
        "nonRecurringItems": -30,
        "period": "2022-09-30",
        "pretaxIncome": 638,
        "provisionforIncomeTaxes": 184,
        "revenue": 7763,
        "sgaExpense": 1872,
        "totalOperatingExpense": 1904,
        "totalOtherIncomeExpenseNet": 73
      },
      {
        "costOfGoodsSold": 4633,
        "depreciationAmortization": 32,
        "dilutedAverageSharesOutstanding": 1389,
        "dilutedEPS": 0.54,
        "ebit": 943,
        "equityEarningsAffiliates": 90,
        "grossIncome": 2641,
        "interestExpense": 89,
        "interestIncomeExpense": -89,
        "minorityInterest": -1,
        "netIncome": 747,
        "netIncomeAfterTaxes": 658,
        "nonRecurringItems": -16,
        "period": "2022-06-30",
        "pretaxIncome": 859,
        "provisionforIncomeTaxes": 201,
        "revenue": 7274,
        "sgaExpense": 1666,
        "totalOperatingExpense": 1698,
        "totalOtherIncomeExpenseNet": 21
      },
      {
        "costOfGoodsSold": 4781,
        "depreciationAmortization": 32,
        "dilutedAverageSharesOutstanding": 1398,
        "dilutedEPS": 0.61,
        "ebit": 1263,
        "equityEarningsAffiliates": 112,
        "grossIncome": 2983,
        "interestExpense": 91,
        "interestIncomeExpense": -91,
        "minorityInterest": -6,
        "netIncome": 855,
        "netIncomeAfterTaxes": 749,
        "nonRecurringItems": -298,
        "period": "2022-03-31",
        "pretaxIncome": 959,
        "provisionforIncomeTaxes": 210,
        "revenue": 7764,
        "sgaExpense": 1688,
        "totalOperatingExpense": 1720,
        "totalOtherIncomeExpenseNet": 85
      },
      {
        "costOfGoodsSold": 4825,
        "depreciationAmortization": 32,
        "dilutedAverageSharesOutstanding": 1407,
        "dilutedEPS": 0.71,
        "ebit": 1134,
        "equityEarningsAffiliates": 100,
        "grossIncome": 2833,
        "interestExpense": 90,
        "interestIncomeExpense": -90,
        "minorityInterest": -2,
        "netIncome": 1003,
        "netIncomeAfterTaxes": 905,
        "nonRecurringItems": 70,
        "period": "2021-12-31",
        "pretaxIncome": 1143,
        "provisionforIncomeTaxes": 238,
        "revenue": 7658,
        "sgaExpense": 1667,
        "totalOperatingExpense": 1699,
        "totalOtherIncomeExpenseNet": 29
      },
      {
        "costOfGoodsSold": 4358,
        "depreciationAmortization": 32,
        "dilutedAverageSharesOutstanding": 1408,
        "dilutedEPS": 0.89,
        "ebit": 1358,
        "equityEarningsAffiliates": 355,
        "grossIncome": 2824,
        "interestExpense": 87,
        "interestIncomeExpense": -87,
        "minorityInterest": -4,
        "netIncome": 1258,
        "netIncomeAfterTaxes": 907,
        "nonRecurringItems": -64,
        "period": "2021-09-30",
        "pretaxIncome": 1249,
        "provisionforIncomeTaxes": 342,
        "revenue": 7182,
        "sgaExpense": 1434,
        "totalOperatingExpense": 1466,
        "totalOtherIncomeExpenseNet": 42
      },
      {
        "costOfGoodsSold": 4011,
        "depreciationAmortization": 32,
        "dilutedAverageSharesOutstanding": 1416,
        "dilutedEPS": 0.76,
        "ebit": 1009,
        "equityEarningsAffiliates": 609,
        "grossIncome": 2631,
        "interestExpense": 90,
        "interestIncomeExpense": -90,
        "minorityInterest": -1,
        "netIncome": 1078,
        "netIncomeAfterTaxes": 470,
        "nonRecurringItems": -137,
        "period": "2021-06-30",
        "pretaxIncome": 868,
        "provisionforIncomeTaxes": 398,
        "revenue": 6642,
        "sgaExpense": 1590,
        "totalOperatingExpense": 1622,
        "totalOtherIncomeExpenseNet": 86
      },
      {
        "costOfGoodsSold": 4272,
        "depreciationAmortization": 38,
        "dilutedAverageSharesOutstanding": 1422,
        "dilutedEPS": 0.68,
        "ebit": 1369,
        "equityEarningsAffiliates": 71,
        "grossIncome": 2966,
        "interestExpense": 98,
        "interestIncomeExpense": -98,
        "minorityInterest": -7,
        "netIncome": 961,
        "netIncomeAfterTaxes": 897,
        "nonRecurringItems": -223,
        "period": "2021-03-31",
        "pretaxIncome": 1109,
        "provisionforIncomeTaxes": 212,
        "revenue": 7238,
        "sgaExpense": 1559,
        "totalOperatingExpense": 1597,
        "totalOtherIncomeExpenseNet": 61
      },
      {
        "costOfGoodsSold": 4426,
        "depreciationAmortization": 51,
        "dilutedAverageSharesOutstanding": 1438,
        "dilutedEPS": 0.8,
        "ebit": 1199,
        "equityEarningsAffiliates": 562,
        "grossIncome": 2872,
        "interestExpense": 101,
        "interestIncomeExpense": -101,
        "minorityInterest": -3,
        "netIncome": 1156,
        "netIncomeAfterTaxes": 597,
        "nonRecurringItems": -235,
        "period": "2020-12-31",
        "pretaxIncome": 941,
        "provisionforIncomeTaxes": 344,
        "revenue": 7298,
        "sgaExpense": 1622,
        "totalOperatingExpense": 1673,
        "totalOtherIncomeExpenseNet": 78
      },
      {
        "costOfGoodsSold": 3873,
        "depreciationAmortization": 50,
        "dilutedAverageSharesOutstanding": 1442,
        "dilutedEPS": 0.78,
        "ebit": 1260,
        "equityEarningsAffiliates": 429,
        "grossIncome": 2792,
        "interestExpense": 104,
        "interestIncomeExpense": -104,
        "minorityInterest": -3,
        "netIncome": 1119,
        "netIncomeAfterTaxes": 693,
        "nonRecurringItems": -125,
        "period": "2020-09-30",
        "pretaxIncome": 1084,
        "provisionforIncomeTaxes": 391,
        "revenue": 6665,
        "sgaExpense": 1482,
        "totalOperatingExpense": 1532,
        "totalOtherIncomeExpenseNet": 53
      },
      {
        "costOfGoodsSold": 3580,
        "depreciationAmortization": 50,
        "dilutedAverageSharesOutstanding": 1439,
        "dilutedEPS": 0.38,
        "ebit": 831,
        "equityEarningsAffiliates": 227,
        "grossIncome": 2331,
        "interestExpense": 108,
        "interestIncomeExpense": -108,
        "minorityInterest": -1,
        "netIncome": 544,
        "netIncomeAfterTaxes": 318,
        "nonRecurringItems": -118,
        "period": "2020-06-30",
        "pretaxIncome": 659,
        "provisionforIncomeTaxes": 341,
        "revenue": 5911,
        "sgaExpense": 1450,
        "totalOperatingExpense": 1500,
        "totalOtherIncomeExpenseNet": 54
      },
      {
        "costOfGoodsSold": 4256,
        "depreciationAmortization": 43,
        "dilutedAverageSharesOutstanding": 1441,
        "dilutedEPS": 0.51,
        "ebit": 873,
        "equityEarningsAffiliates": 192,
        "grossIncome": 2451,
        "interestExpense": 110,
        "interestIncomeExpense": -213,
        "minorityInterest": -7,
        "netIncome": 736,
        "netIncomeAfterTaxes": 551,
        "nonRecurringItems": -17,
        "period": "2020-03-31",
        "pretaxIncome": 699,
        "provisionforIncomeTaxes": 148,
        "revenue": 6707,
        "sgaExpense": 1535,
        "totalOperatingExpense": 1578,
        "totalOtherIncomeExpenseNet": 56
      },
      {
        "costOfGoodsSold": 4154,
        "depreciationAmortization": 44,
        "dilutedAverageSharesOutstanding": 1455,
        "dilutedEPS": 0.51,
        "ebit": 961,
        "equityEarningsAffiliates": 112,
        "grossIncome": 2759,
        "interestExpense": 113,
        "interestIncomeExpense": -113,
        "minorityInterest": -3,
        "netIncome": 733,
        "netIncomeAfterTaxes": 627,
        "nonRecurringItems": -55,
        "period": "2019-12-31",
        "pretaxIncome": 854,
        "provisionforIncomeTaxes": 227,
        "revenue": 6913,
        "sgaExpense": 1754,
        "totalOperatingExpense": 1798,
        "totalOtherIncomeExpenseNet": 61
      },
      {
        "costOfGoodsSold": 3839,
        "depreciationAmortization": 43,
        "dilutedAverageSharesOutstanding": 1458,
        "dilutedEPS": 0.98,
        "ebit": 1007,
        "equityEarningsAffiliates": 114,
        "grossIncome": 2516,
        "interestExpense": 121,
        "interestIncomeExpense": -232,
        "minorityInterest": -5,
        "netIncome": 1426,
        "netIncomeAfterTaxes": 1317,
        "nonRecurringItems": -131,
        "period": "2019-09-30",
        "pretaxIncome": 684,
        "provisionforIncomeTaxes": -633,
        "revenue": 6355,
        "sgaExpense": 1466,
        "totalOperatingExpense": 1509,
        "totalOtherIncomeExpenseNet": 40
      },
      {
        "costOfGoodsSold": 3593,
        "depreciationAmortization": 43,
        "dilutedAverageSharesOutstanding": 1458,
        "dilutedEPS": 0.55,
        "ebit": 999,
        "equityEarningsAffiliates": 84,
        "grossIncome": 2469,
        "interestExpense": 127,
        "interestIncomeExpense": -127,
        "minorityInterest": 1,
        "netIncome": 803,
        "netIncomeAfterTaxes": 720,
        "nonRecurringItems": 26,
        "period": "2019-06-30",
        "pretaxIncome": 936,
        "provisionforIncomeTaxes": 216,
        "revenue": 6062,
        "sgaExpense": 1427,
        "totalOperatingExpense": 1470,
        "totalOtherIncomeExpenseNet": 38
      },
      {
        "costOfGoodsSold": 3945,
        "depreciationAmortization": 44,
        "dilutedAverageSharesOutstanding": 1459,
        "dilutedEPS": 0.66,
        "ebit": 1056,
        "equityEarningsAffiliates": 189,
        "grossIncome": 2593,
        "interestExpense": 123,
        "interestIncomeExpense": -123,
        "minorityInterest": -8,
        "netIncome": 967,
        "netIncomeAfterTaxes": 784,
        "nonRecurringItems": -20,
        "period": "2019-03-31",
        "pretaxIncome": 973,
        "provisionforIncomeTaxes": 189,
        "revenue": 6538,
        "sgaExpense": 1493,
        "totalOperatingExpense": 1537,
        "totalOtherIncomeExpenseNet": 60
      },
      {
        "costOfGoodsSold": 4224,
        "depreciationAmortization": 44,
        "dilutedAverageSharesOutstanding": 1471,
        "dilutedEPS": 0.51,
        "ebit": 1069,
        "equityEarningsAffiliates": 106,
        "grossIncome": 2549,
        "interestExpense": 128,
        "interestIncomeExpense": -128,
        "minorityInterest": -3,
        "netIncome": 759,
        "netIncomeAfterTaxes": 580,
        "nonRecurringItems": -199,
        "period": "2018-12-31",
        "pretaxIncome": 767,
        "provisionforIncomeTaxes": 187,
        "revenue": 6773,
        "sgaExpense": 1436,
        "totalOperatingExpense": 1480,
        "totalOtherIncomeExpenseNet": 25
      },
      {
        "costOfGoodsSold": 3874,
        "depreciationAmortization": 44,
        "dilutedAverageSharesOutstanding": 1480,
        "dilutedEPS": 0.81,
        "ebit": 947,
        "equityEarningsAffiliates": 837,
        "grossIncome": 2414,
        "interestExpense": 117,
        "interestIncomeExpense": -103,
        "minorityInterest": -3,
        "netIncome": 1194,
        "netIncomeAfterTaxes": 368,
        "nonRecurringItems": -208,
        "period": "2018-09-30",
        "pretaxIncome": 670,
        "provisionforIncomeTaxes": 302,
        "revenue": 6288,
        "sgaExpense": 1423,
        "totalOperatingExpense": 1467,
        "totalOtherIncomeExpenseNet": 34
      },
      {
        "costOfGoodsSold": 3572,
        "depreciationAmortization": 44,
        "dilutedAverageSharesOutstanding": 1488,
        "dilutedEPS": 0.21,
        "ebit": 662,
        "equityEarningsAffiliates": 87,
        "grossIncome": 2540,
        "interestExpense": 115,
        "interestIncomeExpense": -113,
        "minorityInterest": -2,
        "netIncome": 318,
        "netIncomeAfterTaxes": 231,
        "nonRecurringItems": -321,
        "period": "2018-06-30",
        "pretaxIncome": 248,
        "provisionforIncomeTaxes": 17,
        "revenue": 6112,
        "sgaExpense": 1834,
        "totalOperatingExpense": 1878,
        "totalOtherIncomeExpenseNet": 20
      },
      {
        "costOfGoodsSold": 3916,
        "depreciationAmortization": 44,
        "dilutedAverageSharesOutstanding": 1505,
        "dilutedEPS": 0.69,
        "ebit": 1343,
        "equityEarningsAffiliates": 232,
        "grossIncome": 2849,
        "interestExpense": 102,
        "interestIncomeExpense": -93,
        "minorityInterest": -6,
        "netIncome": 1046,
        "netIncomeAfterTaxes": 909,
        "nonRecurringItems": -116,
        "period": "2018-03-31",
        "pretaxIncome": 1157,
        "provisionforIncomeTaxes": 248,
        "revenue": 6765,
        "sgaExpense": 1462,
        "totalOperatingExpense": 1506,
        "totalOtherIncomeExpenseNet": 23
      },
      {
        "costOfGoodsSold": 4313,
        "depreciationAmortization": 45,
        "dilutedAverageSharesOutstanding": 1513,
        "dilutedEPS": 0.45,
        "ebit": 1028,
        "equityEarningsAffiliates": 135,
        "grossIncome": 2653,
        "interestExpense": 101,
        "interestIncomeExpense": -100,
        "minorityInterest": -8,
        "netIncome": 695,
        "netIncomeAfterTaxes": 524,
        "nonRecurringItems": -197,
        "period": "2017-12-31",
        "pretaxIncome": 724,
        "provisionforIncomeTaxes": 200,
        "revenue": 6966,
        "sgaExpense": 1580,
        "totalOperatingExpense": 1625,
        "totalOtherIncomeExpenseNet": -7
      },
      {
        "costOfGoodsSold": 3981,
        "depreciationAmortization": 45,
        "dilutedAverageSharesOutstanding": 1524,
        "dilutedEPS": 0.64,
        "ebit": 1228,
        "equityEarningsAffiliates": 92,
        "grossIncome": 2549,
        "interestExpense": 89,
        "interestIncomeExpense": -77,
        "minorityInterest": -1,
        "netIncome": 981,
        "netIncomeAfterTaxes": 890,
        "nonRecurringItems": -57,
        "period": "2017-09-30",
        "pretaxIncome": 1162,
        "provisionforIncomeTaxes": 272,
        "revenue": 6530,
        "sgaExpense": 1276,
        "totalOperatingExpense": 1321,
        "totalOtherIncomeExpenseNet": 68
      },
      {
        "costOfGoodsSold": 3672,
        "depreciationAmortization": 44,
        "dilutedAverageSharesOutstanding": 1528,
        "dilutedEPS": 0.35,
        "ebit": 879,
        "equityEarningsAffiliates": 91,
        "grossIncome": 2314,
        "interestExpense": 103,
        "interestIncomeExpense": -107,
        "minorityInterest": -2,
        "netIncome": 522,
        "netIncomeAfterTaxes": 433,
        "nonRecurringItems": -253,
        "period": "2017-06-30",
        "pretaxIncome": 517,
        "provisionforIncomeTaxes": 84,
        "revenue": 5986,
        "sgaExpense": 1391,
        "totalOperatingExpense": 1435,
        "totalOtherIncomeExpenseNet": -2
      },
      {
        "costOfGoodsSold": 3896,
        "depreciationAmortization": 44,
        "dilutedAverageSharesOutstanding": 1550,
        "dilutedEPS": 0.41,
        "ebit": 1046,
        "equityEarningsAffiliates": 66,
        "grossIncome": 2518,
        "interestExpense": 103,
        "interestIncomeExpense": -104,
        "minorityInterest": -3,
        "netIncome": 630,
        "netIncomeAfterTaxes": 567,
        "nonRecurringItems": -220,
        "period": "2017-03-31",
        "pretaxIncome": 721,
        "provisionforIncomeTaxes": 154,
        "revenue": 6414,
        "sgaExpense": 1428,
        "totalOperatingExpense": 1472,
        "totalOtherIncomeExpenseNet": -1
      },
      {
        "costOfGoodsSold": 4181,
        "depreciationAmortization": 44,
        "dilutedAverageSharesOutstanding": 1555,
        "dilutedEPS": 0.06,
        "ebit": 1163,
        "equityEarningsAffiliates": 83,
        "grossIncome": 2589,
        "interestExpense": 115,
        "interestIncomeExpense": -111,
        "minorityInterest": 0,
        "netIncome": 93,
        "netIncomeAfterTaxes": 10,
        "nonRecurringItems": -1087,
        "period": "2016-12-31",
        "pretaxIncome": -68,
        "provisionforIncomeTaxes": -78,
        "revenue": 6770,
        "sgaExpense": 1382,
        "totalOperatingExpense": 1426,
        "totalOtherIncomeExpenseNet": -33
      },
      {
        "costOfGoodsSold": 3908,
        "depreciationAmortization": 44,
        "dilutedAverageSharesOutstanding": 1576,
        "dilutedEPS": 0.35,
        "ebit": 1189,
        "equityEarningsAffiliates": 31,
        "grossIncome": 2488,
        "interestExpense": 129,
        "interestIncomeExpense": -125,
        "minorityInterest": 0,
        "netIncome": 548,
        "netIncomeAfterTaxes": 517,
        "nonRecurringItems": -491,
        "period": "2016-09-30",
        "pretaxIncome": 557,
        "provisionforIncomeTaxes": 40,
        "revenue": 6396,
        "sgaExpense": 1255,
        "totalOperatingExpense": 1299,
        "totalOtherIncomeExpenseNet": -16
      },
      {
        "costOfGoodsSold": 3786,
        "depreciationAmortization": 44,
        "dilutedAverageSharesOutstanding": 1576,
        "dilutedEPS": 0.29,
        "ebit": 1024,
        "equityEarningsAffiliates": 102,
        "grossIncome": 2516,
        "interestExpense": 135,
        "interestIncomeExpense": -127,
        "minorityInterest": -7,
        "netIncome": 464,
        "netIncomeAfterTaxes": 369,
        "nonRecurringItems": -394,
        "period": "2016-06-30",
        "pretaxIncome": 487,
        "provisionforIncomeTaxes": 118,
        "revenue": 6302,
        "sgaExpense": 1448,
        "totalOperatingExpense": 1492,
        "totalOtherIncomeExpenseNet": -16
      },
      {
        "costOfGoodsSold": 3920,
        "depreciationAmortization": 44,
        "dilutedAverageSharesOutstanding": 1587,
        "dilutedEPS": 0.35,
        "ebit": 1109,
        "equityEarningsAffiliates": 128,
        "grossIncome": 2535,
        "interestExpense": 136,
        "interestIncomeExpense": -229,
        "minorityInterest": -3,
        "netIncome": 554,
        "netIncomeAfterTaxes": 429,
        "nonRecurringItems": -391,
        "period": "2016-03-31",
        "pretaxIncome": 478,
        "provisionforIncomeTaxes": 49,
        "revenue": 6455,
        "sgaExpense": 1382,
        "totalOperatingExpense": 1426,
        "totalOtherIncomeExpenseNet": -11
      },
      {
        "costOfGoodsSold": 4529,
        "depreciationAmortization": 44,
        "dilutedAverageSharesOutstanding": 1589,
        "dilutedEPS": -0.46,
        "ebit": 894,
        "equityEarningsAffiliates": 72,
        "grossIncome": 2835,
        "interestIncomeExpense": -200,
        "minorityInterest": -13,
        "netIncome": -729,
        "netIncomeAfterTaxes": -788,
        "nonRecurringItems": -1450,
        "period": "2015-12-31",
        "pretaxIncome": -756,
        "provisionforIncomeTaxes": 32,
        "revenue": 7364,
        "sgaExpense": 1897,
        "totalOperatingExpense": 1941
      },
      {
        "costOfGoodsSold": 4179,
        "depreciationAmortization": 45,
        "dilutedAverageSharesOutstanding": 1629,
        "dilutedEPS": 4.46,
        "ebit": 840,
        "equityEarningsAffiliates": -72,
        "grossIncome": 2670,
        "interestIncomeExpense": -109,
        "minorityInterest": -2,
        "netIncome": 7266,
        "netIncomeAfterTaxes": 7340,
        "nonRecurringItems": 6957,
        "period": "2015-09-30",
        "pretaxIncome": 7688,
        "provisionforIncomeTaxes": 348,
        "revenue": 6849,
        "sgaExpense": 1785,
        "totalOperatingExpense": 1830
      }
    ],
    "symbol": "MDLZ"
  }
}