{
  "symbol": "EQIX",
  "statement": "ic",
  "frequency": "quarterly",
  "timestamp": "2025-09-19T13:59:55.755327",
  "data": {
    "financials": [
      {
        "costOfGoodsSold": 1084,
        "dilutedAverageSharesOutstanding": 98.05,
        "dilutedEPS": 3.7532,
        "ebit": 500,
        "grossIncome": 1172,
        "interestExpense": 135,
        "interestIncomeExpense": -83,
        "minorityInterest": 1,
        "netIncome": 368,
        "netIncomeAfterTaxes": 367,
        "nonRecurringItems": -5,
        "period": "2025-06-30",
        "pretaxIncome": 405,
        "provisionforIncomeTaxes": 38,
        "revenue": 2256,
        "sgaExpense": 672,
        "totalOperatingExpense": 672,
        "totalOtherIncomeExpenseNet": -7
      },
      {
        "costOfGoodsSold": 1084,
        "dilutedAverageSharesOutstanding": 97.887,
        "dilutedEPS": 3.504,
        "ebit": 474,
        "grossIncome": 1141,
        "interestExpense": 122,
        "interestIncomeExpense": -75,
        "minorityInterest": 0,
        "netIncome": 343,
        "netIncomeAfterTaxes": 343,
        "nonRecurringItems": -16,
        "period": "2025-03-31",
        "pretaxIncome": 392,
        "provisionforIncomeTaxes": 49,
        "revenue": 2225,
        "sgaExpense": 667,
        "totalOperatingExpense": 667,
        "totalOtherIncomeExpenseNet": 9
      },
      {
        "costOfGoodsSold": 1196,
        "dilutedAverageSharesOutstanding": 96.852,
        "dilutedEPS": -0.1446,
        "ebit": 405,
        "grossIncome": 1065,
        "interestExpense": 126,
        "interestIncomeExpense": -77,
        "minorityInterest": 0,
        "netIncome": -14,
        "netIncomeAfterTaxes": -14,
        "nonRecurringItems": -317,
        "period": "2024-12-31",
        "pretaxIncome": 0,
        "provisionforIncomeTaxes": 14,
        "revenue": 2261,
        "sgaExpense": 660,
        "totalOperatingExpense": 660,
        "totalOtherIncomeExpenseNet": -11
      },
      {
        "costOfGoodsSold": 1098,
        "dilutedAverageSharesOutstanding": 95.731,
        "dilutedEPS": 3.1024,
        "ebit": 432,
        "grossIncome": 1103,
        "interestExpense": 117,
        "interestIncomeExpense": -82,
        "minorityInterest": 1,
        "netIncome": 297,
        "netIncomeAfterTaxes": 296,
        "nonRecurringItems": -7,
        "period": "2024-09-30",
        "pretaxIncome": 350,
        "provisionforIncomeTaxes": 54,
        "revenue": 2201,
        "sgaExpense": 671,
        "totalOperatingExpense": 671,
        "totalOtherIncomeExpenseNet": 7
      },
      {
        "costOfGoodsSold": 1082,
        "dilutedAverageSharesOutstanding": 95.166,
        "dilutedEPS": 3.1629,
        "ebit": 421,
        "grossIncome": 1077,
        "interestExpense": 110,
        "interestIncomeExpense": -81,
        "netIncome": 301,
        "netIncomeAfterTaxes": 301,
        "nonRecurringItems": 15,
        "period": "2024-06-30",
        "pretaxIncome": 348,
        "provisionforIncomeTaxes": 47,
        "revenue": 2159,
        "sgaExpense": 656,
        "totalOperatingExpense": 656,
        "totalOtherIncomeExpenseNet": -7
      },
      {
        "costOfGoodsSold": 1091,
        "dilutedAverageSharesOutstanding": 95.156,
        "dilutedEPS": 2.4276,
        "ebit": 366,
        "grossIncome": 1036,
        "interestExpense": 104,
        "interestIncomeExpense": -80,
        "netIncome": 231,
        "netIncomeAfterTaxes": 231,
        "nonRecurringItems": -3,
        "period": "2024-03-31",
        "pretaxIncome": 277,
        "provisionforIncomeTaxes": 46,
        "revenue": 2127,
        "sgaExpense": 670,
        "totalOperatingExpense": 670,
        "totalOtherIncomeExpenseNet": -6
      },
      {
        "costOfGoodsSold": 1091.776,
        "dilutedAverageSharesOutstanding": 94.672,
        "dilutedEPS": 2.4038,
        "ebit": 352.261,
        "grossIncome": 1018.713,
        "interestExpense": 103.183,
        "interestIncomeExpense": -74.958,
        "minorityInterest": 0.091,
        "netIncome": 227.568,
        "netIncomeAfterTaxes": 227.477,
        "nonRecurringItems": -5.774,
        "period": "2023-12-31",
        "pretaxIncome": 270.302,
        "provisionforIncomeTaxes": 42.825,
        "revenue": 2110.489,
        "sgaExpense": 666.452,
        "totalOperatingExpense": 666.452,
        "totalOtherIncomeExpenseNet": -1.227
      },
      {
        "costOfGoodsSold": 1069,
        "dilutedAverageSharesOutstanding": 94.2,
        "dilutedEPS": 2.93,
        "ebit": 375.7,
        "grossIncome": 992,
        "interestExpense": 101.385,
        "interestIncomeExpense": -78.3,
        "minorityInterest": 0,
        "netIncome": 275.8,
        "netIncomeAfterTaxes": 275.8,
        "nonRecurringItems": 4.3,
        "period": "2023-09-30",
        "pretaxIncome": 295.7,
        "provisionforIncomeTaxes": 20,
        "revenue": 2061,
        "sgaExpense": 616.4,
        "totalOperatingExpense": 616.3,
        "totalOtherIncomeExpenseNet": -6
      },
      {
        "costOfGoodsSold": 1060.8,
        "dilutedAverageSharesOutstanding": 93.9,
        "dilutedEPS": 2.21,
        "ebit": 336.2,
        "grossIncome": 957.6,
        "interestExpense": 99.973,
        "interestIncomeExpense": -76.5,
        "minorityInterest": 0,
        "netIncome": 207,
        "netIncomeAfterTaxes": 207,
        "nonRecurringItems": -3.8,
        "period": "2023-06-30",
        "pretaxIncome": 244.4,
        "provisionforIncomeTaxes": 37.4,
        "revenue": 2018.4,
        "sgaExpense": 621.4,
        "totalOperatingExpense": 621.4,
        "totalOtherIncomeExpenseNet": -11.5
      },
      {
        "costOfGoodsSold": 1006.1,
        "dilutedAverageSharesOutstanding": 93.3,
        "dilutedEPS": 2.77,
        "ebit": 386.6,
        "grossIncome": 992.1,
        "interestExpense": 97.481,
        "interestIncomeExpense": -78.1,
        "minorityInterest": 0.1,
        "netIncome": 258.8,
        "netIncomeAfterTaxes": 258.7,
        "nonRecurringItems": -2.2,
        "period": "2023-03-31",
        "pretaxIncome": 313.8,
        "provisionforIncomeTaxes": 55.1,
        "revenue": 1998.2,
        "sgaExpense": 605.5,
        "totalOperatingExpense": 605.5,
        "totalOtherIncomeExpenseNet": 7.5
      },
      {
        "costOfGoodsSold": 970.7,
        "dilutedAverageSharesOutstanding": 92.8,
        "dilutedEPS": 1.39,
        "ebit": 292.7,
        "grossIncome": 900.1,
        "interestExpense": 94.2,
        "interestIncomeExpense": -75.7,
        "minorityInterest": -0.1,
        "netIncome": 128.8,
        "netIncomeAfterTaxes": 128.9,
        "nonRecurringItems": -10.4,
        "period": "2022-12-31",
        "pretaxIncome": 177.7,
        "provisionforIncomeTaxes": 48.8,
        "revenue": 1870.8,
        "sgaExpense": 607.4,
        "totalOperatingExpense": 607.4,
        "totalOtherIncomeExpenseNet": -28.9
      },
      {
        "costOfGoodsSold": 934.7,
        "dilutedAverageSharesOutstanding": 92.1,
        "dilutedEPS": 2.3,
        "ebit": 337.4,
        "grossIncome": 906,
        "interestExpense": 91.346,
        "interestIncomeExpense": -80.2,
        "minorityInterest": 0.1,
        "netIncome": 211.8,
        "netIncomeAfterTaxes": 211.7,
        "nonRecurringItems": -4.2,
        "period": "2022-09-30",
        "pretaxIncome": 246.3,
        "provisionforIncomeTaxes": 34.6,
        "revenue": 1840.7,
        "sgaExpense": 568.6,
        "totalOperatingExpense": 568.5,
        "totalOtherIncomeExpenseNet": -6.7
      },
      {
        "costOfGoodsSold": 930.3,
        "dilutedAverageSharesOutstanding": 91.3,
        "dilutedEPS": 2.37,
        "ebit": 322.8,
        "grossIncome": 886.9,
        "interestExpense": 90.826,
        "interestIncomeExpense": -86.3,
        "minorityInterest": 0.1,
        "netIncome": 216.3,
        "netIncomeAfterTaxes": 216.2,
        "nonRecurringItems": -5.4,
        "period": "2022-06-30",
        "pretaxIncome": 224.9,
        "provisionforIncomeTaxes": 8.6,
        "revenue": 1817.2,
        "sgaExpense": 564.1,
        "totalOperatingExpense": 564,
        "totalOtherIncomeExpenseNet": -6.2
      },
      {
        "costOfGoodsSold": 915.9,
        "dilutedAverageSharesOutstanding": 91.2,
        "dilutedEPS": 1.62,
        "ebit": 273.3,
        "grossIncome": 818.6,
        "interestExpense": 79.965,
        "interestIncomeExpense": -77.9,
        "minorityInterest": -0.2,
        "netIncome": 147.5,
        "netIncomeAfterTaxes": 147.7,
        "nonRecurringItems": -5.5,
        "period": "2022-03-31",
        "pretaxIncome": 180.4,
        "provisionforIncomeTaxes": 32.7,
        "revenue": 1734.4,
        "sgaExpense": 545.2,
        "totalOperatingExpense": 545.2,
        "totalOtherIncomeExpenseNet": -9.5
      },
      {
        "costOfGoodsSold": 910.4,
        "dilutedAverageSharesOutstanding": 91,
        "dilutedEPS": 1.35,
        "ebit": 262.4,
        "grossIncome": 795.9,
        "interestExpense": 80.227,
        "interestIncomeExpense": -79.1,
        "minorityInterest": 0.1,
        "netIncome": 123.3,
        "netIncomeAfterTaxes": 123.1,
        "nonRecurringItems": -12.5,
        "period": "2021-12-31",
        "pretaxIncome": 165,
        "provisionforIncomeTaxes": 41.9,
        "revenue": 1706.4,
        "sgaExpense": 533.5,
        "totalOperatingExpense": 533.5,
        "totalOtherIncomeExpenseNet": -5.8
      },
      {
        "costOfGoodsSold": 895.4,
        "dilutedAverageSharesOutstanding": 90.5,
        "dilutedEPS": 1.68,
        "ebit": 271.9,
        "grossIncome": 779.8,
        "interestExpense": 78.943,
        "interestIncomeExpense": -78.5,
        "minorityInterest": 0.2,
        "netIncome": 152.2,
        "netIncomeAfterTaxes": 152,
        "nonRecurringItems": 10.4,
        "period": "2021-09-30",
        "pretaxIncome": 205.3,
        "provisionforIncomeTaxes": 53.2,
        "revenue": 1675.2,
        "sgaExpense": 507.9,
        "totalOperatingExpense": 507.9,
        "totalOtherIncomeExpenseNet": 1.5
      },
      {
        "costOfGoodsSold": 865.1,
        "dilutedAverageSharesOutstanding": 90.1,
        "dilutedEPS": 0.76,
        "ebit": 285.2,
        "grossIncome": 792.8,
        "interestExpense": 87.231,
        "interestIncomeExpense": -86.9,
        "minorityInterest": -0.1,
        "netIncome": 68.3,
        "netIncomeAfterTaxes": 68.5,
        "nonRecurringItems": -109,
        "period": "2021-06-30",
        "pretaxIncome": 50,
        "provisionforIncomeTaxes": -18.5,
        "revenue": 1657.9,
        "sgaExpense": 507.6,
        "totalOperatingExpense": 507.6,
        "totalOtherIncomeExpenseNet": -39.4
      },
      {
        "costOfGoodsSold": 811.2,
        "dilutedAverageSharesOutstanding": 89.8,
        "dilutedEPS": 1.74,
        "ebit": 300.6,
        "grossIncome": 784.8,
        "interestExpense": 89.681,
        "interestIncomeExpense": -89,
        "minorityInterest": 0.3,
        "netIncome": 156.4,
        "netIncomeAfterTaxes": 156.1,
        "nonRecurringItems": -16,
        "period": "2021-03-31",
        "pretaxIncome": 188.7,
        "provisionforIncomeTaxes": 32.6,
        "revenue": 1596.1,
        "sgaExpense": 484.3,
        "totalOperatingExpense": 484.3,
        "totalOtherIncomeExpenseNet": -7
      },
      {
        "costOfGoodsSold": 830.7,
        "dilutedAverageSharesOutstanding": 89.9,
        "dilutedEPS": 0.57,
        "ebit": 253.2,
        "grossIncome": 733.4,
        "interestExpense": 90.912,
        "interestIncomeExpense": -89.7,
        "minorityInterest": 0.1,
        "netIncome": 51,
        "netIncomeAfterTaxes": 50.9,
        "nonRecurringItems": -68.6,
        "period": "2020-12-31",
        "pretaxIncome": 92.2,
        "provisionforIncomeTaxes": 41.3,
        "revenue": 1564.1,
        "sgaExpense": 480.2,
        "totalOperatingExpense": 480.2,
        "totalOtherIncomeExpenseNet": -2.7
      },
      {
        "costOfGoodsSold": 768,
        "dilutedAverageSharesOutstanding": 89.5,
        "dilutedEPS": 0.74,
        "ebit": 299.8,
        "grossIncome": 751.8,
        "interestExpense": 99.736,
        "interestIncomeExpense": -98.3,
        "minorityInterest": -0.1,
        "netIncome": 66.7,
        "netIncomeAfterTaxes": 66.8,
        "nonRecurringItems": -104.9,
        "period": "2020-09-30",
        "pretaxIncome": 96.7,
        "provisionforIncomeTaxes": 29.9,
        "revenue": 1519.8,
        "sgaExpense": 452.1,
        "totalOperatingExpense": 452,
        "totalOtherIncomeExpenseNet": 0.2
      },
      {
        "costOfGoodsSold": 739.3,
        "dilutedAverageSharesOutstanding": 87.9,
        "dilutedEPS": 1.52,
        "ebit": 295.7,
        "grossIncome": 730.8,
        "interestExpense": 108.48,
        "interestIncomeExpense": -106.8,
        "minorityInterest": 0,
        "netIncome": 133.3,
        "netIncomeAfterTaxes": 133.4,
        "nonRecurringItems": -15.1,
        "period": "2020-06-30",
        "pretaxIncome": 178.1,
        "provisionforIncomeTaxes": 44.8,
        "revenue": 1470.1,
        "sgaExpense": 435,
        "totalOperatingExpense": 435.1,
        "totalOtherIncomeExpenseNet": 4.3
      },
      {
        "costOfGoodsSold": 736.3,
        "dilutedAverageSharesOutstanding": 86.1,
        "dilutedEPS": 1.38,
        "ebit": 266.2,
        "grossIncome": 708.3,
        "interestExpense": 107.338,
        "interestIncomeExpense": 30.8,
        "minorityInterest": -0.2,
        "netIncome": 118.8,
        "netIncomeAfterTaxes": 119,
        "nonRecurringItems": -19.2,
        "period": "2020-03-31",
        "pretaxIncome": 149.1,
        "provisionforIncomeTaxes": 30.2,
        "revenue": 1444.5,
        "sgaExpense": 442,
        "totalOperatingExpense": 442,
        "totalOtherIncomeExpenseNet": -128.7
      },
      {
        "costOfGoodsSold": 725.6,
        "dilutedAverageSharesOutstanding": 86,
        "dilutedEPS": 1.45,
        "ebit": 285.4,
        "grossIncome": 691.5,
        "interestExpense": 117.617,
        "interestIncomeExpense": -169.3,
        "minorityInterest": 0.2,
        "netIncome": 125,
        "netIncomeAfterTaxes": 124.8,
        "nonRecurringItems": -25.2,
        "period": "2019-12-31",
        "pretaxIncome": 162.5,
        "provisionforIncomeTaxes": 37.6,
        "revenue": 1417.1,
        "sgaExpense": 406.1,
        "totalOperatingExpense": 406.1,
        "totalOtherIncomeExpenseNet": 71.5
      },
      {
        "costOfGoodsSold": 704.3,
        "dilutedAverageSharesOutstanding": 85.6,
        "dilutedEPS": 1.41,
        "ebit": 289.1,
        "grossIncome": 692.5,
        "interestExpense": 118.674,
        "interestIncomeExpense": -32.8,
        "minorityInterest": 0,
        "netIncome": 120.9,
        "netIncomeAfterTaxes": 120.8,
        "nonRecurringItems": -3.4,
        "period": "2019-09-30",
        "pretaxIncome": 178.6,
        "provisionforIncomeTaxes": 57.8,
        "revenue": 1396.8,
        "sgaExpense": 403.4,
        "totalOperatingExpense": 403.4,
        "totalOtherIncomeExpenseNet": -74.2
      },
      {
        "costOfGoodsSold": 698.2,
        "dilutedAverageSharesOutstanding": 84.8,
        "dilutedEPS": 1.69,
        "ebit": 295,
        "grossIncome": 686.8,
        "interestExpense": 120.547,
        "interestIncomeExpense": -102.6,
        "minorityInterest": -0.3,
        "netIncome": 143.5,
        "netIncomeAfterTaxes": 143.9,
        "nonRecurringItems": -3.2,
        "period": "2019-06-30",
        "pretaxIncome": 191.2,
        "provisionforIncomeTaxes": 47.3,
        "revenue": 1385,
        "sgaExpense": 391.9,
        "totalOperatingExpense": 391.8,
        "totalOtherIncomeExpenseNet": 2
      },
      {
        "costOfGoodsSold": 682,
        "dilutedAverageSharesOutstanding": 82.1,
        "dilutedEPS": 1.44,
        "ebit": 296.4,
        "grossIncome": 681.2,
        "interestExpense": 122.846,
        "interestIncomeExpense": -110.3,
        "minorityInterest": 0.3,
        "netIncome": 118.1,
        "netIncomeAfterTaxes": 117.7,
        "nonRecurringItems": -17.3,
        "period": "2019-03-31",
        "pretaxIncome": 160.3,
        "provisionforIncomeTaxes": 42.6,
        "revenue": 1363.2,
        "sgaExpense": 384.8,
        "totalOperatingExpense": 384.8,
        "totalOtherIncomeExpenseNet": -8.5
      },
      {
        "costOfGoodsSold": 670.9,
        "dilutedAverageSharesOutstanding": 80.9,
        "dilutedEPS": 1.35,
        "ebit": 271.2,
        "grossIncome": 639.1,
        "interestExpense": 129.978,
        "interestIncomeExpense": -127,
        "netIncome": 110,
        "netIncomeAfterTaxes": 103.5,
        "nonRecurringItems": -12.6,
        "period": "2018-12-31",
        "pretaxIncome": 136.1,
        "provisionforIncomeTaxes": 32.6,
        "revenue": 1310.1,
        "sgaExpense": 368,
        "totalOperatingExpense": 368,
        "totalOtherIncomeExpenseNet": 4.5
      },
      {
        "costOfGoodsSold": 660.3,
        "dilutedAverageSharesOutstanding": 80.3,
        "dilutedEPS": 1.55,
        "ebit": 258.6,
        "grossIncome": 623.4,
        "interestExpense": 130.566,
        "interestIncomeExpense": -127.7,
        "netIncome": 124.8,
        "netIncomeAfterTaxes": 124.8,
        "nonRecurringItems": 8.6,
        "period": "2018-09-30",
        "pretaxIncome": 143.3,
        "provisionforIncomeTaxes": 18.5,
        "revenue": 1283.8,
        "sgaExpense": 364.8,
        "totalOperatingExpense": 364.8,
        "totalOtherIncomeExpenseNet": 3.7
      },
      {
        "costOfGoodsSold": 651.8,
        "dilutedAverageSharesOutstanding": 79.8,
        "dilutedEPS": 0.85,
        "ebit": 245.4,
        "grossIncome": 610.1,
        "interestExpense": 134.673,
        "interestIncomeExpense": -130.7,
        "netIncome": 67.6,
        "netIncomeAfterTaxes": 67.6,
        "nonRecurringItems": -49.6,
        "period": "2018-06-30",
        "pretaxIncome": 74,
        "provisionforIncomeTaxes": 6.4,
        "revenue": 1261.9,
        "sgaExpense": 364.7,
        "totalOperatingExpense": 364.7,
        "totalOtherIncomeExpenseNet": 8.9
      },
      {
        "costOfGoodsSold": 622.4,
        "dilutedAverageSharesOutstanding": 79.6,
        "dilutedEPS": 0.79,
        "ebit": 230.5,
        "grossIncome": 593.4,
        "interestExpense": 126.277,
        "interestIncomeExpense": -121.7,
        "netIncome": 62.9,
        "netIncomeAfterTaxes": 62.9,
        "nonRecurringItems": -26.1,
        "period": "2018-03-31",
        "pretaxIncome": 79.7,
        "provisionforIncomeTaxes": 16.8,
        "revenue": 1215.9,
        "sgaExpense": 362.9,
        "totalOperatingExpense": 363,
        "totalOtherIncomeExpenseNet": -3.1
      },
      {
        "costOfGoodsSold": 619.6,
        "dilutedAverageSharesOutstanding": 79.3,
        "dilutedEPS": 0.82,
        "ebit": 239.2,
        "grossIncome": 580.6,
        "interestExpense": 126.144,
        "interestIncomeExpense": -122.9,
        "netIncome": 65.2,
        "netIncomeAfterTaxes": -123.3,
        "nonRecurringItems": -30.8,
        "period": "2017-12-31",
        "pretaxIncome": 94.2,
        "provisionforIncomeTaxes": 217.4,
        "revenue": 1200.2,
        "sgaExpense": 341.4,
        "totalOperatingExpense": 341.4,
        "totalOtherIncomeExpenseNet": 8.7
      },
      {
        "costOfGoodsSold": 582.4,
        "dilutedAverageSharesOutstanding": 78.7,
        "dilutedEPS": 1.02,
        "ebit": 226.9,
        "grossIncome": 569.9,
        "interestExpense": 121.828,
        "interestIncomeExpense": -119.5,
        "netIncome": 79.9,
        "netIncomeAfterTaxes": 79.9,
        "nonRecurringItems": -24.2,
        "period": "2017-09-30",
        "pretaxIncome": 82.1,
        "provisionforIncomeTaxes": 2.2,
        "revenue": 1152.3,
        "sgaExpense": 343,
        "totalOperatingExpense": 343,
        "totalOtherIncomeExpenseNet": -1.1
      },
      {
        "costOfGoodsSold": 522.2,
        "dilutedAverageSharesOutstanding": 78.5,
        "dilutedEPS": 0.58,
        "ebit": 211.3,
        "grossIncome": 544.2,
        "interestExpense": 119.042,
        "interestIncomeExpense": -114.6,
        "netIncome": 45.8,
        "netIncomeAfterTaxes": 45.8,
        "nonRecurringItems": -42.8,
        "period": "2017-06-30",
        "pretaxIncome": 55.1,
        "provisionforIncomeTaxes": 9.3,
        "revenue": 1066.4,
        "sgaExpense": 332.9,
        "totalOperatingExpense": 333,
        "totalOtherIncomeExpenseNet": 1.3
      },
      {
        "costOfGoodsSold": 469,
        "dilutedAverageSharesOutstanding": 73.4,
        "dilutedEPS": 0.57,
        "ebit": 170.2,
        "grossIncome": 480.6,
        "interestExpense": 111.684,
        "interestIncomeExpense": -108.6,
        "netIncome": 42.1,
        "netIncomeAfterTaxes": 42.1,
        "nonRecurringItems": -6.5,
        "period": "2017-03-31",
        "pretaxIncome": 55.5,
        "provisionforIncomeTaxes": 13.4,
        "revenue": 949.5,
        "sgaExpense": 310.3,
        "totalOperatingExpense": 310.3,
        "totalOtherIncomeExpenseNet": 0.3
      },
      {
        "costOfGoodsSold": 465.9,
        "dilutedAverageSharesOutstanding": 72.1,
        "dilutedEPS": 0.85,
        "ebit": 184.4,
        "grossIncome": 476.7,
        "interestExpense": 98.761,
        "interestIncomeExpense": -97.8,
        "minorityInterest": 0,
        "netIncome": 61.8,
        "netIncomeAfterTaxes": 63.7,
        "nonRecurringItems": -1.7,
        "period": "2016-12-31",
        "pretaxIncome": 83.2,
        "provisionforIncomeTaxes": 19.5,
        "revenue": 942.6,
        "sgaExpense": 292.3,
        "totalOperatingExpense": 292.4,
        "totalOtherIncomeExpenseNet": -1.7
      },
      {
        "costOfGoodsSold": 470.3,
        "dilutedAverageSharesOutstanding": 71.9,
        "dilutedEPS": 0.71,
        "ebit": 162.2,
        "grossIncome": 454.4,
        "interestExpense": 92.2,
        "interestIncomeExpense": -91.4,
        "netIncome": 51.5,
        "netIncomeAfterTaxes": 48.8,
        "nonRecurringItems": -2.2,
        "period": "2016-09-30",
        "pretaxIncome": 71.5,
        "provisionforIncomeTaxes": 22.8,
        "revenue": 924.7,
        "sgaExpense": 292.2,
        "totalOperatingExpense": 292.1,
        "totalOtherIncomeExpenseNet": 2.9
      },
      {
        "costOfGoodsSold": 457,
        "dilutedAverageSharesOutstanding": 70.4,
        "dilutedEPS": 0.63,
        "ebit": 167.3,
        "grossIncome": 443.5,
        "interestExpense": 100.332,
        "interestIncomeExpense": -99.5,
        "netIncome": 44.7,
        "netIncomeAfterTaxes": 39.3,
        "nonRecurringItems": -16.2,
        "period": "2016-06-30",
        "pretaxIncome": 53.1,
        "provisionforIncomeTaxes": 13.8,
        "revenue": 900.5,
        "sgaExpense": 276.3,
        "totalOperatingExpense": 276.3,
        "totalOtherIncomeExpenseNet": 1.6
      },
      {
        "costOfGoodsSold": 427.7,
        "dilutedAverageSharesOutstanding": 68.1,
        "dilutedEPS": -0.45,
        "ebit": 144,
        "grossIncome": 416.5,
        "interestExpense": 100.863,
        "interestIncomeExpense": -99.9,
        "netIncome": -31.1,
        "netIncomeAfterTaxes": -37.3,
        "nonRecurringItems": -31.3,
        "period": "2016-03-31",
        "pretaxIncome": -48,
        "provisionforIncomeTaxes": -10.6,
        "revenue": 844.2,
        "sgaExpense": 272.5,
        "totalOperatingExpense": 272.5,
        "totalOtherIncomeExpenseNet": -60.7
      },
      {
        "costOfGoodsSold": 352,
        "dilutedAverageSharesOutstanding": 56.3,
        "dilutedEPS": 0.19,
        "ebit": 153.2,
        "grossIncome": 378.5,
        "interestExpense": 79.499,
        "interestIncomeExpense": -78.3,
        "minorityInterest": 0,
        "netIncome": 10.7,
        "netIncomeAfterTaxes": 10.7,
        "nonRecurringItems": -17.6,
        "period": "2015-12-31",
        "pretaxIncome": 8.7,
        "provisionforIncomeTaxes": -2.1,
        "revenue": 730.5,
        "sgaExpense": 225.3,
        "totalOperatingExpense": 225.3,
        "totalOtherIncomeExpenseNet": -48.6
      },
      {
        "costOfGoodsSold": 325.5,
        "dilutedAverageSharesOutstanding": 59.4,
        "dilutedEPS": 0.69,
        "ebit": 154.3,
        "grossIncome": 361.2,
        "interestExpense": 76.269,
        "interestIncomeExpense": -75.3,
        "netIncome": 41.1,
        "netIncomeAfterTaxes": 41.1,
        "nonRecurringItems": -13.4,
        "period": "2015-09-30",
        "pretaxIncome": 52.7,
        "provisionforIncomeTaxes": 11.6,
        "revenue": 686.6,
        "sgaExpense": 206.9,
        "totalOperatingExpense": 206.9,
        "totalOtherIncomeExpenseNet": -12.8
      }
    ],
    "symbol": "EQIX"
  }
}