{
  "symbol": "EXE",
  "statement": "ic",
  "frequency": "quarterly",
  "timestamp": "2025-09-19T14:00:09.917263",
  "data": {
    "financials": [
      {
        "costOfGoodsSold": 763,
        "depreciationAmortization": 769,
        "dilutedAverageSharesOutstanding": 240.56,
        "dilutedEPS": 4.0239,
        "ebit": 1265,
        "grossIncome": 2923,
        "interestExpense": 60,
        "interestIncomeExpense": -60,
        "netIncome": 968,
        "netIncomeAfterTaxes": 968,
        "nonRecurringItems": 7,
        "otherOperatingExpensesTotal": 38,
        "period": "2025-06-30",
        "pretaxIncome": 1228,
        "provisionforIncomeTaxes": 260,
        "researchDevelopment": 20,
        "revenue": 3686,
        "sgaExpense": 831,
        "totalOperatingExpense": 1658,
        "totalOtherIncomeExpenseNet": 16
      },
      {
        "costOfGoodsSold": 758,
        "depreciationAmortization": 711,
        "dilutedAverageSharesOutstanding": 234.434,
        "dilutedEPS": -1.0621,
        "ebit": -268,
        "grossIncome": 1438,
        "interestExpense": 59,
        "interestIncomeExpense": -59,
        "netIncome": -249,
        "netIncomeAfterTaxes": -249,
        "nonRecurringItems": 0,
        "otherOperatingExpensesTotal": 22,
        "period": "2025-03-31",
        "pretaxIncome": -319,
        "provisionforIncomeTaxes": -70,
        "researchDevelopment": 7,
        "revenue": 2196,
        "sgaExpense": 966,
        "totalOperatingExpense": 1706,
        "totalOtherIncomeExpenseNet": 8
      },
      {
        "costOfGoodsSold": 753,
        "depreciationAmortization": 647,
        "dilutedAverageSharesOutstanding": 232.082,
        "dilutedEPS": -1.7192,
        "ebit": -413,
        "grossIncome": 1221,
        "interestExpense": 64,
        "interestIncomeExpense": -64,
        "netIncome": -399,
        "netIncomeAfterTaxes": -399,
        "nonRecurringItems": 28,
        "otherOperatingExpensesTotal": 277,
        "period": "2024-12-31",
        "pretaxIncome": -421,
        "provisionforIncomeTaxes": -22,
        "researchDevelopment": 3,
        "revenue": 1974,
        "sgaExpense": 707,
        "totalOperatingExpense": 1634,
        "totalOtherIncomeExpenseNet": 28
      },
      {
        "costOfGoodsSold": 213,
        "depreciationAmortization": 335,
        "dilutedAverageSharesOutstanding": 133.794,
        "dilutedEPS": -0.85,
        "ebit": -157,
        "grossIncome": 433,
        "interestExpense": 20,
        "interestIncomeExpense": -20,
        "netIncome": -114,
        "netIncomeAfterTaxes": -114,
        "nonRecurringItems": 2,
        "otherOperatingExpensesTotal": 22,
        "period": "2024-09-30",
        "pretaxIncome": -158,
        "provisionforIncomeTaxes": -44,
        "researchDevelopment": 2,
        "revenue": 646,
        "sgaExpense": 231,
        "totalOperatingExpense": 590,
        "totalOtherIncomeExpenseNet": 17
      },
      {
        "costOfGoodsSold": 221,
        "depreciationAmortization": 348,
        "dilutedAverageSharesOutstanding": 131.168,
        "dilutedEPS": -1.73,
        "ebit": -273,
        "grossIncome": 282,
        "interestExpense": 20,
        "interestIncomeExpense": -20,
        "netIncome": -227,
        "netIncomeAfterTaxes": -227,
        "nonRecurringItems": -23,
        "otherOperatingExpensesTotal": 16,
        "period": "2024-06-30",
        "pretaxIncome": -295,
        "provisionforIncomeTaxes": -68,
        "researchDevelopment": 3,
        "revenue": 503,
        "sgaExpense": 188,
        "totalOperatingExpense": 555,
        "totalOtherIncomeExpenseNet": 21
      },
      {
        "costOfGoodsSold": 261,
        "depreciationAmortization": 399,
        "dilutedAverageSharesOutstanding": 141.752,
        "dilutedEPS": 0.18,
        "ebit": 24,
        "grossIncome": 812,
        "interestExpense": 19,
        "interestIncomeExpense": -19,
        "netIncome": 26,
        "netIncomeAfterTaxes": 26,
        "nonRecurringItems": 8,
        "otherOperatingExpensesTotal": 17,
        "period": "2024-03-31",
        "pretaxIncome": 33,
        "provisionforIncomeTaxes": 7,
        "researchDevelopment": 2,
        "revenue": 1073,
        "sgaExpense": 370,
        "totalOperatingExpense": 788,
        "totalOtherIncomeExpenseNet": 20
      },
      {
        "costOfGoodsSold": 284,
        "depreciationAmortization": 379,
        "dilutedAverageSharesOutstanding": 141.515,
        "dilutedEPS": 4.02,
        "ebit": 589,
        "grossIncome": 1525,
        "interestExpense": 22,
        "interestIncomeExpense": -22,
        "netIncome": 569,
        "netIncomeAfterTaxes": 569,
        "nonRecurringItems": 137,
        "otherOperatingExpensesTotal": 3,
        "period": "2023-12-31",
        "pretaxIncome": 735,
        "provisionforIncomeTaxes": 166,
        "researchDevelopment": 8,
        "revenue": 1809,
        "sgaExpense": 546,
        "totalOperatingExpense": 936,
        "totalOtherIncomeExpenseNet": 31
      },
      {
        "costOfGoodsSold": 292,
        "depreciationAmortization": 382,
        "dilutedAverageSharesOutstanding": 142.348,
        "dilutedEPS": 0.49,
        "ebit": 79,
        "grossIncome": 1220,
        "interestExpense": 23,
        "interestIncomeExpense": -23,
        "netIncome": 70,
        "netIncomeAfterTaxes": 70,
        "nonRecurringItems": 0,
        "otherOperatingExpensesTotal": 3,
        "period": "2023-09-30",
        "pretaxIncome": 71,
        "provisionforIncomeTaxes": 1,
        "researchDevelopment": 4,
        "revenue": 1512,
        "sgaExpense": 752,
        "totalOperatingExpense": 1141,
        "totalOtherIncomeExpenseNet": 15
      },
      {
        "costOfGoodsSold": 336,
        "depreciationAmortization": 376,
        "dilutedAverageSharesOutstanding": 143.267,
        "dilutedEPS": 2.73,
        "ebit": 48,
        "grossIncome": 1083,
        "interestExpense": 22,
        "interestIncomeExpense": -22,
        "netIncome": 391,
        "netIncomeAfterTaxes": 391,
        "nonRecurringItems": 469,
        "otherOperatingExpensesTotal": 9,
        "period": "2023-06-30",
        "pretaxIncome": 518,
        "provisionforIncomeTaxes": 127,
        "researchDevelopment": 8,
        "revenue": 1419,
        "sgaExpense": 642,
        "totalOperatingExpense": 1035,
        "totalOtherIncomeExpenseNet": 23
      },
      {
        "costOfGoodsSold": 464,
        "depreciationAmortization": 390,
        "dilutedAverageSharesOutstanding": 144.731,
        "dilutedEPS": 9.6,
        "ebit": 1485,
        "grossIncome": 2571,
        "interestExpense": 37,
        "interestIncomeExpense": -37,
        "netIncome": 1389,
        "netIncomeAfterTaxes": 1389,
        "nonRecurringItems": 335,
        "otherOperatingExpensesTotal": 3,
        "period": "2023-03-31",
        "pretaxIncome": 1793,
        "provisionforIncomeTaxes": 404,
        "researchDevelopment": 7,
        "revenue": 3035,
        "sgaExpense": 686,
        "totalOperatingExpense": 1086,
        "totalOtherIncomeExpenseNet": 10
      },
      {
        "costOfGoodsSold": 438,
        "depreciationAmortization": 453,
        "dilutedAverageSharesOutstanding": 148.751,
        "dilutedEPS": 23.62,
        "ebit": 2232,
        "grossIncome": 3686,
        "interestExpense": 28,
        "interestIncomeExpense": -27,
        "minorityInterest": 0,
        "netIncome": 3513,
        "netIncomeAfterTaxes": 3580,
        "nonRecurringItems": -9,
        "otherOperatingExpensesTotal": 16,
        "period": "2022-12-31",
        "pretaxIncome": 2190,
        "provisionforIncomeTaxes": -1390,
        "researchDevelopment": 9,
        "revenue": 4124,
        "sgaExpense": 976,
        "totalOperatingExpense": 1454,
        "totalOtherIncomeExpenseNet": -6
      },
      {
        "costOfGoodsSold": 474,
        "depreciationAmortization": 440,
        "dilutedAverageSharesOutstanding": 144.39,
        "dilutedEPS": 6.12,
        "ebit": 1014,
        "grossIncome": 2690,
        "interestExpense": 53,
        "interestIncomeExpense": -52,
        "netIncome": 883,
        "netIncomeAfterTaxes": 883,
        "nonRecurringItems": -9,
        "otherOperatingExpensesTotal": -6,
        "period": "2022-09-30",
        "pretaxIncome": 957,
        "provisionforIncomeTaxes": 74,
        "researchDevelopment": 2,
        "revenue": 3164,
        "sgaExpense": 1240,
        "totalOperatingExpense": 1676,
        "totalOtherIncomeExpenseNet": 4
      },
      {
        "costOfGoodsSold": 449,
        "depreciationAmortization": 451,
        "dilutedAverageSharesOutstanding": 149.532,
        "dilutedEPS": 8.27,
        "ebit": 1330,
        "grossIncome": 3050,
        "interestExpense": 36,
        "interestIncomeExpense": -36,
        "netIncome": 1237,
        "netIncomeAfterTaxes": 1237,
        "nonRecurringItems": 11,
        "otherOperatingExpensesTotal": -2,
        "period": "2022-06-30",
        "pretaxIncome": 1314,
        "provisionforIncomeTaxes": 77,
        "researchDevelopment": 7,
        "revenue": 3499,
        "sgaExpense": 1264,
        "totalOperatingExpense": 1720,
        "totalOtherIncomeExpenseNet": 9
      },
      {
        "costOfGoodsSold": 415,
        "depreciationAmortization": 409,
        "dilutedAverageSharesOutstanding": 120.805,
        "dilutedEPS": -6.32,
        "ebit": -1050,
        "grossIncome": 241,
        "interestExpense": 33,
        "interestIncomeExpense": -32,
        "netIncome": -764,
        "netIncomeAfterTaxes": -764,
        "nonRecurringItems": 256,
        "period": "2022-03-31",
        "pretaxIncome": -810,
        "provisionforIncomeTaxes": -46,
        "researchDevelopment": 5,
        "revenue": 656,
        "sgaExpense": 877,
        "totalOperatingExpense": 1291,
        "totalOtherIncomeExpenseNet": 16
      },
      {
        "costOfGoodsSold": 394,
        "depreciationAmortization": 340,
        "dilutedAverageSharesOutstanding": 171.244,
        "dilutedEPS": 8.37,
        "ebit": 1418,
        "grossIncome": 2689,
        "interestExpense": 26,
        "interestIncomeExpense": -26,
        "minorityInterest": 0,
        "netIncome": 1434,
        "netIncomeAfterTaxes": 1434,
        "nonRecurringItems": 3,
        "otherOperatingExpensesTotal": 83,
        "period": "2021-12-31",
        "pretaxIncome": 1395,
        "provisionforIncomeTaxes": -39,
        "researchDevelopment": 3,
        "revenue": 3083,
        "sgaExpense": 845,
        "totalOperatingExpense": 1271,
        "totalOtherIncomeExpenseNet": 0
      },
      {
        "costOfGoodsSold": 340,
        "depreciationAmortization": 228,
        "dilutedAverageSharesOutstanding": 98.221,
        "dilutedEPS": -3.51,
        "ebit": -340,
        "grossIncome": 547,
        "interestExpense": 17,
        "interestIncomeExpense": -17,
        "minorityInterest": 0,
        "netIncome": -345,
        "netIncomeAfterTaxes": -345,
        "nonRecurringItems": 2,
        "otherOperatingExpensesTotal": 3,
        "period": "2021-09-30",
        "pretaxIncome": -355,
        "provisionforIncomeTaxes": -10,
        "researchDevelopment": 1,
        "revenue": 887,
        "sgaExpense": 655,
        "totalOperatingExpense": 887,
        "totalOtherIncomeExpenseNet": 0
      },
      {
        "costOfGoodsSold": 326,
        "depreciationAmortization": 229,
        "dilutedAverageSharesOutstanding": 97.931,
        "dilutedEPS": -4.48,
        "ebit": -420,
        "grossIncome": 365,
        "interestExpense": 18,
        "interestIncomeExpense": -18,
        "minorityInterest": 0,
        "netIncome": -439,
        "netIncomeAfterTaxes": -439,
        "nonRecurringItems": -10,
        "otherOperatingExpensesTotal": -4,
        "period": "2021-06-30",
        "pretaxIncome": -439,
        "provisionforIncomeTaxes": 0,
        "researchDevelopment": 1,
        "revenue": 691,
        "sgaExpense": 559,
        "totalOperatingExpense": 785,
        "totalOtherIncomeExpenseNet": 9
      },
      {
        "costOfGoodsSold": 327,
        "depreciationAmortization": 194,
        "dilutedAverageSharesOutstanding": 107.159,
        "dilutedEPS": 52.99,
        "ebit": 66,
        "grossIncome": 804,
        "interestExpense": 23,
        "interestIncomeExpense": -23,
        "minorityInterest": 0,
        "netIncome": 5678,
        "netIncomeAfterTaxes": 5678,
        "nonRecurringItems": 5554,
        "otherOperatingExpensesTotal": -10,
        "period": "2021-03-31",
        "pretaxIncome": 5621,
        "provisionforIncomeTaxes": -57,
        "researchDevelopment": 1,
        "revenue": 1131,
        "sgaExpense": 553,
        "totalOperatingExpense": 738,
        "totalOtherIncomeExpenseNet": 24
      },
      {
        "costOfGoodsSold": 380,
        "depreciationAmortization": 166,
        "dilutedAverageSharesOutstanding": 9.779,
        "dilutedEPS": -42.54,
        "ebit": 177,
        "grossIncome": 850,
        "interestExpense": 24,
        "interestIncomeExpense": -24,
        "minorityInterest": 0,
        "netIncome": -416,
        "netIncomeAfterTaxes": -416,
        "nonRecurringItems": -577,
        "otherOperatingExpensesTotal": 17,
        "period": "2020-12-31",
        "pretaxIncome": -422,
        "provisionforIncomeTaxes": -6,
        "researchDevelopment": 1,
        "revenue": 1230,
        "sgaExpense": 489,
        "totalOperatingExpense": 673,
        "totalOtherIncomeExpenseNet": 2
      },
      {
        "costOfGoodsSold": 377,
        "depreciationAmortization": 170,
        "dilutedAverageSharesOutstanding": 9.78,
        "dilutedEPS": -76.18,
        "ebit": -93,
        "grossIncome": 582,
        "interestExpense": 25,
        "interestIncomeExpense": -25,
        "minorityInterest": 0,
        "netIncome": -745,
        "netIncomeAfterTaxes": -745,
        "nonRecurringItems": -629,
        "otherOperatingExpensesTotal": 1,
        "period": "2020-09-30",
        "pretaxIncome": -745,
        "provisionforIncomeTaxes": 0,
        "researchDevelopment": 2,
        "revenue": 959,
        "sgaExpense": 502,
        "totalOperatingExpense": 675,
        "totalOtherIncomeExpenseNet": 2
      },
      {
        "costOfGoodsSold": 386,
        "depreciationAmortization": 158,
        "dilutedAverageSharesOutstanding": 9.779,
        "dilutedEPS": -28.22,
        "ebit": -392,
        "grossIncome": 121,
        "interestExpense": 137,
        "interestIncomeExpense": -137,
        "minorityInterest": 0,
        "netIncome": -276,
        "netIncomeAfterTaxes": -276,
        "nonRecurringItems": 247,
        "otherOperatingExpensesTotal": -2,
        "period": "2020-06-30",
        "pretaxIncome": -276,
        "provisionforIncomeTaxes": 0,
        "researchDevelopment": 3,
        "revenue": 507,
        "sgaExpense": 354,
        "totalOperatingExpense": 513,
        "totalOtherIncomeExpenseNet": 6
      },
      {
        "costOfGoodsSold": 461,
        "depreciationAmortization": 603,
        "dilutedAverageSharesOutstanding": 9.753,
        "dilutedEPS": -852.97,
        "ebit": 651,
        "grossIncome": 2064,
        "interestExpense": 145,
        "interestIncomeExpense": -145,
        "minorityInterest": 16,
        "netIncome": -8319,
        "netIncomeAfterTaxes": -8313,
        "nonRecurringItems": -8815,
        "otherOperatingExpensesTotal": -11,
        "period": "2020-03-31",
        "pretaxIncome": -8326,
        "provisionforIncomeTaxes": -13,
        "researchDevelopment": 10,
        "revenue": 2525,
        "sgaExpense": 811,
        "totalOperatingExpense": 1413,
        "totalOtherIncomeExpenseNet": -17
      },
      {
        "costOfGoodsSold": 449,
        "depreciationAmortization": 592,
        "dilutedAverageSharesOutstanding": 9.75,
        "dilutedEPS": -35.49,
        "ebit": -146,
        "gainLossOnDispositionOfAssets": -7,
        "grossIncome": 1467,
        "interestExpense": 160,
        "interestIncomeExpense": -138,
        "minorityInterest": 0,
        "netIncome": -346,
        "netIncomeAfterTaxes": -324,
        "nonRecurringItems": -65,
        "otherOperatingExpensesTotal": 10,
        "period": "2019-12-31",
        "pretaxIncome": -340,
        "provisionforIncomeTaxes": -16,
        "researchDevelopment": 22,
        "revenue": 1916,
        "sgaExpense": 989,
        "totalOperatingExpense": 1613,
        "totalOtherIncomeExpenseNet": 16
      },
      {
        "costOfGoodsSold": 460,
        "depreciationAmortization": 573,
        "dilutedAverageSharesOutstanding": 1698,
        "dilutedEPS": -0.06,
        "ebit": 51,
        "gainLossOnDispositionOfAssets": 8,
        "grossIncome": 1614,
        "interestExpense": 177,
        "interestIncomeExpense": -177,
        "minorityInterest": 0,
        "netIncome": -101,
        "netIncomeAfterTaxes": -61,
        "nonRecurringItems": 61,
        "otherOperatingExpensesTotal": 7,
        "period": "2019-09-30",
        "pretaxIncome": -62,
        "provisionforIncomeTaxes": -1,
        "researchDevelopment": 16,
        "revenue": 2074,
        "sgaExpense": 967,
        "totalOperatingExpense": 1563,
        "totalOtherIncomeExpenseNet": -5
      },
      {
        "costOfGoodsSold": 477,
        "depreciationAmortization": 580,
        "dilutedAverageSharesOutstanding": 1628,
        "dilutedEPS": 0.05,
        "ebit": 291,
        "gainLossOnDispositionOfAssets": 8,
        "grossIncome": 1908,
        "interestExpense": 175,
        "interestIncomeExpense": -175,
        "minorityInterest": 0,
        "netIncome": 75,
        "netIncomeAfterTaxes": 98,
        "nonRecurringItems": -36,
        "period": "2019-06-30",
        "pretaxIncome": 98,
        "provisionforIncomeTaxes": 0,
        "researchDevelopment": 8,
        "revenue": 2385,
        "sgaExpense": 1029,
        "totalOperatingExpense": 1617,
        "totalOtherIncomeExpenseNet": 10
      },
      {
        "costOfGoodsSold": 440,
        "depreciationAmortization": 519,
        "dilutedAverageSharesOutstanding": 1380,
        "dilutedEPS": -0.03,
        "ebit": -121,
        "grossIncome": 1737,
        "interestExpense": 161,
        "interestIncomeExpense": -161,
        "minorityInterest": 0,
        "netIncome": -44,
        "netIncomeAfterTaxes": -21,
        "nonRecurringItems": -62,
        "period": "2019-03-31",
        "pretaxIncome": -335,
        "provisionforIncomeTaxes": -314,
        "researchDevelopment": 6,
        "revenue": 2177,
        "sgaExpense": 1333,
        "totalOperatingExpense": 1858,
        "totalOtherIncomeExpenseNet": 9
      },
      {
        "costOfGoodsSold": 493,
        "depreciationAmortization": 402,
        "dilutedAverageSharesOutstanding": 4.545,
        "dilutedEPS": 127.61,
        "ebit": 726,
        "grossIncome": 2591,
        "interestExpense": 169,
        "interestIncomeExpense": -151,
        "minorityInterest": -1,
        "netIncome": 580,
        "netIncomeAfterTaxes": 605,
        "nonRecurringItems": 23,
        "otherOperatingExpensesTotal": 1,
        "period": "2018-12-31",
        "pretaxIncome": 603,
        "provisionforIncomeTaxes": -2,
        "researchDevelopment": 40,
        "revenue": 3084,
        "sgaExpense": 1422,
        "totalOperatingExpense": 1865,
        "totalOtherIncomeExpenseNet": 5
      },
      {
        "costOfGoodsSold": 530,
        "depreciationAmortization": 405,
        "dilutedAverageSharesOutstanding": 4.55,
        "dilutedEPS": -37.14,
        "ebit": 165,
        "grossIncome": 1904,
        "interestExpense": 189,
        "interestIncomeExpense": -165,
        "minorityInterest": 0,
        "netIncome": -169,
        "netIncomeAfterTaxes": -146,
        "nonRecurringItems": -151,
        "otherOperatingExpensesTotal": 0,
        "period": "2018-09-30",
        "pretaxIncome": -145,
        "provisionforIncomeTaxes": 1,
        "researchDevelopment": 15,
        "revenue": 2434,
        "sgaExpense": 1319,
        "totalOperatingExpense": 1739,
        "totalOtherIncomeExpenseNet": 6
      },
      {
        "costOfGoodsSold": 504,
        "depreciationAmortization": 471,
        "dilutedAverageSharesOutstanding": 4.545,
        "dilutedEPS": -59.85,
        "ebit": -115,
        "grossIncome": 1767,
        "interestExpense": 179,
        "interestIncomeExpense": -155,
        "minorityInterest": 0,
        "netIncome": -272,
        "netIncomeAfterTaxes": -249,
        "nonRecurringItems": -45,
        "otherOperatingExpensesTotal": -1,
        "period": "2018-06-30",
        "pretaxIncome": -258,
        "provisionforIncomeTaxes": -9,
        "researchDevelopment": 15,
        "revenue": 2271,
        "sgaExpense": 1397,
        "totalOperatingExpense": 1882,
        "totalOtherIncomeExpenseNet": 57
      },
      {
        "costOfGoodsSold": 534,
        "depreciationAmortization": 459,
        "dilutedAverageSharesOutstanding": 4.535,
        "dilutedEPS": -1.32,
        "ebit": 123,
        "grossIncome": 1971,
        "interestExpense": 186,
        "interestIncomeExpense": -23,
        "minorityInterest": -1,
        "netIncome": -6,
        "netIncomeAfterTaxes": 18,
        "nonRecurringItems": -81,
        "otherOperatingExpensesTotal": 0,
        "period": "2018-03-31",
        "pretaxIncome": 18,
        "provisionforIncomeTaxes": 0,
        "researchDevelopment": 34,
        "revenue": 2505,
        "sgaExpense": 1355,
        "totalOperatingExpense": 1848,
        "totalOtherIncomeExpenseNet": -1
      },
      {
        "costOfGoodsSold": 552,
        "depreciationAmortization": 1008,
        "dilutedAverageSharesOutstanding": 4.5,
        "dilutedEPS": -252.67,
        "ebit": -819,
        "grossIncome": 2034,
        "interestExpense": 324,
        "interestIncomeExpense": -299,
        "minorityInterest": 0,
        "netIncome": -1137,
        "netIncomeAfterTaxes": -1121,
        "nonRecurringItems": -3,
        "otherOperatingExpensesTotal": 415,
        "period": "2017-12-31",
        "pretaxIncome": -1121,
        "provisionforIncomeTaxes": 0,
        "researchDevelopment": 21,
        "revenue": 2586,
        "sgaExpense": 1409,
        "totalOperatingExpense": 2853,
        "totalOtherIncomeExpenseNet": 0
      },
      {
        "costOfGoodsSold": 541,
        "depreciationAmortization": 248,
        "dilutedAverageSharesOutstanding": 4.545,
        "dilutedEPS": -9.02,
        "ebit": 122,
        "grossIncome": 1402,
        "interestExpense": 144,
        "interestIncomeExpense": -114,
        "minorityInterest": -1,
        "netIncome": -41,
        "netIncomeAfterTaxes": -17,
        "nonRecurringItems": -29,
        "period": "2017-09-30",
        "pretaxIncome": -17,
        "provisionforIncomeTaxes": 0,
        "revenue": 1943,
        "sgaExpense": 1032,
        "totalOperatingExpense": 1280,
        "totalOtherIncomeExpenseNet": 4
      },
      {
        "costOfGoodsSold": 518,
        "depreciationAmortization": 223,
        "dilutedAverageSharesOutstanding": 5.57,
        "dilutedEPS": 84.38,
        "ebit": 443,
        "grossIncome": 1763,
        "interestExpense": 135,
        "interestIncomeExpense": -93,
        "minorityInterest": -1,
        "netIncome": 470,
        "netIncomeAfterTaxes": 495,
        "nonRecurringItems": 147,
        "period": "2017-06-30",
        "pretaxIncome": 496,
        "provisionforIncomeTaxes": 1,
        "revenue": 2281,
        "sgaExpense": 1097,
        "totalOperatingExpense": 1320,
        "totalOtherIncomeExpenseNet": -1
      },
      {
        "costOfGoodsSold": 512,
        "depreciationAmortization": 218,
        "dilutedAverageSharesOutstanding": 4.535,
        "dilutedEPS": 16.54,
        "ebit": 630,
        "grossIncome": 2241,
        "interestExpense": 135,
        "interestIncomeExpense": -95,
        "minorityInterest": -1,
        "netIncome": 75,
        "netIncomeAfterTaxes": 141,
        "nonRecurringItems": -396,
        "period": "2017-03-31",
        "pretaxIncome": 142,
        "provisionforIncomeTaxes": 1,
        "revenue": 2753,
        "sgaExpense": 1393,
        "totalOperatingExpense": 1611,
        "totalOtherIncomeExpenseNet": 3
      },
      {
        "costOfGoodsSold": 597,
        "depreciationAmortization": 233,
        "dilutedAverageSharesOutstanding": 4.45,
        "dilutedEPS": -163.82,
        "ebit": -610,
        "grossIncome": 1424,
        "interestExpense": 128,
        "interestIncomeExpense": -223,
        "minorityInterest": 10,
        "netIncome": -729,
        "netIncomeAfterTaxes": -341,
        "nonRecurringItems": 296,
        "otherOperatingExpensesTotal": 365,
        "period": "2016-12-31",
        "pretaxIncome": -531,
        "provisionforIncomeTaxes": -190,
        "revenue": 2021,
        "sgaExpense": 1436,
        "totalOperatingExpense": 2034,
        "totalOtherIncomeExpenseNet": 6
      },
      {
        "costOfGoodsSold": 654,
        "depreciationAmortization": 276,
        "dilutedAverageSharesOutstanding": 3.885,
        "dilutedEPS": -323.55,
        "ebit": 22,
        "grossIncome": 1622,
        "interestExpense": 115,
        "interestIncomeExpense": -74,
        "minorityInterest": -1,
        "netIncome": -1257,
        "netIncomeAfterTaxes": -1214,
        "nonRecurringItems": -1169,
        "period": "2016-09-30",
        "pretaxIncome": -1214,
        "provisionforIncomeTaxes": 0,
        "revenue": 2276,
        "sgaExpense": 1324,
        "totalOperatingExpense": 1600,
        "totalOtherIncomeExpenseNet": 7
      },
      {
        "costOfGoodsSold": 682,
        "depreciationAmortization": 306,
        "dilutedAverageSharesOutstanding": 3.62,
        "dilutedEPS": -502.21,
        "ebit": -634,
        "grossIncome": 940,
        "interestExpense": 104,
        "interestIncomeExpense": -64,
        "minorityInterest": 0,
        "netIncome": -1818,
        "netIncomeAfterTaxes": -1776,
        "nonRecurringItems": -1081,
        "period": "2016-06-30",
        "pretaxIncome": -1776,
        "provisionforIncomeTaxes": 0,
        "revenue": 1622,
        "sgaExpense": 1268,
        "totalOperatingExpense": 1574,
        "totalOtherIncomeExpenseNet": 3
      },
      {
        "costOfGoodsSold": 706,
        "depreciationAmortization": 292,
        "dilutedAverageSharesOutstanding": 3.34,
        "dilutedEPS": -332.63,
        "ebit": -35,
        "grossIncome": 1247,
        "interestExpense": 104,
        "interestIncomeExpense": -72,
        "minorityInterest": 0,
        "netIncome": -1111,
        "netIncomeAfterTaxes": -1068,
        "nonRecurringItems": -964,
        "period": "2016-03-31",
        "pretaxIncome": -1068,
        "provisionforIncomeTaxes": 0,
        "revenue": 1953,
        "sgaExpense": 990,
        "totalOperatingExpense": 1282,
        "totalOtherIncomeExpenseNet": 3
      },
      {
        "costOfGoodsSold": 2355,
        "depreciationAmortization": 352,
        "dilutedAverageSharesOutstanding": 3.31,
        "dilutedEPS": -673.11,
        "ebit": -69,
        "grossIncome": 1723,
        "interestExpense": 107,
        "interestIncomeExpense": -146,
        "minorityInterest": 0,
        "netIncome": -2228,
        "netIncomeAfterTaxes": -2185,
        "nonRecurringItems": -2624,
        "period": "2015-12-31",
        "pretaxIncome": -2834,
        "provisionforIncomeTaxes": -649,
        "revenue": 4078,
        "sgaExpense": 1440,
        "totalOperatingExpense": 1792,
        "totalOtherIncomeExpenseNet": 5
      },
      {
        "costOfGoodsSold": 759,
        "depreciationAmortization": 519,
        "dilutedAverageSharesOutstanding": 3.315,
        "dilutedEPS": -1416.29,
        "ebit": 94,
        "grossIncome": 2617,
        "interestExpense": 88,
        "interestIncomeExpense": -121,
        "minorityInterest": -13,
        "netIncome": -4695,
        "netIncomeAfterTaxes": -4639,
        "nonRecurringItems": -5547,
        "period": "2015-09-30",
        "pretaxIncome": -5576,
        "provisionforIncomeTaxes": -937,
        "revenue": 3376,
        "sgaExpense": 2004,
        "totalOperatingExpense": 2523,
        "totalOtherIncomeExpenseNet": -2
      }
    ],
    "symbol": "EXE"
  }
}