{
  "symbol": "HAL",
  "statement": "ic",
  "frequency": "annual",
  "timestamp": "2025-09-19T14:01:17.318263",
  "data": {
    "financials": [
      {
        "costOfGoodsSold": 18643,
        "dilutedAverageSharesOutstanding": 883,
        "dilutedEPS": 2.8324,
        "ebit": 3938,
        "grossIncome": 4301,
        "interestExpense": 450,
        "interestIncomeExpense": -361,
        "minorityInterest": -15,
        "netIncome": 2501,
        "netIncomeAfterTaxes": 2516,
        "nonRecurringItems": -116,
        "otherOperatingExpensesTotal": 124,
        "period": "2024-12-31",
        "pretaxIncome": 3234,
        "provisionforIncomeTaxes": 718,
        "revenue": 22944,
        "sgaExpense": 239,
        "totalOperatingExpense": 363,
        "totalOtherIncomeExpenseNet": -227,
        "year": 2024
      },
      {
        "costOfGoodsSold": 18658,
        "dilutedAverageSharesOutstanding": 902,
        "dilutedEPS": 2.9246,
        "ebit": 4083,
        "grossIncome": 4360,
        "interestExpense": 476,
        "interestIncomeExpense": -636,
        "minorityInterest": -24,
        "netIncome": 2638,
        "netIncomeAfterTaxes": 2662,
        "nonRecurringItems": 0,
        "otherOperatingExpensesTotal": 51,
        "period": "2023-12-31",
        "pretaxIncome": 3363,
        "provisionforIncomeTaxes": 701,
        "revenue": 23018,
        "sgaExpense": 226,
        "totalOperatingExpense": 277,
        "totalOtherIncomeExpenseNet": -84,
        "year": 2023
      },
      {
        "costOfGoodsSold": 16984,
        "dilutedAverageSharesOutstanding": 908,
        "dilutedEPS": 1.73,
        "ebit": 3073,
        "grossIncome": 3313,
        "interestExpense": 492,
        "interestIncomeExpense": -375,
        "minorityInterest": -23,
        "netIncome": 1572,
        "netIncomeAfterTaxes": 1595,
        "nonRecurringItems": -408,
        "period": "2022-12-31",
        "pretaxIncome": 2110,
        "provisionforIncomeTaxes": 515,
        "revenue": 20297,
        "sgaExpense": 240,
        "totalOperatingExpense": 240,
        "totalOtherIncomeExpenseNet": -180,
        "year": 2022
      },
      {
        "costOfGoodsSold": 13279,
        "dilutedAverageSharesOutstanding": 892,
        "dilutedEPS": 1.63,
        "ebit": 1812,
        "grossIncome": 2016,
        "interestExpense": 529,
        "interestIncomeExpense": -469,
        "minorityInterest": -11,
        "netIncome": 1457,
        "netIncomeAfterTaxes": 1468,
        "nonRecurringItems": -12,
        "period": "2021-12-31",
        "pretaxIncome": 1252,
        "provisionforIncomeTaxes": -216,
        "revenue": 15295,
        "sgaExpense": 204,
        "totalOperatingExpense": 204,
        "totalOtherIncomeExpenseNet": -79,
        "year": 2021
      },
      {
        "costOfGoodsSold": 12900,
        "dilutedAverageSharesOutstanding": 881,
        "dilutedEPS": -3.34,
        "ebit": 1363,
        "grossIncome": 1545,
        "interestExpense": 543,
        "interestIncomeExpense": -505,
        "minorityInterest": -3,
        "netIncome": -2945,
        "netIncomeAfterTaxes": -2942,
        "nonRecurringItems": -3967,
        "period": "2020-12-31",
        "pretaxIncome": -3220,
        "provisionforIncomeTaxes": -278,
        "revenue": 14445,
        "sgaExpense": 182,
        "totalOperatingExpense": 182,
        "totalOtherIncomeExpenseNet": -111,
        "year": 2020
      },
      {
        "costOfGoodsSold": 20123,
        "dilutedAverageSharesOutstanding": 875,
        "dilutedEPS": -1.29,
        "ebit": 2058,
        "grossIncome": 2285,
        "interestExpense": 592,
        "interestIncomeExpense": -569,
        "minorityInterest": -2,
        "netIncome": -1131,
        "netIncomeAfterTaxes": -1129,
        "nonRecurringItems": -2506,
        "period": "2019-12-31",
        "pretaxIncome": -1122,
        "provisionforIncomeTaxes": 7,
        "revenue": 22408,
        "sgaExpense": 227,
        "totalOperatingExpense": 227,
        "totalOtherIncomeExpenseNet": -105,
        "year": 2019
      },
      {
        "costOfGoodsSold": 21009,
        "dilutedAverageSharesOutstanding": 877,
        "dilutedEPS": 1.88,
        "ebit": 2732,
        "grossIncome": 2986,
        "interestExpense": 598,
        "interestIncomeExpense": -554,
        "minorityInterest": -1,
        "netIncome": 1656,
        "netIncomeAfterTaxes": 1610,
        "nonRecurringItems": -265,
        "period": "2018-12-31",
        "pretaxIncome": 1814,
        "provisionforIncomeTaxes": 204,
        "revenue": 23995,
        "sgaExpense": 254,
        "totalOperatingExpense": 254,
        "totalOtherIncomeExpenseNet": -99,
        "year": 2018
      },
      {
        "costOfGoodsSold": 18343,
        "dilutedAverageSharesOutstanding": 870,
        "dilutedEPS": -0.53,
        "ebit": 2021,
        "grossIncome": 2277,
        "interestExpense": 705,
        "interestIncomeExpense": -593,
        "minorityInterest": 5,
        "netIncome": -463,
        "netIncomeAfterTaxes": 321,
        "nonRecurringItems": -647,
        "period": "2017-12-31",
        "pretaxIncome": 682,
        "provisionforIncomeTaxes": 361,
        "revenue": 20620,
        "sgaExpense": 256,
        "totalOperatingExpense": 256,
        "totalOtherIncomeExpenseNet": -99,
        "year": 2017
      },
      {
        "costOfGoodsSold": 15023,
        "dilutedAverageSharesOutstanding": 861,
        "dilutedEPS": -6.69,
        "ebit": 636,
        "grossIncome": 864,
        "interestExpense": 698,
        "interestIncomeExpense": -639,
        "minorityInterest": 6,
        "netIncome": -5763,
        "netIncomeAfterTaxes": -5767,
        "nonRecurringItems": -7414,
        "period": "2016-12-31",
        "pretaxIncome": -7625,
        "provisionforIncomeTaxes": -1858,
        "revenue": 15887,
        "sgaExpense": 228,
        "totalOperatingExpense": 228,
        "totalOtherIncomeExpenseNet": -208,
        "year": 2016
      },
      {
        "costOfGoodsSold": 21113,
        "dilutedAverageSharesOutstanding": 853,
        "dilutedEPS": -0.78,
        "ebit": 2320,
        "grossIncome": 2520,
        "interestExpense": 463,
        "interestIncomeExpense": -447,
        "minorityInterest": -4,
        "netIncome": -671,
        "netIncomeAfterTaxes": -662,
        "nonRecurringItems": -2485,
        "period": "2015-12-31",
        "pretaxIncome": -936,
        "provisionforIncomeTaxes": -274,
        "revenue": 23633,
        "sgaExpense": 200,
        "totalOperatingExpense": 200,
        "totalOtherIncomeExpenseNet": -324,
        "year": 2015
      }
    ],
    "symbol": "HAL"
  }
}