{
  "symbol": "UPS",
  "statement": "ic",
  "frequency": "annual",
  "timestamp": "2025-09-19T14:08:00.068052",
  "data": {
    "financials": [
      {
        "costOfGoodsSold": 17955,
        "depreciationAmortization": 3609,
        "dilutedAverageSharesOutstanding": 856,
        "dilutedEPS": 6.75,
        "ebit": 8576,
        "grossIncome": 73115,
        "interestExpense": 866,
        "interestIncomeExpense": -866,
        "netIncome": 5782,
        "netIncomeAfterTaxes": 5782,
        "nonRecurringItems": -108,
        "otherOperatingExpensesTotal": 7780,
        "period": "2024-12-31",
        "pretaxIncome": 7442,
        "provisionforIncomeTaxes": 1660,
        "revenue": 91070,
        "sgaExpense": 53150,
        "totalOperatingExpense": 64539,
        "totalOtherIncomeExpenseNet": -160,
        "year": 2024
      },
      {
        "costOfGoodsSold": 18426,
        "depreciationAmortization": 3366,
        "dilutedAverageSharesOutstanding": 860,
        "dilutedEPS": 7.8,
        "ebit": 9141,
        "grossIncome": 72532,
        "interestExpense": 785,
        "interestIncomeExpense": -785,
        "netIncome": 6708,
        "netIncomeAfterTaxes": 6708,
        "otherOperatingExpensesTotal": 8090,
        "period": "2023-12-31",
        "pretaxIncome": 8573,
        "provisionforIncomeTaxes": 1865,
        "revenue": 90958,
        "sgaExpense": 51935,
        "totalOperatingExpense": 63391,
        "totalOtherIncomeExpenseNet": 217,
        "year": 2023
      },
      {
        "costOfGoodsSold": 23671,
        "depreciationAmortization": 3188,
        "dilutedAverageSharesOutstanding": 875,
        "dilutedEPS": 13.2,
        "ebit": 13094,
        "grossIncome": 76667,
        "interestExpense": 704,
        "interestIncomeExpense": -704,
        "netIncome": 11548,
        "netIncomeAfterTaxes": 11548,
        "otherOperatingExpensesTotal": 8271,
        "period": "2022-12-31",
        "pretaxIncome": 14825,
        "provisionforIncomeTaxes": 3277,
        "revenue": 100338,
        "sgaExpense": 52114,
        "totalOperatingExpense": 63573,
        "totalOtherIncomeExpenseNet": 2435,
        "year": 2022
      },
      {
        "costOfGoodsSold": 22905,
        "depreciationAmortization": 2953,
        "dilutedAverageSharesOutstanding": 874,
        "dilutedEPS": 14.75,
        "ebit": 12764,
        "grossIncome": 74382,
        "interestExpense": 694,
        "interestIncomeExpense": -694,
        "netIncome": 12890,
        "netIncomeAfterTaxes": 12890,
        "nonRecurringItems": 46,
        "otherOperatingExpensesTotal": 7817,
        "period": "2021-12-31",
        "pretaxIncome": 16595,
        "provisionforIncomeTaxes": 3705,
        "revenue": 97287,
        "sgaExpense": 50848,
        "totalOperatingExpense": 61618,
        "totalOtherIncomeExpenseNet": 4479,
        "year": 2021
      },
      {
        "costOfGoodsSold": 18213,
        "depreciationAmortization": 2698,
        "dilutedAverageSharesOutstanding": 871,
        "dilutedEPS": 1.54,
        "ebit": 8459,
        "grossIncome": 66415,
        "interestExpense": 701,
        "interestIncomeExpense": -701,
        "netIncome": 1343,
        "netIncomeAfterTaxes": 1343,
        "nonRecurringItems": -775,
        "otherOperatingExpensesTotal": 6825,
        "period": "2020-12-31",
        "pretaxIncome": 1844,
        "provisionforIncomeTaxes": 501,
        "revenue": 84628,
        "sgaExpense": 48433,
        "totalOperatingExpense": 57956,
        "totalOtherIncomeExpenseNet": -5139,
        "year": 2020
      },
      {
        "costOfGoodsSold": 15879,
        "depreciationAmortization": 2360,
        "dilutedAverageSharesOutstanding": 869,
        "dilutedEPS": 5.11,
        "ebit": 7798,
        "grossIncome": 58215,
        "interestExpense": 644,
        "interestIncomeExpense": -654,
        "netIncome": 4440,
        "netIncomeAfterTaxes": 4440,
        "otherOperatingExpensesTotal": 5919,
        "period": "2019-12-31",
        "pretaxIncome": 5652,
        "provisionforIncomeTaxes": 1212,
        "revenue": 74094,
        "sgaExpense": 42138,
        "totalOperatingExpense": 50417,
        "totalOtherIncomeExpenseNet": -1492,
        "year": 2019
      },
      {
        "costOfGoodsSold": 16836,
        "depreciationAmortization": 2207,
        "dilutedAverageSharesOutstanding": 870,
        "dilutedEPS": 5.51,
        "ebit": 7024,
        "grossIncome": 55025,
        "interestExpense": 596,
        "interestIncomeExpense": -691,
        "netIncome": 4791,
        "netIncomeAfterTaxes": 4791,
        "otherOperatingExpensesTotal": 5465,
        "period": "2018-12-31",
        "pretaxIncome": 6019,
        "provisionforIncomeTaxes": 1228,
        "revenue": 71861,
        "sgaExpense": 40329,
        "totalOperatingExpense": 48001,
        "totalOtherIncomeExpenseNet": -314,
        "year": 2018
      },
      {
        "costOfGoodsSold": 14386,
        "depreciationAmortization": 2282,
        "dilutedAverageSharesOutstanding": 875,
        "dilutedEPS": 5.6,
        "ebit": 7529,
        "grossIncome": 52199,
        "interestExpense": 444,
        "interestIncomeExpense": -398,
        "netIncome": 4905,
        "netIncomeAfterTaxes": 4647,
        "otherOperatingExpensesTotal": 5055,
        "period": "2017-12-31",
        "pretaxIncome": 7137,
        "provisionforIncomeTaxes": 2490,
        "revenue": 66585,
        "sgaExpense": 37333,
        "totalOperatingExpense": 44670,
        "totalOtherIncomeExpenseNet": 6,
        "year": 2017
      },
      {
        "costOfGoodsSold": 11966,
        "depreciationAmortization": 2224,
        "dilutedAverageSharesOutstanding": 887,
        "dilutedEPS": 3.86,
        "ebit": 7688,
        "grossIncome": 49644,
        "interestExpense": 381,
        "interestIncomeExpense": -381,
        "netIncome": 3422,
        "netIncomeAfterTaxes": 3422,
        "otherOperatingExpensesTotal": 4619,
        "period": "2016-12-31",
        "pretaxIncome": 5121,
        "provisionforIncomeTaxes": 1699,
        "revenue": 61610,
        "sgaExpense": 35113,
        "totalOperatingExpense": 41956,
        "totalOtherIncomeExpenseNet": -2186,
        "year": 2016
      },
      {
        "costOfGoodsSold": 10523,
        "depreciationAmortization": 2084,
        "dilutedAverageSharesOutstanding": 906,
        "dilutedEPS": 5.35,
        "ebit": 7648,
        "grossIncome": 47840,
        "interestExpense": 320,
        "interestIncomeExpense": -283,
        "netIncome": 4844,
        "netIncomeAfterTaxes": 4844,
        "otherOperatingExpensesTotal": 4658,
        "period": "2015-12-31",
        "pretaxIncome": 7342,
        "provisionforIncomeTaxes": 2498,
        "revenue": 58363,
        "sgaExpense": 33450,
        "totalOperatingExpense": 40192,
        "totalOtherIncomeExpenseNet": -23,
        "year": 2015
      }
    ],
    "symbol": "UPS"
  }
}