{
  "symbol": "WY",
  "statement": "ic",
  "frequency": "quarterly",
  "timestamp": "2025-09-19T14:08:52.128366",
  "data": {
    "financials": [
      {
        "costOfGoodsSold": 1559,
        "dilutedAverageSharesOutstanding": 723.927,
        "dilutedEPS": 0.1202,
        "ebit": 182,
        "grossIncome": 325,
        "interestExpense": 66,
        "interestIncomeExpense": -58,
        "netIncome": 87,
        "netIncomeAfterTaxes": 87,
        "nonRecurringItems": -6,
        "otherOperatingExpensesTotal": 5,
        "period": "2025-06-30",
        "pretaxIncome": 99,
        "provisionforIncomeTaxes": 12,
        "researchDevelopment": 1,
        "revenue": 1884,
        "sgaExpense": 137,
        "totalOperatingExpense": 143,
        "totalOtherIncomeExpenseNet": -19
      },
      {
        "costOfGoodsSold": 1428,
        "dilutedAverageSharesOutstanding": 726.566,
        "dilutedEPS": 0.1142,
        "ebit": 185,
        "grossIncome": 335,
        "interestExpense": 66,
        "interestIncomeExpense": -61,
        "netIncome": 83,
        "netIncomeAfterTaxes": 83,
        "nonRecurringItems": -6,
        "otherOperatingExpensesTotal": 7,
        "period": "2025-03-31",
        "pretaxIncome": 99,
        "provisionforIncomeTaxes": 16,
        "researchDevelopment": 1,
        "revenue": 1763,
        "sgaExpense": 142,
        "totalOperatingExpense": 150,
        "totalOtherIncomeExpenseNet": -19
      },
      {
        "costOfGoodsSold": 1404,
        "dilutedAverageSharesOutstanding": 727.763,
        "dilutedEPS": 0.1113,
        "ebit": 156,
        "grossIncome": 304,
        "interestExpense": 66,
        "interestIncomeExpense": -55,
        "netIncome": 81,
        "netIncomeAfterTaxes": 81,
        "nonRecurringItems": -16,
        "otherOperatingExpensesTotal": 2,
        "period": "2024-12-31",
        "pretaxIncome": 74,
        "provisionforIncomeTaxes": -7,
        "researchDevelopment": 2,
        "revenue": 1708,
        "sgaExpense": 144,
        "totalOperatingExpense": 148,
        "totalOtherIncomeExpenseNet": -11
      },
      {
        "costOfGoodsSold": 1431,
        "dilutedAverageSharesOutstanding": 728.18,
        "dilutedEPS": 0.0385,
        "ebit": 102,
        "grossIncome": 250,
        "interestExpense": 69,
        "interestIncomeExpense": -55,
        "netIncome": 28,
        "netIncomeAfterTaxes": 28,
        "nonRecurringItems": -24,
        "otherOperatingExpensesTotal": 3,
        "period": "2024-09-30",
        "pretaxIncome": 13,
        "provisionforIncomeTaxes": -15,
        "researchDevelopment": 1,
        "revenue": 1681,
        "sgaExpense": 144,
        "totalOperatingExpense": 148,
        "totalOtherIncomeExpenseNet": -10
      },
      {
        "costOfGoodsSold": 1535,
        "dilutedAverageSharesOutstanding": 729.341,
        "dilutedEPS": 0.2372,
        "ebit": 262,
        "grossIncome": 404,
        "interestExpense": 67,
        "interestIncomeExpense": -55,
        "netIncome": 173,
        "netIncomeAfterTaxes": 173,
        "nonRecurringItems": 9,
        "otherOperatingExpensesTotal": 1,
        "period": "2024-06-30",
        "pretaxIncome": 206,
        "provisionforIncomeTaxes": 33,
        "researchDevelopment": 3,
        "revenue": 1939,
        "sgaExpense": 138,
        "totalOperatingExpense": 142,
        "totalOtherIncomeExpenseNet": -10
      },
      {
        "costOfGoodsSold": 1441,
        "dilutedAverageSharesOutstanding": 730.558,
        "dilutedEPS": 0.1561,
        "ebit": 204,
        "grossIncome": 355,
        "interestExpense": 67,
        "interestIncomeExpense": -51,
        "netIncome": 114,
        "netIncomeAfterTaxes": 114,
        "nonRecurringItems": -8,
        "otherOperatingExpensesTotal": 8,
        "period": "2024-03-31",
        "pretaxIncome": 134,
        "provisionforIncomeTaxes": 20,
        "researchDevelopment": 1,
        "revenue": 1796,
        "sgaExpense": 142,
        "totalOperatingExpense": 151,
        "totalOtherIncomeExpenseNet": -11
      },
      {
        "costOfGoodsSold": 1432,
        "dilutedAverageSharesOutstanding": 731.262,
        "dilutedEPS": 0.2995,
        "ebit": 195,
        "grossIncome": 342,
        "interestExpense": 72,
        "interestIncomeExpense": -50,
        "netIncome": 219,
        "netIncomeAfterTaxes": 219,
        "nonRecurringItems": 83,
        "otherOperatingExpensesTotal": 9,
        "period": "2023-12-31",
        "pretaxIncome": 216,
        "provisionforIncomeTaxes": -3,
        "researchDevelopment": 2,
        "revenue": 1774,
        "sgaExpense": 136,
        "totalOperatingExpense": 147,
        "totalOtherIncomeExpenseNet": -12
      },
      {
        "costOfGoodsSold": 1520,
        "dilutedAverageSharesOutstanding": 731.742,
        "dilutedEPS": 0.3266,
        "ebit": 364,
        "grossIncome": 502,
        "interestExpense": 72,
        "interestIncomeExpense": -49,
        "netIncome": 239,
        "netIncomeAfterTaxes": 239,
        "nonRecurringItems": -10,
        "otherOperatingExpensesTotal": 7,
        "period": "2023-09-30",
        "pretaxIncome": 293,
        "provisionforIncomeTaxes": 54,
        "researchDevelopment": 2,
        "revenue": 2022,
        "sgaExpense": 129,
        "totalOperatingExpense": 138,
        "totalOtherIncomeExpenseNet": -12
      },
      {
        "costOfGoodsSold": 1528,
        "dilutedAverageSharesOutstanding": 732.362,
        "dilutedEPS": 0.3141,
        "ebit": 329,
        "grossIncome": 469,
        "interestExpense": 70,
        "interestIncomeExpense": -49,
        "netIncome": 230,
        "netIncomeAfterTaxes": 230,
        "nonRecurringItems": -13,
        "otherOperatingExpensesTotal": 9,
        "period": "2023-06-30",
        "pretaxIncome": 255,
        "provisionforIncomeTaxes": 25,
        "researchDevelopment": 1,
        "revenue": 1997,
        "sgaExpense": 130,
        "totalOperatingExpense": 140,
        "totalOtherIncomeExpenseNet": -12
      },
      {
        "costOfGoodsSold": 1512,
        "dilutedAverageSharesOutstanding": 733.546,
        "dilutedEPS": 0.2059,
        "ebit": 238,
        "grossIncome": 369,
        "interestExpense": 66,
        "interestIncomeExpense": -55,
        "netIncome": 151,
        "netIncomeAfterTaxes": 151,
        "nonRecurringItems": -1,
        "otherOperatingExpensesTotal": 6,
        "period": "2023-03-31",
        "pretaxIncome": 173,
        "provisionforIncomeTaxes": 22,
        "researchDevelopment": 2,
        "revenue": 1881,
        "sgaExpense": 123,
        "totalOperatingExpense": 131,
        "totalOtherIncomeExpenseNet": -9
      },
      {
        "costOfGoodsSold": 1434,
        "dilutedAverageSharesOutstanding": 736.569,
        "dilutedEPS": 0.0149,
        "ebit": 245,
        "grossIncome": 389,
        "interestExpense": 66,
        "interestIncomeExpense": -52,
        "netIncome": 11,
        "netIncomeAfterTaxes": 11,
        "nonRecurringItems": -11,
        "otherOperatingExpensesTotal": 15,
        "period": "2022-12-31",
        "pretaxIncome": -34,
        "provisionforIncomeTaxes": -45,
        "researchDevelopment": 2,
        "revenue": 1823,
        "sgaExpense": 127,
        "totalOperatingExpense": 144,
        "totalOtherIncomeExpenseNet": -216
      },
      {
        "costOfGoodsSold": 1694,
        "dilutedAverageSharesOutstanding": 740.975,
        "dilutedEPS": 0.4184,
        "ebit": 451,
        "grossIncome": 582,
        "interestExpense": 67,
        "interestIncomeExpense": -50,
        "netIncome": 310,
        "netIncomeAfterTaxes": 310,
        "nonRecurringItems": -2,
        "otherOperatingExpensesTotal": 6,
        "period": "2022-09-30",
        "pretaxIncome": 387,
        "provisionforIncomeTaxes": 77,
        "researchDevelopment": 1,
        "revenue": 2276,
        "sgaExpense": 124,
        "totalOperatingExpense": 131,
        "totalOtherIncomeExpenseNet": -12
      },
      {
        "costOfGoodsSold": 1789,
        "dilutedAverageSharesOutstanding": 745.582,
        "dilutedEPS": 1.0569,
        "ebit": 1048,
        "grossIncome": 1184,
        "interestExpense": 65,
        "interestIncomeExpense": -61,
        "netIncome": 788,
        "netIncomeAfterTaxes": 788,
        "nonRecurringItems": -4,
        "otherOperatingExpensesTotal": 9,
        "period": "2022-06-30",
        "pretaxIncome": 972,
        "provisionforIncomeTaxes": 184,
        "researchDevelopment": 2,
        "revenue": 2973,
        "sgaExpense": 125,
        "totalOperatingExpense": 136,
        "totalOtherIncomeExpenseNet": -11
      },
      {
        "costOfGoodsSold": 1647,
        "dilutedAverageSharesOutstanding": 748.823,
        "dilutedEPS": 1.0296,
        "ebit": 1347,
        "grossIncome": 1465,
        "interestExpense": 73,
        "interestIncomeExpense": -72,
        "netIncome": 771,
        "netIncomeAfterTaxes": 771,
        "nonRecurringItems": -280,
        "otherOperatingExpensesTotal": 2,
        "period": "2022-03-31",
        "pretaxIncome": 980,
        "provisionforIncomeTaxes": 209,
        "researchDevelopment": 1,
        "revenue": 3112,
        "sgaExpense": 115,
        "totalOperatingExpense": 118,
        "totalOtherIncomeExpenseNet": -15
      },
      {
        "costOfGoodsSold": 1501,
        "dilutedAverageSharesOutstanding": 750.935,
        "dilutedEPS": 0.554,
        "ebit": 552,
        "grossIncome": 705,
        "interestExpense": 77,
        "interestIncomeExpense": -73,
        "netIncome": 416,
        "netIncomeAfterTaxes": 416,
        "nonRecurringItems": 54,
        "otherOperatingExpensesTotal": 11,
        "period": "2021-12-31",
        "pretaxIncome": 528,
        "provisionforIncomeTaxes": 112,
        "researchDevelopment": 2,
        "revenue": 2206,
        "sgaExpense": 140,
        "totalOperatingExpense": 153,
        "totalOtherIncomeExpenseNet": -5
      },
      {
        "costOfGoodsSold": 1589,
        "dilutedAverageSharesOutstanding": 751.443,
        "dilutedEPS": 0.6414,
        "ebit": 617,
        "grossIncome": 756,
        "interestExpense": 79,
        "interestIncomeExpense": -73,
        "netIncome": 482,
        "netIncomeAfterTaxes": 482,
        "nonRecurringItems": 27,
        "otherOperatingExpensesTotal": 16,
        "period": "2021-09-30",
        "pretaxIncome": 566,
        "provisionforIncomeTaxes": 84,
        "researchDevelopment": 1,
        "revenue": 2345,
        "sgaExpense": 122,
        "totalOperatingExpense": 139,
        "totalOtherIncomeExpenseNet": -5
      },
      {
        "costOfGoodsSold": 1583,
        "dilutedAverageSharesOutstanding": 751.508,
        "dilutedEPS": 1.3679,
        "ebit": 1433,
        "grossIncome": 1561,
        "interestExpense": 78,
        "interestIncomeExpense": -77,
        "netIncome": 1028,
        "netIncomeAfterTaxes": 1028,
        "nonRecurringItems": -3,
        "otherOperatingExpensesTotal": 8,
        "period": "2021-06-30",
        "pretaxIncome": 1352,
        "provisionforIncomeTaxes": 324,
        "researchDevelopment": 1,
        "revenue": 3144,
        "sgaExpense": 119,
        "totalOperatingExpense": 128,
        "totalOtherIncomeExpenseNet": -1
      },
      {
        "costOfGoodsSold": 1430,
        "dilutedAverageSharesOutstanding": 750,
        "dilutedEPS": 0.91,
        "ebit": 961,
        "grossIncome": 1076,
        "interestExpense": 79,
        "interestIncomeExpense": -80,
        "netIncome": 681,
        "netIncomeAfterTaxes": 681,
        "nonRecurringItems": -3,
        "otherOperatingExpensesTotal": 4,
        "period": "2021-03-31",
        "pretaxIncome": 870,
        "provisionforIncomeTaxes": 189,
        "researchDevelopment": 1,
        "revenue": 2506,
        "sgaExpense": 110,
        "totalOperatingExpense": 115,
        "totalOtherIncomeExpenseNet": -8
      },
      {
        "costOfGoodsSold": 1392,
        "dilutedAverageSharesOutstanding": 749,
        "dilutedEPS": 0.39,
        "ebit": 542,
        "grossIncome": 671,
        "interestExpense": 270,
        "interestIncomeExpense": -274,
        "netIncome": 292,
        "netIncomeAfterTaxes": 292,
        "nonRecurringItems": 305,
        "otherOperatingExpensesTotal": 14,
        "period": "2020-12-31",
        "pretaxIncome": 311,
        "provisionforIncomeTaxes": 19,
        "researchDevelopment": 1,
        "revenue": 2063,
        "sgaExpense": 114,
        "totalOperatingExpense": 129,
        "totalOtherIncomeExpenseNet": -262
      },
      {
        "costOfGoodsSold": 1390,
        "dilutedAverageSharesOutstanding": 748.5,
        "dilutedEPS": 0.38,
        "ebit": 595,
        "grossIncome": 720,
        "interestExpense": 88,
        "interestIncomeExpense": -84,
        "netIncome": 283,
        "netIncomeAfterTaxes": 283,
        "nonRecurringItems": -110,
        "otherOperatingExpensesTotal": 6,
        "period": "2020-09-30",
        "pretaxIncome": 392,
        "provisionforIncomeTaxes": 109,
        "researchDevelopment": 1,
        "revenue": 2110,
        "sgaExpense": 118,
        "totalOperatingExpense": 125,
        "totalOtherIncomeExpenseNet": -9
      },
      {
        "costOfGoodsSold": 1283,
        "dilutedAverageSharesOutstanding": 747,
        "dilutedEPS": 0.1,
        "ebit": 246,
        "grossIncome": 348,
        "interestExpense": 92,
        "interestIncomeExpense": -87,
        "netIncome": 72,
        "netIncomeAfterTaxes": 72,
        "nonRecurringItems": -17,
        "otherOperatingExpensesTotal": -2,
        "period": "2020-06-30",
        "pretaxIncome": 132,
        "provisionforIncomeTaxes": 60,
        "researchDevelopment": 2,
        "revenue": 1631,
        "sgaExpense": 102,
        "totalOperatingExpense": 102,
        "totalOtherIncomeExpenseNet": -10
      },
      {
        "costOfGoodsSold": 1382,
        "dilutedAverageSharesOutstanding": 747.2,
        "dilutedEPS": 0.2,
        "ebit": 244,
        "grossIncome": 346,
        "interestExpense": 85,
        "interestIncomeExpense": -92,
        "netIncome": 150,
        "netIncomeAfterTaxes": 150,
        "nonRecurringItems": 4,
        "otherOperatingExpensesTotal": 5,
        "period": "2020-03-31",
        "pretaxIncome": 147,
        "provisionforIncomeTaxes": -3,
        "researchDevelopment": 1,
        "revenue": 1728,
        "sgaExpense": 96,
        "totalOperatingExpense": 102,
        "totalOtherIncomeExpenseNet": -9
      },
      {
        "costOfGoodsSold": 1301,
        "dilutedAverageSharesOutstanding": 745.9,
        "dilutedEPS": -0.02,
        "ebit": 121,
        "grossIncome": 247,
        "interestExpense": 89,
        "interestIncomeExpense": -81,
        "netIncome": -14,
        "netIncomeAfterTaxes": -14,
        "nonRecurringItems": 217,
        "otherOperatingExpensesTotal": 4,
        "period": "2019-12-31",
        "pretaxIncome": -13,
        "provisionforIncomeTaxes": 1,
        "researchDevelopment": 6,
        "revenue": 1548,
        "sgaExpense": 116,
        "totalOperatingExpense": 126,
        "totalOtherIncomeExpenseNet": -270
      },
      {
        "costOfGoodsSold": 1399,
        "dilutedAverageSharesOutstanding": 746.5,
        "dilutedEPS": 0.13,
        "ebit": 228,
        "grossIncome": 272,
        "interestExpense": 91,
        "interestIncomeExpense": -86,
        "netIncome": 99,
        "netIncomeAfterTaxes": 99,
        "nonRecurringItems": -25,
        "otherOperatingExpensesTotal": -62,
        "period": "2019-09-30",
        "pretaxIncome": 102,
        "provisionforIncomeTaxes": 3,
        "researchDevelopment": 1,
        "revenue": 1671,
        "sgaExpense": 105,
        "totalOperatingExpense": 44,
        "totalOtherIncomeExpenseNet": -15
      },
      {
        "costOfGoodsSold": 1390,
        "dilutedAverageSharesOutstanding": 746.2,
        "dilutedEPS": 0.17,
        "ebit": 193,
        "grossIncome": 302,
        "interestExpense": 91,
        "interestIncomeExpense": -83,
        "netIncome": 128,
        "netIncomeAfterTaxes": 128,
        "nonRecurringItems": -3,
        "otherOperatingExpensesTotal": 6,
        "period": "2019-06-30",
        "pretaxIncome": 91,
        "provisionforIncomeTaxes": -37,
        "researchDevelopment": 2,
        "revenue": 1692,
        "sgaExpense": 101,
        "totalOperatingExpense": 109,
        "totalOtherIncomeExpenseNet": -16
      },
      {
        "costOfGoodsSold": 1322,
        "dilutedAverageSharesOutstanding": 746.6,
        "dilutedEPS": -0.39,
        "ebit": 202,
        "grossIncome": 321,
        "interestExpense": 95,
        "interestIncomeExpense": -88,
        "netIncome": -289,
        "netIncomeAfterTaxes": -289,
        "nonRecurringItems": -492,
        "otherOperatingExpensesTotal": 8,
        "period": "2019-03-31",
        "pretaxIncome": -393,
        "provisionforIncomeTaxes": -104,
        "researchDevelopment": 1,
        "revenue": 1643,
        "sgaExpense": 110,
        "totalOperatingExpense": 119,
        "totalOtherIncomeExpenseNet": -15
      },
      {
        "costOfGoodsSold": 1345,
        "dilutedAverageSharesOutstanding": 748.6,
        "dilutedEPS": -0.12,
        "ebit": 178,
        "grossIncome": 291,
        "interestExpense": 97,
        "interestIncomeExpense": -68,
        "netIncome": -93,
        "netIncomeAfterTaxes": -93,
        "nonRecurringItems": -206,
        "otherOperatingExpensesTotal": 7,
        "period": "2018-12-31",
        "pretaxIncome": -114,
        "provisionforIncomeTaxes": -21,
        "researchDevelopment": 2,
        "revenue": 1636,
        "sgaExpense": 104,
        "totalOperatingExpense": 113,
        "totalOtherIncomeExpenseNet": -18
      },
      {
        "costOfGoodsSold": 1452,
        "dilutedAverageSharesOutstanding": 757.4,
        "dilutedEPS": 0.34,
        "ebit": 348,
        "grossIncome": 458,
        "interestExpense": 93,
        "interestIncomeExpense": -82,
        "netIncome": 255,
        "netIncomeAfterTaxes": 255,
        "nonRecurringItems": -9,
        "otherOperatingExpensesTotal": 10,
        "period": "2018-09-30",
        "pretaxIncome": 240,
        "provisionforIncomeTaxes": -15,
        "researchDevelopment": 2,
        "revenue": 1910,
        "sgaExpense": 98,
        "totalOperatingExpense": 110,
        "totalOtherIncomeExpenseNet": -17
      },
      {
        "costOfGoodsSold": 1447,
        "dilutedAverageSharesOutstanding": 760.5,
        "dilutedEPS": 0.42,
        "ebit": 481,
        "grossIncome": 618,
        "interestExpense": 92,
        "interestIncomeExpense": -79,
        "netIncome": 317,
        "netIncomeAfterTaxes": 317,
        "nonRecurringItems": -7,
        "otherOperatingExpensesTotal": 32,
        "period": "2018-06-30",
        "pretaxIncome": 382,
        "provisionforIncomeTaxes": 65,
        "researchDevelopment": 2,
        "revenue": 2065,
        "sgaExpense": 103,
        "totalOperatingExpense": 137,
        "totalOtherIncomeExpenseNet": -13
      },
      {
        "costOfGoodsSold": 1348,
        "dilutedAverageSharesOutstanding": 759.5,
        "dilutedEPS": 0.35,
        "ebit": 411,
        "grossIncome": 517,
        "interestExpense": 93,
        "interestIncomeExpense": -83,
        "netIncome": 269,
        "netIncomeAfterTaxes": 269,
        "nonRecurringItems": -5,
        "otherOperatingExpensesTotal": 3,
        "period": "2018-03-31",
        "pretaxIncome": 299,
        "provisionforIncomeTaxes": 30,
        "researchDevelopment": 2,
        "revenue": 1865,
        "sgaExpense": 101,
        "totalOperatingExpense": 106,
        "totalOtherIncomeExpenseNet": -24
      },
      {
        "costOfGoodsSold": 1316,
        "dilutedAverageSharesOutstanding": 758.5,
        "dilutedEPS": 0.35,
        "ebit": 354,
        "grossIncome": 507,
        "interestExpense": 96,
        "interestIncomeExpense": -85,
        "netIncome": 271,
        "netIncomeAfterTaxes": 323,
        "nonRecurringItems": 121,
        "otherOperatingExpensesTotal": 58,
        "period": "2017-12-31",
        "pretaxIncome": 374,
        "provisionforIncomeTaxes": 51,
        "researchDevelopment": 2,
        "revenue": 1823,
        "sgaExpense": 93,
        "totalOperatingExpense": 153,
        "totalOtherIncomeExpenseNet": -16
      },
      {
        "costOfGoodsSold": 1374,
        "dilutedAverageSharesOutstanding": 756.9,
        "dilutedEPS": 0.17,
        "ebit": 219,
        "grossIncome": 498,
        "interestExpense": 98,
        "interestIncomeExpense": -83,
        "netIncome": 130,
        "netIncomeAfterTaxes": 130,
        "nonRecurringItems": -17,
        "otherOperatingExpensesTotal": 178,
        "period": "2017-09-30",
        "pretaxIncome": 103,
        "provisionforIncomeTaxes": -27,
        "researchDevelopment": 4,
        "revenue": 1872,
        "sgaExpense": 97,
        "totalOperatingExpense": 279,
        "totalOtherIncomeExpenseNet": -16
      },
      {
        "costOfGoodsSold": 1336,
        "dilutedAverageSharesOutstanding": 756.5,
        "dilutedEPS": 0.03,
        "ebit": 309,
        "grossIncome": 472,
        "interestExpense": 100,
        "interestIncomeExpense": -91,
        "netIncome": 24,
        "netIncomeAfterTaxes": 24,
        "nonRecurringItems": -152,
        "otherOperatingExpensesTotal": 61,
        "period": "2017-06-30",
        "pretaxIncome": 58,
        "provisionforIncomeTaxes": 34,
        "researchDevelopment": 4,
        "revenue": 1808,
        "sgaExpense": 98,
        "totalOperatingExpense": 163,
        "totalOtherIncomeExpenseNet": -8
      },
      {
        "costOfGoodsSold": 1272,
        "dilutedAverageSharesOutstanding": 754.7,
        "dilutedEPS": 0.21,
        "ebit": 305,
        "grossIncome": 421,
        "interestExpense": 99,
        "interestIncomeExpense": -93,
        "netIncome": 157,
        "netIncomeAfterTaxes": 157,
        "nonRecurringItems": -9,
        "otherOperatingExpensesTotal": 3,
        "period": "2017-03-31",
        "pretaxIncome": 181,
        "provisionforIncomeTaxes": 24,
        "researchDevelopment": 4,
        "revenue": 1693,
        "sgaExpense": 109,
        "totalOperatingExpense": 116,
        "totalOtherIncomeExpenseNet": -22
      },
      {
        "costOfGoodsSold": 1278,
        "dilutedAverageSharesOutstanding": 753,
        "dilutedEPS": 0.73,
        "ebit": 203,
        "grossIncome": 318,
        "interestExpense": 108,
        "interestIncomeExpense": -103,
        "netIncome": 551,
        "netIncomeAfterTaxes": 62,
        "nonRecurringItems": -24,
        "otherOperatingExpensesTotal": 3,
        "period": "2016-12-31",
        "pretaxIncome": 87,
        "provisionforIncomeTaxes": 25,
        "researchDevelopment": 5,
        "revenue": 1596,
        "sgaExpense": 107,
        "totalOperatingExpense": 115,
        "totalOtherIncomeExpenseNet": 11
      },
      {
        "costOfGoodsSold": 1328,
        "dilutedAverageSharesOutstanding": 754,
        "dilutedEPS": 0.3,
        "ebit": 272,
        "grossIncome": 381,
        "interestExpense": 114,
        "interestIncomeExpense": -91,
        "netIncome": 227,
        "netIncomeAfterTaxes": 162,
        "nonRecurringItems": -10,
        "otherOperatingExpensesTotal": 2,
        "period": "2016-09-30",
        "pretaxIncome": 184,
        "provisionforIncomeTaxes": 22,
        "researchDevelopment": 5,
        "revenue": 1709,
        "sgaExpense": 102,
        "totalOperatingExpense": 109,
        "totalOtherIncomeExpenseNet": 13
      },
      {
        "costOfGoodsSold": 1271,
        "dilutedAverageSharesOutstanding": 747.7,
        "dilutedEPS": 0.2,
        "ebit": 271,
        "grossIncome": 384,
        "interestExpense": 114,
        "interestIncomeExpense": -98,
        "netIncome": 157,
        "netIncomeAfterTaxes": 130,
        "nonRecurringItems": -22,
        "otherOperatingExpensesTotal": -7,
        "period": "2016-06-30",
        "pretaxIncome": 161,
        "provisionforIncomeTaxes": 31,
        "researchDevelopment": 4,
        "revenue": 1655,
        "sgaExpense": 116,
        "totalOperatingExpense": 113,
        "totalOtherIncomeExpenseNet": 10
      },
      {
        "costOfGoodsSold": 1103,
        "dilutedAverageSharesOutstanding": 634.9,
        "dilutedEPS": 0.11,
        "ebit": 204,
        "grossIncome": 302,
        "interestExpense": 95,
        "interestIncomeExpense": -68,
        "netIncome": 70,
        "netIncomeAfterTaxes": 61,
        "nonRecurringItems": -78,
        "otherOperatingExpensesTotal": -9,
        "period": "2016-03-31",
        "pretaxIncome": 72,
        "provisionforIncomeTaxes": 11,
        "researchDevelopment": 5,
        "revenue": 1405,
        "sgaExpense": 102,
        "totalOperatingExpense": 98,
        "totalOtherIncomeExpenseNet": 14
      },
      {
        "costOfGoodsSold": 998,
        "dilutedAverageSharesOutstanding": 514.1,
        "dilutedEPS": 0.11,
        "ebit": 172,
        "grossIncome": 268,
        "interestExpense": 87,
        "interestIncomeExpense": -84,
        "netIncome": 59,
        "netIncomeAfterTaxes": 86,
        "nonRecurringItems": -24,
        "otherOperatingExpensesTotal": -11,
        "period": "2015-12-31",
        "pretaxIncome": 64,
        "provisionforIncomeTaxes": -22,
        "researchDevelopment": 6,
        "revenue": 1266,
        "sgaExpense": 101,
        "totalOperatingExpense": 96
      },
      {
        "costOfGoodsSold": 1073,
        "dilutedAverageSharesOutstanding": 517.1,
        "dilutedEPS": 0.34,
        "ebit": 193,
        "grossIncome": 282,
        "interestExpense": 87,
        "interestIncomeExpense": -98,
        "netIncome": 180,
        "netIncomeAfterTaxes": 132,
        "nonRecurringItems": -7,
        "otherOperatingExpensesTotal": 6,
        "period": "2015-09-30",
        "pretaxIncome": 88,
        "provisionforIncomeTaxes": -44,
        "researchDevelopment": 4,
        "revenue": 1355,
        "sgaExpense": 79,
        "totalOperatingExpense": 89
      }
    ],
    "symbol": "WY"
  }
}