{
  "symbol": "SMCI",
  "statement": "ic",
  "frequency": "annual",
  "timestamp": "2025-09-19T14:07:02.728178",
  "data": {
    "financials": [
      {
        "costOfGoodsSold": 19542.12,
        "dilutedAverageSharesOutstanding": 628.402,
        "dilutedEPS": 1.6691,
        "ebit": 1252.994,
        "equityEarningsAffiliates": -6.211,
        "grossIncome": 2429.922,
        "interestExpense": 59.573,
        "interestIncomeExpense": -59.573,
        "netIncome": 1048.854,
        "netIncomeAfterTaxes": 1055.065,
        "period": "2025-06-30",
        "pretaxIncome": 1211.916,
        "provisionforIncomeTaxes": 156.851,
        "researchDevelopment": 636.55,
        "revenue": 21972.042,
        "sgaExpense": 540.378,
        "totalOperatingExpense": 1176.928,
        "totalOtherIncomeExpenseNet": 18.495,
        "year": 2025
      },
      {
        "costOfGoodsSold": 12927.841,
        "dilutedAverageSharesOutstanding": 602.146,
        "dilutedEPS": 1.91,
        "ebit": 1210.774,
        "equityEarningsAffiliates": 1.821,
        "grossIncome": 2061.41,
        "interestExpense": 19.352,
        "interestIncomeExpense": -19.352,
        "netIncome": 1152.666,
        "netIncomeAfterTaxes": 1150.845,
        "period": "2024-06-30",
        "pretaxIncome": 1214.139,
        "provisionforIncomeTaxes": 63.294,
        "researchDevelopment": 463.548,
        "revenue": 14989.251,
        "sgaExpense": 387.088,
        "totalOperatingExpense": 850.636,
        "totalOtherIncomeExpenseNet": 22.717,
        "year": 2024
      },
      {
        "costOfGoodsSold": 5840.47,
        "dilutedAverageSharesOutstanding": 559.7,
        "dilutedEPS": 1.14,
        "ebit": 761.142,
        "equityEarningsAffiliates": -3.633,
        "grossIncome": 1283.012,
        "interestExpense": 10.491,
        "interestIncomeExpense": -10.491,
        "netIncome": 639.998,
        "netIncomeAfterTaxes": 643.631,
        "period": "2023-06-30",
        "pretaxIncome": 754.297,
        "provisionforIncomeTaxes": 110.666,
        "researchDevelopment": 307.26,
        "revenue": 7123.482,
        "sgaExpense": 214.61,
        "totalOperatingExpense": 521.87,
        "totalOtherIncomeExpenseNet": 3.646,
        "year": 2023
      },
      {
        "costOfGoodsSold": 4396.098,
        "dilutedAverageSharesOutstanding": 536.15,
        "dilutedEPS": 0.53,
        "ebit": 337.167,
        "equityEarningsAffiliates": 1.206,
        "grossIncome": 800.001,
        "interestExpense": 6.413,
        "interestIncomeExpense": -6.413,
        "netIncome": 285.163,
        "netIncomeAfterTaxes": 283.957,
        "nonRecurringItems": -2,
        "period": "2022-06-30",
        "pretaxIncome": 336.833,
        "provisionforIncomeTaxes": 52.876,
        "researchDevelopment": 272.273,
        "revenue": 5196.099,
        "sgaExpense": 190.561,
        "totalOperatingExpense": 462.834,
        "totalOtherIncomeExpenseNet": 8.079,
        "year": 2022
      },
      {
        "costOfGoodsSold": 3022.884,
        "dilutedAverageSharesOutstanding": 535.07,
        "dilutedEPS": 0.21,
        "ebit": 123.947,
        "equityEarningsAffiliates": 0.173,
        "grossIncome": 534.538,
        "interestExpense": 2.485,
        "interestIncomeExpense": -2.485,
        "netIncome": 111.865,
        "netIncomeAfterTaxes": 111.692,
        "period": "2021-06-30",
        "pretaxIncome": 118.628,
        "provisionforIncomeTaxes": 6.936,
        "researchDevelopment": 224.369,
        "revenue": 3557.422,
        "sgaExpense": 186.222,
        "totalOperatingExpense": 410.591,
        "totalOtherIncomeExpenseNet": -2.834,
        "year": 2021
      },
      {
        "costOfGoodsSold": 2813.071,
        "dilutedAverageSharesOutstanding": 528.38,
        "dilutedEPS": 0.16,
        "ebit": 85.654,
        "equityEarningsAffiliates": 2.402,
        "grossIncome": 526.21,
        "interestExpense": 2.236,
        "interestIncomeExpense": -2.236,
        "netIncome": 84.308,
        "netIncomeAfterTaxes": 81.906,
        "period": "2020-06-30",
        "pretaxIncome": 84.828,
        "provisionforIncomeTaxes": 2.922,
        "researchDevelopment": 221.478,
        "revenue": 3339.281,
        "sgaExpense": 219.078,
        "totalOperatingExpense": 440.556,
        "totalOtherIncomeExpenseNet": 1.41,
        "year": 2020
      },
      {
        "costOfGoodsSold": 3004.838,
        "dilutedAverageSharesOutstanding": 517.16,
        "dilutedEPS": 0.14,
        "ebit": 97.233,
        "equityEarningsAffiliates": -2.721,
        "grossIncome": 495.522,
        "interestExpense": 6.69,
        "interestIncomeExpense": -6.69,
        "netIncome": 71.918,
        "netIncomeAfterTaxes": 74.639,
        "period": "2019-06-30",
        "pretaxIncome": 89.523,
        "provisionforIncomeTaxes": 14.884,
        "researchDevelopment": 179.907,
        "revenue": 3500.36,
        "sgaExpense": 218.382,
        "totalOperatingExpense": 398.289,
        "totalOtherIncomeExpenseNet": -1.02,
        "year": 2019
      },
      {
        "costOfGoodsSold": 2930.498,
        "dilutedAverageSharesOutstanding": 521.51,
        "dilutedEPS": 0.08,
        "ebit": 94.714,
        "equityEarningsAffiliates": -3.607,
        "grossIncome": 429.994,
        "interestExpense": 5.726,
        "interestIncomeExpense": -5.726,
        "netIncome": 46.165,
        "netIncomeAfterTaxes": 65.472,
        "period": "2018-06-30",
        "pretaxIncome": 88.215,
        "provisionforIncomeTaxes": 22.743,
        "researchDevelopment": 165.104,
        "revenue": 3360.492,
        "sgaExpense": 170.176,
        "totalOperatingExpense": 335.28,
        "totalOtherIncomeExpenseNet": -0.773,
        "year": 2018
      },
      {
        "costOfGoodsSold": 2134.971,
        "dilutedAverageSharesOutstanding": 516.79,
        "dilutedEPS": 0.13,
        "ebit": 94.875,
        "grossIncome": 349.958,
        "interestExpense": 2.3,
        "interestIncomeExpense": -2.3,
        "netIncome": 66.854,
        "netIncomeAfterTaxes": 66.854,
        "period": "2017-06-30",
        "pretaxIncome": 91.288,
        "provisionforIncomeTaxes": 24.434,
        "researchDevelopment": 143.992,
        "revenue": 2484.929,
        "sgaExpense": 111.091,
        "totalOperatingExpense": 255.083,
        "totalOtherIncomeExpenseNet": -1.287,
        "year": 2017
      },
      {
        "costOfGoodsSold": 1894.521,
        "dilutedAverageSharesOutstanding": 518.36,
        "dilutedEPS": 0.14,
        "ebit": 107.491,
        "grossIncome": 330.501,
        "interestExpense": 1.594,
        "interestIncomeExpense": -1.594,
        "netIncome": 72.081,
        "netIncomeAfterTaxes": 72.081,
        "period": "2016-06-30",
        "pretaxIncome": 107.404,
        "provisionforIncomeTaxes": 35.323,
        "researchDevelopment": 124.223,
        "revenue": 2225.022,
        "sgaExpense": 98.787,
        "totalOperatingExpense": 223.01,
        "totalOtherIncomeExpenseNet": 1.507,
        "year": 2016
      }
    ],
    "symbol": "SMCI"
  }
}