{
  "symbol": "FSLR",
  "statement": "ic",
  "frequency": "quarterly",
  "timestamp": "2025-09-19T14:00:31.521851",
  "data": {
    "financials": [
      {
        "costOfGoodsSold": 597.32,
        "dilutedAverageSharesOutstanding": 107.518,
        "dilutedEPS": 3.1796,
        "ebit": 361.607,
        "grossIncome": 499.85,
        "interestExpense": 9.184,
        "interestIncomeExpense": -6.812,
        "netIncome": 341.868,
        "netIncomeAfterTaxes": 341.868,
        "nonRecurringItems": 0,
        "period": "2025-06-30",
        "pretaxIncome": 352.167,
        "provisionforIncomeTaxes": 10.299,
        "researchDevelopment": 54.487,
        "revenue": 1097.17,
        "sgaExpense": 83.756,
        "totalOperatingExpense": 138.243,
        "totalOtherIncomeExpenseNet": -2.628
      },
      {
        "costOfGoodsSold": 500.165,
        "dilutedAverageSharesOutstanding": 107.415,
        "dilutedEPS": 1.9507,
        "ebit": 221.244,
        "grossIncome": 344.403,
        "interestExpense": 9.525,
        "interestIncomeExpense": -2.253,
        "netIncome": 209.535,
        "netIncomeAfterTaxes": 209.535,
        "nonRecurringItems": 0,
        "period": "2025-03-31",
        "pretaxIncome": 217.059,
        "provisionforIncomeTaxes": 7.524,
        "researchDevelopment": 52.389,
        "revenue": 844.568,
        "sgaExpense": 70.77,
        "totalOperatingExpense": 123.159,
        "totalOtherIncomeExpenseNet": -1.932
      },
      {
        "costOfGoodsSold": 946.37,
        "dilutedAverageSharesOutstanding": 107.558,
        "dilutedEPS": 3.6549,
        "ebit": 456.769,
        "grossIncome": 567.661,
        "interestExpense": 10.887,
        "interestIncomeExpense": -3.532,
        "netIncome": 393.116,
        "netIncomeAfterTaxes": 393.116,
        "nonRecurringItems": 0,
        "period": "2024-12-31",
        "pretaxIncome": 446.346,
        "provisionforIncomeTaxes": 53.23,
        "researchDevelopment": 46.499,
        "revenue": 1514.031,
        "sgaExpense": 64.393,
        "totalOperatingExpense": 110.892,
        "totalOtherIncomeExpenseNet": -6.891
      },
      {
        "costOfGoodsSold": 442.357,
        "dilutedAverageSharesOutstanding": 107.562,
        "dilutedEPS": 2.9095,
        "ebit": 321.999,
        "grossIncome": 445.311,
        "interestExpense": 9.008,
        "interestIncomeExpense": 8.414,
        "netIncome": 312.956,
        "netIncomeAfterTaxes": 312.956,
        "nonRecurringItems": 0,
        "period": "2024-09-30",
        "pretaxIncome": 327.342,
        "provisionforIncomeTaxes": 14.386,
        "researchDevelopment": 50.197,
        "revenue": 887.668,
        "sgaExpense": 73.115,
        "totalOperatingExpense": 123.312,
        "totalOtherIncomeExpenseNet": -3.071
      },
      {
        "costOfGoodsSold": 511.593,
        "dilutedAverageSharesOutstanding": 107.525,
        "dilutedEPS": 3.2491,
        "ebit": 372.941,
        "grossIncome": 498.889,
        "interestExpense": 9.765,
        "interestIncomeExpense": 5.185,
        "netIncome": 349.356,
        "netIncomeAfterTaxes": 349.356,
        "nonRecurringItems": -0.43,
        "period": "2024-06-30",
        "pretaxIncome": 377.131,
        "provisionforIncomeTaxes": 27.775,
        "researchDevelopment": 51.937,
        "revenue": 1010.482,
        "sgaExpense": 74.011,
        "totalOperatingExpense": 125.948,
        "totalOtherIncomeExpenseNet": -0.565
      },
      {
        "costOfGoodsSold": 448.105,
        "dilutedAverageSharesOutstanding": 107.407,
        "dilutedEPS": 2.203,
        "ebit": 242.026,
        "grossIncome": 346.003,
        "interestExpense": 9.21,
        "interestIncomeExpense": 15.177,
        "netIncome": 236.616,
        "netIncomeAfterTaxes": 236.616,
        "nonRecurringItems": 1.115,
        "period": "2024-03-31",
        "pretaxIncome": 255.519,
        "provisionforIncomeTaxes": 18.903,
        "researchDevelopment": 42.742,
        "revenue": 794.108,
        "sgaExpense": 61.235,
        "totalOperatingExpense": 103.977,
        "totalOtherIncomeExpenseNet": -2.799
      },
      {
        "costOfGoodsSold": 656.52,
        "dilutedAverageSharesOutstanding": 107.51,
        "dilutedEPS": 3.2484,
        "ebit": 391.23,
        "grossIncome": 502.033,
        "interestExpense": 7.068,
        "interestIncomeExpense": 6.55,
        "netIncome": 349.239,
        "netIncomeAfterTaxes": 349.239,
        "nonRecurringItems": 6.554,
        "period": "2023-12-31",
        "pretaxIncome": 376.681,
        "provisionforIncomeTaxes": 27.442,
        "researchDevelopment": 43.862,
        "revenue": 1158.553,
        "sgaExpense": 66.941,
        "totalOperatingExpense": 110.803,
        "totalOtherIncomeExpenseNet": -27.653
      },
      {
        "costOfGoodsSold": 424.9,
        "dilutedAverageSharesOutstanding": 107.5,
        "dilutedEPS": 2.5,
        "ebit": 272.8,
        "grossIncome": 376.2,
        "interestExpense": 3.734,
        "interestIncomeExpense": 18.5,
        "netIncome": 268.4,
        "netIncomeAfterTaxes": 268.4,
        "nonRecurringItems": 0.2,
        "period": "2023-09-30",
        "pretaxIncome": 290.5,
        "provisionforIncomeTaxes": 22.1,
        "researchDevelopment": 41.2,
        "revenue": 801.1,
        "sgaExpense": 62.2,
        "totalOperatingExpense": 103.4,
        "totalOtherIncomeExpenseNet": -1
      },
      {
        "costOfGoodsSold": 500.3,
        "dilutedAverageSharesOutstanding": 107.3,
        "dilutedEPS": 1.59,
        "ebit": 204,
        "grossIncome": 310.4,
        "interestExpense": 1.415,
        "interestIncomeExpense": 19,
        "netIncome": 170.6,
        "netIncomeAfterTaxes": 170.6,
        "nonRecurringItems": -35.5,
        "period": "2023-06-30",
        "pretaxIncome": 188.5,
        "provisionforIncomeTaxes": 17.9,
        "researchDevelopment": 36.7,
        "revenue": 810.7,
        "sgaExpense": 69.7,
        "totalOperatingExpense": 106.4,
        "totalOtherIncomeExpenseNet": 1
      },
      {
        "costOfGoodsSold": 436.2,
        "dilutedAverageSharesOutstanding": 107.2,
        "dilutedEPS": 0.4,
        "ebit": 18,
        "grossIncome": 112.1,
        "interestExpense": 0.748,
        "interestIncomeExpense": 19.1,
        "netIncome": 42.6,
        "netIncomeAfterTaxes": 42.6,
        "nonRecurringItems": 0,
        "period": "2023-03-31",
        "pretaxIncome": 35.7,
        "provisionforIncomeTaxes": -6.9,
        "researchDevelopment": 30.5,
        "revenue": 548.3,
        "sgaExpense": 63.5,
        "totalOperatingExpense": 94.1,
        "totalOtherIncomeExpenseNet": -1.5
      },
      {
        "costOfGoodsSold": 941.8,
        "dilutedAverageSharesOutstanding": 106.6,
        "dilutedEPS": -0.07,
        "ebit": -46.1,
        "grossIncome": 60.6,
        "interestExpense": 3.133,
        "interestIncomeExpense": 10.8,
        "netIncome": -7.5,
        "netIncomeAfterTaxes": -7.5,
        "nonRecurringItems": 0.2,
        "period": "2022-12-31",
        "pretaxIncome": -6.6,
        "provisionforIncomeTaxes": 1,
        "researchDevelopment": 31.3,
        "revenue": 1002.4,
        "sgaExpense": 75.5,
        "totalOperatingExpense": 106.7,
        "totalOtherIncomeExpenseNet": 28.5
      },
      {
        "costOfGoodsSold": 608,
        "dilutedAverageSharesOutstanding": 106.6,
        "dilutedEPS": -0.46,
        "ebit": -74.4,
        "grossIncome": 21,
        "interestExpense": 2.991,
        "interestIncomeExpense": 1.9,
        "netIncome": -49.2,
        "netIncomeAfterTaxes": -49.2,
        "nonRecurringItems": 6,
        "period": "2022-09-30",
        "pretaxIncome": -61.7,
        "provisionforIncomeTaxes": -12.5,
        "researchDevelopment": 29.2,
        "revenue": 628.9,
        "sgaExpense": 66.1,
        "totalOperatingExpense": 95.3,
        "totalOtherIncomeExpenseNet": 4.8
      },
      {
        "costOfGoodsSold": 586.4,
        "dilutedAverageSharesOutstanding": 107.1,
        "dilutedEPS": 0.52,
        "ebit": -42.8,
        "grossIncome": 34.6,
        "interestExpense": 3.236,
        "interestIncomeExpense": -3.3,
        "netIncome": 55.8,
        "netIncomeAfterTaxes": 55.8,
        "nonRecurringItems": 187.6,
        "period": "2022-06-30",
        "pretaxIncome": 139.6,
        "provisionforIncomeTaxes": 83.8,
        "researchDevelopment": 25.2,
        "revenue": 621,
        "sgaExpense": 52.1,
        "totalOperatingExpense": 77.3,
        "totalOtherIncomeExpenseNet": -1.9
      },
      {
        "costOfGoodsSold": 355.6,
        "dilutedAverageSharesOutstanding": 106.4,
        "dilutedEPS": -0.41,
        "ebit": -59.7,
        "grossIncome": 11.5,
        "interestExpense": 2.865,
        "interestIncomeExpense": -4.7,
        "netIncome": -43.3,
        "netIncomeAfterTaxes": -43.3,
        "nonRecurringItems": 1.9,
        "period": "2022-03-31",
        "pretaxIncome": -62.8,
        "provisionforIncomeTaxes": -19.5,
        "researchDevelopment": 27.1,
        "revenue": 367,
        "sgaExpense": 44.1,
        "totalOperatingExpense": 71.1,
        "totalOtherIncomeExpenseNet": -0.2
      },
      {
        "costOfGoodsSold": 660.8,
        "dilutedAverageSharesOutstanding": 107.1,
        "dilutedEPS": 1.23,
        "ebit": 173.2,
        "equityEarningsAffiliates": 0,
        "grossIncome": 246.5,
        "interestExpense": 2.53,
        "interestIncomeExpense": -3.7,
        "netIncome": 131.4,
        "netIncomeAfterTaxes": 131.4,
        "nonRecurringItems": 0,
        "period": "2021-12-31",
        "pretaxIncome": 167.2,
        "provisionforIncomeTaxes": 35.8,
        "researchDevelopment": 29.9,
        "revenue": 907.3,
        "sgaExpense": 43.4,
        "totalOperatingExpense": 73.4,
        "totalOtherIncomeExpenseNet": -2.3
      },
      {
        "costOfGoodsSold": 458.9,
        "dilutedAverageSharesOutstanding": 106.9,
        "dilutedEPS": 0.42,
        "ebit": 52.8,
        "equityEarningsAffiliates": 0,
        "grossIncome": 124.6,
        "interestExpense": 2.958,
        "interestIncomeExpense": -2.2,
        "netIncome": 45.2,
        "netIncomeAfterTaxes": 45.2,
        "nonRecurringItems": -1.9,
        "period": "2021-09-30",
        "pretaxIncome": 46,
        "provisionforIncomeTaxes": 0.8,
        "researchDevelopment": 25.4,
        "revenue": 583.5,
        "sgaExpense": 46.4,
        "totalOperatingExpense": 71.8,
        "totalOtherIncomeExpenseNet": -2.6
      },
      {
        "costOfGoodsSold": 455.1,
        "dilutedAverageSharesOutstanding": 106.8,
        "dilutedEPS": 0.77,
        "ebit": 112.1,
        "equityEarningsAffiliates": 0,
        "grossIncome": 174.1,
        "interestExpense": 4.623,
        "interestIncomeExpense": -4.3,
        "netIncome": 82.4,
        "netIncomeAfterTaxes": 82.4,
        "nonRecurringItems": -1.7,
        "period": "2021-06-30",
        "pretaxIncome": 102.8,
        "provisionforIncomeTaxes": 20.3,
        "researchDevelopment": 23.9,
        "revenue": 629.2,
        "sgaExpense": 38.1,
        "totalOperatingExpense": 62,
        "totalOtherIncomeExpenseNet": -3.2
      },
      {
        "costOfGoodsSold": 618.6,
        "dilutedAverageSharesOutstanding": 106.9,
        "dilutedEPS": 1.96,
        "ebit": 101.4,
        "equityEarningsAffiliates": 0,
        "grossIncome": 184.8,
        "interestExpense": 2.996,
        "interestIncomeExpense": -4.6,
        "netIncome": 209.7,
        "netIncomeAfterTaxes": 209.7,
        "nonRecurringItems": 150.9,
        "period": "2021-03-31",
        "pretaxIncome": 256.2,
        "provisionforIncomeTaxes": 46.5,
        "researchDevelopment": 19.9,
        "revenue": 803.4,
        "sgaExpense": 63.4,
        "totalOperatingExpense": 83.3,
        "totalOtherIncomeExpenseNet": 8.4
      },
      {
        "costOfGoodsSold": 449.4,
        "dilutedAverageSharesOutstanding": 107.1,
        "dilutedEPS": 1.08,
        "ebit": 57.8,
        "equityEarningsAffiliates": -2.3,
        "grossIncome": 159.9,
        "interestExpense": 3.018,
        "interestIncomeExpense": -2.9,
        "netIncome": 115.7,
        "netIncomeAfterTaxes": 118,
        "nonRecurringItems": 0,
        "period": "2020-12-31",
        "pretaxIncome": 51.6,
        "provisionforIncomeTaxes": -66.4,
        "researchDevelopment": 22.7,
        "revenue": 609.2,
        "sgaExpense": 79.4,
        "totalOperatingExpense": 102.1,
        "totalOtherIncomeExpenseNet": -3.3
      },
      {
        "costOfGoodsSold": 634.6,
        "dilutedAverageSharesOutstanding": 106.8,
        "dilutedEPS": 1.45,
        "ebit": 207.2,
        "equityEarningsAffiliates": -0.1,
        "grossIncome": 293,
        "interestExpense": 10.975,
        "interestIncomeExpense": -10.7,
        "netIncome": 155,
        "netIncomeAfterTaxes": 155.1,
        "nonRecurringItems": 0,
        "period": "2020-09-30",
        "pretaxIncome": 193.2,
        "provisionforIncomeTaxes": 38.1,
        "researchDevelopment": 23,
        "revenue": 927.6,
        "sgaExpense": 62.9,
        "totalOperatingExpense": 85.8,
        "totalOtherIncomeExpenseNet": -3.2
      },
      {
        "costOfGoodsSold": 505,
        "dilutedAverageSharesOutstanding": 106.5,
        "dilutedEPS": 0.35,
        "ebit": 56.9,
        "equityEarningsAffiliates": 0.3,
        "grossIncome": 137.5,
        "interestExpense": 3.254,
        "interestIncomeExpense": -0.9,
        "netIncome": 36.9,
        "netIncomeAfterTaxes": 36.6,
        "nonRecurringItems": -6,
        "period": "2020-06-30",
        "pretaxIncome": 46.8,
        "provisionforIncomeTaxes": 10.2,
        "researchDevelopment": 22.5,
        "revenue": 642.4,
        "sgaExpense": 58.1,
        "totalOperatingExpense": 80.5,
        "totalOtherIncomeExpenseNet": -3.2
      },
      {
        "costOfGoodsSold": 441.8,
        "dilutedAverageSharesOutstanding": 106.4,
        "dilutedEPS": 0.85,
        "ebit": 1.7,
        "equityEarningsAffiliates": -0.1,
        "grossIncome": 90.3,
        "interestExpense": 4.385,
        "interestIncomeExpense": 2.1,
        "netIncome": 90.7,
        "netIncomeAfterTaxes": 90.8,
        "period": "2020-03-31",
        "pretaxIncome": 1.6,
        "provisionforIncomeTaxes": -89.2,
        "researchDevelopment": 25.6,
        "revenue": 532.1,
        "sgaExpense": 63.1,
        "totalOperatingExpense": 88.7,
        "totalOtherIncomeExpenseNet": -2.2
      },
      {
        "costOfGoodsSold": 1065.8,
        "dilutedAverageSharesOutstanding": 105.4,
        "dilutedEPS": -0.56,
        "ebit": 245.1,
        "equityEarningsAffiliates": -0.1,
        "grossIncome": 333.6,
        "interestExpense": 4.605,
        "interestIncomeExpense": 5.8,
        "netIncome": -59.4,
        "netIncomeAfterTaxes": -59.3,
        "nonRecurringItems": -363,
        "period": "2019-12-31",
        "pretaxIncome": -90.2,
        "provisionforIncomeTaxes": -30.9,
        "researchDevelopment": 25.4,
        "revenue": 1399.4,
        "sgaExpense": 63,
        "totalOperatingExpense": 88.4,
        "totalOtherIncomeExpenseNet": 21.9
      },
      {
        "costOfGoodsSold": 408.4,
        "dilutedAverageSharesOutstanding": 106.2,
        "dilutedEPS": 0.29,
        "ebit": 41.3,
        "equityEarningsAffiliates": 0.1,
        "grossIncome": 138.4,
        "interestExpense": 4.619,
        "interestIncomeExpense": 7.7,
        "netIncome": 30.6,
        "netIncomeAfterTaxes": 30.6,
        "period": "2019-09-30",
        "pretaxIncome": 45.6,
        "provisionforIncomeTaxes": 15,
        "researchDevelopment": 24.9,
        "revenue": 546.8,
        "sgaExpense": 72.1,
        "totalOperatingExpense": 97.1,
        "totalOtherIncomeExpenseNet": -3.4
      },
      {
        "costOfGoodsSold": 507.8,
        "dilutedAverageSharesOutstanding": 105.4,
        "dilutedEPS": -0.18,
        "ebit": -8.6,
        "equityEarningsAffiliates": -0.1,
        "grossIncome": 77.2,
        "interestExpense": 4.553,
        "interestIncomeExpense": 6.3,
        "netIncome": -18.5,
        "netIncomeAfterTaxes": -18.5,
        "period": "2019-06-30",
        "pretaxIncome": -6.7,
        "provisionforIncomeTaxes": 11.7,
        "researchDevelopment": 24.4,
        "revenue": 585,
        "sgaExpense": 61.4,
        "totalOperatingExpense": 85.7,
        "totalOtherIncomeExpenseNet": -4.4
      },
      {
        "costOfGoodsSold": 531.9,
        "dilutedAverageSharesOutstanding": 105,
        "dilutedEPS": -0.64,
        "ebit": -76.6,
        "equityEarningsAffiliates": -0.2,
        "grossIncome": 0.1,
        "interestExpense": 4.757,
        "interestIncomeExpense": 4.3,
        "netIncome": -67.6,
        "netIncomeAfterTaxes": -67.4,
        "period": "2019-03-31",
        "pretaxIncome": -68.8,
        "provisionforIncomeTaxes": -1.4,
        "researchDevelopment": 21.9,
        "revenue": 532,
        "sgaExpense": 54.9,
        "totalOperatingExpense": 76.7,
        "totalOtherIncomeExpenseNet": 3.5
      },
      {
        "costOfGoodsSold": 592.9,
        "dilutedAverageSharesOutstanding": 105.8,
        "dilutedEPS": 0.49,
        "ebit": 11,
        "equityEarningsAffiliates": -0.5,
        "grossIncome": 98.3,
        "interestExpense": 4.117,
        "interestIncomeExpense": 5.6,
        "netIncome": 52.1,
        "netIncomeAfterTaxes": 42.2,
        "nonRecurringItems": 0,
        "period": "2018-12-31",
        "pretaxIncome": 48.2,
        "provisionforIncomeTaxes": 6,
        "researchDevelopment": 21.4,
        "revenue": 691.2,
        "sgaExpense": 65.9,
        "totalOperatingExpense": 87.3,
        "totalOtherIncomeExpenseNet": 31.6
      },
      {
        "costOfGoodsSold": 547.1,
        "dilutedAverageSharesOutstanding": 106.2,
        "dilutedEPS": 0.54,
        "ebit": 58.5,
        "equityEarningsAffiliates": -3.2,
        "grossIncome": 129.1,
        "interestExpense": 4.081,
        "interestIncomeExpense": 10.9,
        "netIncome": 57.8,
        "netIncomeAfterTaxes": 61,
        "nonRecurringItems": 0,
        "period": "2018-09-30",
        "pretaxIncome": 63.4,
        "provisionforIncomeTaxes": 2.4,
        "researchDevelopment": 22.4,
        "revenue": 676.2,
        "sgaExpense": 48.3,
        "totalOperatingExpense": 70.6,
        "totalOtherIncomeExpenseNet": -6
      },
      {
        "costOfGoodsSold": 317.4,
        "dilutedAverageSharesOutstanding": 104.8,
        "dilutedEPS": -0.46,
        "ebit": -103.6,
        "equityEarningsAffiliates": 40.1,
        "grossIncome": -8.1,
        "interestExpense": 4.558,
        "interestIncomeExpense": 13.5,
        "netIncome": -48.5,
        "netIncomeAfterTaxes": -88.6,
        "nonRecurringItems": 0,
        "period": "2018-06-30",
        "pretaxIncome": -94.7,
        "provisionforIncomeTaxes": -6.2,
        "researchDevelopment": 20.4,
        "revenue": 309.3,
        "sgaExpense": 75.2,
        "totalOperatingExpense": 95.6,
        "totalOtherIncomeExpenseNet": -4.6
      },
      {
        "costOfGoodsSold": 394.5,
        "dilutedAverageSharesOutstanding": 106.3,
        "dilutedEPS": 0.78,
        "ebit": 74.3,
        "equityEarningsAffiliates": -1.7,
        "grossIncome": 172.8,
        "interestExpense": 4.522,
        "interestIncomeExpense": 4.3,
        "netIncome": 83,
        "netIncomeAfterTaxes": 84.7,
        "nonRecurringItems": 0,
        "period": "2018-03-31",
        "pretaxIncome": 96.3,
        "provisionforIncomeTaxes": 11.6,
        "researchDevelopment": 20.3,
        "revenue": 567.3,
        "sgaExpense": 78.2,
        "totalOperatingExpense": 98.5,
        "totalOtherIncomeExpenseNet": 17.7
      },
      {
        "costOfGoodsSold": 277.1,
        "dilutedAverageSharesOutstanding": 104.5,
        "dilutedEPS": -4.13,
        "ebit": -37,
        "equityEarningsAffiliates": -1.2,
        "grossIncome": 62.1,
        "interestExpense": 6.073,
        "interestIncomeExpense": 4.4,
        "netIncome": -432.5,
        "netIncomeAfterTaxes": -23.2,
        "nonRecurringItems": 1.9,
        "period": "2017-12-31",
        "pretaxIncome": -32.5,
        "provisionforIncomeTaxes": -9.3,
        "researchDevelopment": 23.6,
        "revenue": 339.2,
        "sgaExpense": 75.5,
        "totalOperatingExpense": 99.1,
        "totalOtherIncomeExpenseNet": -1.8
      },
      {
        "costOfGoodsSold": 795.2,
        "dilutedAverageSharesOutstanding": 105.7,
        "dilutedEPS": 1.95,
        "ebit": 207.8,
        "equityEarningsAffiliates": 4,
        "grossIncome": 291.8,
        "interestExpense": 4.149,
        "interestIncomeExpense": 0.4,
        "netIncome": 205.7,
        "netIncomeAfterTaxes": 201.7,
        "nonRecurringItems": -0.8,
        "period": "2017-09-30",
        "pretaxIncome": 209.3,
        "provisionforIncomeTaxes": 7.6,
        "researchDevelopment": 20.9,
        "revenue": 1087,
        "sgaExpense": 63.2,
        "totalOperatingExpense": 84,
        "totalOtherIncomeExpenseNet": 1.9
      },
      {
        "costOfGoodsSold": 512.4,
        "dilutedAverageSharesOutstanding": 104.6,
        "dilutedEPS": 0.5,
        "ebit": 32.2,
        "equityEarningsAffiliates": 2,
        "grossIncome": 110.9,
        "interestExpense": 6.374,
        "interestIncomeExpense": -1.2,
        "netIncome": 52,
        "netIncomeAfterTaxes": 50,
        "nonRecurringItems": -18.3,
        "period": "2017-06-30",
        "pretaxIncome": 10,
        "provisionforIncomeTaxes": -40,
        "researchDevelopment": 21.3,
        "revenue": 623.3,
        "sgaExpense": 57.3,
        "totalOperatingExpense": 78.7,
        "totalOtherIncomeExpenseNet": -2.8
      },
      {
        "costOfGoodsSold": 807.6,
        "dilutedAverageSharesOutstanding": 104.4,
        "dilutedEPS": 0.09,
        "ebit": 12,
        "equityEarningsAffiliates": -0.6,
        "grossIncome": 84.2,
        "interestExpense": 9.169,
        "interestIncomeExpense": -2.4,
        "netIncome": 9.1,
        "netIncomeAfterTaxes": 9.7,
        "nonRecurringItems": -20,
        "period": "2017-03-31",
        "pretaxIncome": 15.4,
        "provisionforIncomeTaxes": 5.7,
        "researchDevelopment": 22.8,
        "revenue": 891.8,
        "sgaExpense": 49.3,
        "totalOperatingExpense": 72.2,
        "totalOtherIncomeExpenseNet": 25.8
      },
      {
        "costOfGoodsSold": 322.9,
        "dilutedAverageSharesOutstanding": 104,
        "dilutedEPS": -7.22,
        "ebit": -92.3,
        "equityEarningsAffiliates": 137.5,
        "grossIncome": 7.8,
        "interestExpense": 3.182,
        "interestIncomeExpense": -2.6,
        "netIncome": -750.8,
        "netIncomeAfterTaxes": -888.2,
        "nonRecurringItems": -728.9,
        "period": "2016-12-31",
        "pretaxIncome": -832.2,
        "provisionforIncomeTaxes": 56.1,
        "researchDevelopment": 29.5,
        "revenue": 330.8,
        "sgaExpense": 70.6,
        "totalOperatingExpense": 100.1,
        "totalOtherIncomeExpenseNet": -8.5
      },
      {
        "costOfGoodsSold": 510.4,
        "dilutedAverageSharesOutstanding": 103.7,
        "dilutedEPS": 1.45,
        "ebit": 77.6,
        "equityEarningsAffiliates": 4.5,
        "grossIncome": 170.9,
        "interestExpense": 5.563,
        "interestIncomeExpense": -1.8,
        "netIncome": 150.5,
        "netIncomeAfterTaxes": 146,
        "nonRecurringItems": -4.3,
        "period": "2016-09-30",
        "pretaxIncome": 77.8,
        "provisionforIncomeTaxes": -68.2,
        "researchDevelopment": 32.2,
        "revenue": 681.3,
        "sgaExpense": 61.1,
        "totalOperatingExpense": 93.3,
        "totalOtherIncomeExpenseNet": 6.2
      },
      {
        "costOfGoodsSold": 834.4,
        "dilutedAverageSharesOutstanding": 102.3,
        "dilutedEPS": -0.11,
        "ebit": 85.3,
        "equityEarningsAffiliates": -7.3,
        "grossIncome": 182.1,
        "interestExpense": 7.151,
        "interestIncomeExpense": -3.1,
        "netIncome": -11.4,
        "netIncomeAfterTaxes": -4.1,
        "nonRecurringItems": -85.5,
        "period": "2016-06-30",
        "pretaxIncome": 3.2,
        "provisionforIncomeTaxes": 7.3,
        "researchDevelopment": 32.9,
        "revenue": 1016.4,
        "sgaExpense": 63.8,
        "totalOperatingExpense": 96.8,
        "totalOtherIncomeExpenseNet": 6.6
      },
      {
        "costOfGoodsSold": 598.5,
        "dilutedAverageSharesOutstanding": 102.9,
        "dilutedEPS": 1.9,
        "ebit": 179.9,
        "equityEarningsAffiliates": 9.7,
        "grossIncome": 277.6,
        "interestExpense": 4.642,
        "interestIncomeExpense": -1.3,
        "netIncome": 195.6,
        "netIncomeAfterTaxes": 186,
        "nonRecurringItems": 0,
        "period": "2016-03-31",
        "pretaxIncome": 214,
        "provisionforIncomeTaxes": 28,
        "researchDevelopment": 30.2,
        "revenue": 876.1,
        "sgaExpense": 67.5,
        "totalOperatingExpense": 97.6,
        "totalOtherIncomeExpenseNet": 35.4
      },
      {
        "costOfGoodsSold": 1031,
        "dilutedAverageSharesOutstanding": 101.7,
        "dilutedEPS": 2.08,
        "ebit": 345.3,
        "equityEarningsAffiliates": -109.2,
        "grossIncome": 444.9,
        "interestExpense": 4.18,
        "interestIncomeExpense": 0,
        "netIncome": 211.1,
        "netIncomeAfterTaxes": 320.4,
        "nonRecurringItems": 0,
        "period": "2015-12-31",
        "pretaxIncome": 343.6,
        "provisionforIncomeTaxes": 23.2,
        "researchDevelopment": 36.7,
        "revenue": 1476,
        "sgaExpense": 62.9,
        "totalOperatingExpense": 99.7,
        "totalOtherIncomeExpenseNet": -1.8
      },
      {
        "costOfGoodsSold": 786.9,
        "dilutedAverageSharesOutstanding": 102.3,
        "dilutedEPS": 3.41,
        "ebit": 397.8,
        "equityEarningsAffiliates": -0.1,
        "grossIncome": 484.4,
        "interestExpense": 1.775,
        "interestIncomeExpense": 1.5,
        "netIncome": 349.3,
        "netIncomeAfterTaxes": 349.4,
        "period": "2015-09-30",
        "pretaxIncome": 397.9,
        "provisionforIncomeTaxes": 48.5,
        "researchDevelopment": 29.6,
        "revenue": 1271.2,
        "sgaExpense": 56.9,
        "totalOperatingExpense": 86.5,
        "totalOtherIncomeExpenseNet": -1.5
      }
    ],
    "symbol": "FSLR"
  }
}