{
  "symbol": "UNH",
  "statement": "ic",
  "frequency": "annual",
  "timestamp": "2025-09-19T14:08:03.276637",
  "data": {
    "financials": [
      {
        "benefitsClaimsLossAdjustment": 264185,
        "depreciationAmortization": 4099,
        "dilutedAverageSharesOutstanding": 929,
        "dilutedEPS": 15.51,
        "ebit": 32287,
        "grossPremiumsEarned": 395076,
        "interestExpense": 3906,
        "interestIncomeExpense": -3906,
        "minorityInterest": -837,
        "netIncome": 14405,
        "netIncomeAfterTaxes": 15242,
        "nonRecurringItems": -8310,
        "otherOperatingExpensesTotal": 46694,
        "otherRevenue": 710,
        "period": "2024-12-31",
        "pretaxIncome": 20071,
        "provisionforIncomeTaxes": 4829,
        "revenue": 400278,
        "sgaExpense": 53013,
        "totalOperatingExpense": 367991,
        "year": 2024
      },
      {
        "benefitsClaimsLossAdjustment": 241894,
        "depreciationAmortization": 3972,
        "dilutedAverageSharesOutstanding": 938,
        "dilutedEPS": 23.86,
        "ebit": 32358,
        "grossPremiumsEarned": 367533,
        "interestExpense": 3246,
        "interestIncomeExpense": -3246,
        "minorityInterest": -763,
        "netIncome": 22381,
        "netIncomeAfterTaxes": 23144,
        "otherOperatingExpensesTotal": 38770,
        "otherRevenue": 276,
        "period": "2023-12-31",
        "pretaxIncome": 29112,
        "provisionforIncomeTaxes": 5968,
        "revenue": 371622,
        "sgaExpense": 54628,
        "totalOperatingExpense": 339264,
        "year": 2023
      },
      {
        "benefitsClaimsLossAdjustment": 210842,
        "depreciationAmortization": 3400,
        "dilutedAverageSharesOutstanding": 950,
        "dilutedEPS": 21.18,
        "ebit": 28435,
        "grossPremiumsEarned": 322132,
        "interestExpense": 2092,
        "interestIncomeExpense": -2092,
        "minorityInterest": -519,
        "netIncome": 20120,
        "netIncomeAfterTaxes": 20639,
        "otherOperatingExpensesTotal": 33703,
        "otherRevenue": 211,
        "period": "2022-12-31",
        "pretaxIncome": 26343,
        "provisionforIncomeTaxes": 5704,
        "revenue": 324162,
        "sgaExpense": 47782,
        "totalOperatingExpense": 295727,
        "year": 2022
      },
      {
        "benefitsClaimsLossAdjustment": 186911,
        "depreciationAmortization": 3103,
        "dilutedAverageSharesOutstanding": 956,
        "dilutedEPS": 18.08,
        "ebit": 23970,
        "grossPremiumsEarned": 285273,
        "interestExpense": 1660,
        "interestIncomeExpense": -1660,
        "minorityInterest": -447,
        "netIncome": 17285,
        "netIncomeAfterTaxes": 17732,
        "otherOperatingExpensesTotal": 31034,
        "otherRevenue": 840,
        "period": "2021-12-31",
        "pretaxIncome": 22310,
        "provisionforIncomeTaxes": 4578,
        "revenue": 287597,
        "sgaExpense": 42579,
        "totalOperatingExpense": 263627,
        "year": 2021
      },
      {
        "benefitsClaimsLossAdjustment": 159396,
        "depreciationAmortization": 2891,
        "dilutedAverageSharesOutstanding": 961,
        "dilutedEPS": 16.03,
        "ebit": 22405,
        "grossPremiumsEarned": 255639,
        "interestExpense": 1663,
        "interestIncomeExpense": -1663,
        "minorityInterest": -366,
        "netIncome": 15403,
        "netIncomeAfterTaxes": 15769,
        "otherOperatingExpensesTotal": 30745,
        "period": "2020-12-31",
        "pretaxIncome": 20742,
        "provisionforIncomeTaxes": 4973,
        "revenue": 257141,
        "sgaExpense": 41704,
        "totalOperatingExpense": 234736,
        "year": 2020
      },
      {
        "benefitsClaimsLossAdjustment": 156440,
        "depreciationAmortization": 2720,
        "dilutedAverageSharesOutstanding": 966,
        "dilutedEPS": 14.33,
        "ebit": 19685,
        "grossPremiumsEarned": 240269,
        "interestExpense": 1704,
        "interestIncomeExpense": -1704,
        "minorityInterest": -400,
        "netIncome": 13839,
        "netIncomeAfterTaxes": 14239,
        "otherOperatingExpensesTotal": 28117,
        "period": "2019-12-31",
        "pretaxIncome": 17981,
        "provisionforIncomeTaxes": 3742,
        "revenue": 242155,
        "sgaExpense": 35193,
        "totalOperatingExpense": 222470,
        "year": 2019
      },
      {
        "benefitsClaimsLossAdjustment": 145403,
        "depreciationAmortization": 2428,
        "dilutedAverageSharesOutstanding": 983,
        "dilutedEPS": 12.19,
        "ebit": 17344,
        "grossPremiumsEarned": 224871,
        "interestExpense": 1400,
        "interestIncomeExpense": -1400,
        "minorityInterest": -396,
        "netIncome": 11986,
        "netIncomeAfterTaxes": 12382,
        "otherOperatingExpensesTotal": 26998,
        "period": "2018-12-31",
        "pretaxIncome": 15944,
        "provisionforIncomeTaxes": 3562,
        "revenue": 226247,
        "sgaExpense": 34074,
        "totalOperatingExpense": 208903,
        "year": 2018
      },
      {
        "benefitsClaimsLossAdjustment": 130036,
        "depreciationAmortization": 2245,
        "dilutedAverageSharesOutstanding": 985,
        "dilutedEPS": 10.71,
        "ebit": 15209,
        "grossPremiumsEarned": 200136,
        "interestExpense": 1186,
        "interestIncomeExpense": -1186,
        "minorityInterest": -265,
        "netIncome": 10558,
        "netIncomeAfterTaxes": 9623,
        "otherOperatingExpensesTotal": 24112,
        "period": "2017-12-31",
        "pretaxIncome": 14023,
        "provisionforIncomeTaxes": 4400,
        "revenue": 201159,
        "sgaExpense": 29557,
        "totalOperatingExpense": 185950,
        "year": 2017
      },
      {
        "benefitsClaimsLossAdjustment": 117038,
        "depreciationAmortization": 2055,
        "dilutedAverageSharesOutstanding": 968,
        "dilutedEPS": 7.25,
        "ebit": 12930,
        "grossPremiumsEarned": 184012,
        "interestExpense": 1067,
        "interestIncomeExpense": -1067,
        "minorityInterest": -56,
        "netIncome": 7017,
        "netIncomeAfterTaxes": 7073,
        "otherOperatingExpensesTotal": 24416,
        "period": "2016-12-31",
        "pretaxIncome": 11863,
        "provisionforIncomeTaxes": 4790,
        "revenue": 184840,
        "sgaExpense": 28401,
        "totalOperatingExpense": 171910,
        "year": 2016
      },
      {
        "benefitsClaimsLossAdjustment": 103875,
        "depreciationAmortization": 1693,
        "dilutedAverageSharesOutstanding": 967,
        "dilutedEPS": 6.01,
        "ebit": 11021,
        "grossPremiumsEarned": 156397,
        "interestExpense": 790,
        "interestIncomeExpense": -790,
        "minorityInterest": -55,
        "netIncome": 5813,
        "netIncomeAfterTaxes": 5868,
        "otherOperatingExpensesTotal": 16206,
        "period": "2015-12-31",
        "pretaxIncome": 10231,
        "provisionforIncomeTaxes": 4363,
        "revenue": 157107,
        "sgaExpense": 24312,
        "totalOperatingExpense": 146086,
        "year": 2015
      }
    ],
    "symbol": "UNH"
  }
}