{
  "symbol": "GM",
  "statement": "ic",
  "frequency": "annual",
  "timestamp": "2025-09-19T14:01:03.533884",
  "data": {
    "financials": [
      {
        "costOfGoodsSold": 163734,
        "dilutedAverageSharesOutstanding": 1129,
        "dilutedEPS": 6.37,
        "ebit": 14051,
        "grossIncome": 23708,
        "interestExpense": 846,
        "interestIncomeExpense": -355,
        "minorityInterest": 45,
        "netIncome": 7189,
        "netIncomeAfterTaxes": 5963,
        "nonRecurringItems": -5367,
        "period": "2024-12-31",
        "pretaxIncome": 8519,
        "provisionforIncomeTaxes": 2556,
        "revenue": 187442,
        "sgaExpense": 9657,
        "totalOperatingExpense": 9657,
        "totalOtherIncomeExpenseNet": 190,
        "year": 2024
      },
      {
        "costOfGoodsSold": 152426,
        "dilutedAverageSharesOutstanding": 1369,
        "dilutedEPS": 7.32,
        "ebit": 10345,
        "grossIncome": 19416,
        "interestExpense": 911,
        "interestIncomeExpense": 922,
        "minorityInterest": 287,
        "netIncome": 10022,
        "netIncomeAfterTaxes": 9840,
        "nonRecurringItems": -1047,
        "period": "2023-12-31",
        "pretaxIncome": 10403,
        "provisionforIncomeTaxes": 563,
        "revenue": 171842,
        "sgaExpense": 9071,
        "totalOperatingExpense": 9071,
        "totalOtherIncomeExpenseNet": 183,
        "year": 2023
      },
      {
        "costOfGoodsSold": 136954,
        "dilutedAverageSharesOutstanding": 1454,
        "dilutedEPS": 6.13,
        "ebit": 9626,
        "grossIncome": 19781,
        "interestExpense": 987,
        "interestIncomeExpense": 427,
        "minorityInterest": 226,
        "netIncome": 8915,
        "netIncomeAfterTaxes": 9709,
        "nonRecurringItems": 32,
        "otherOperatingExpensesTotal": -1,
        "period": "2022-12-31",
        "pretaxIncome": 11597,
        "provisionforIncomeTaxes": 1888,
        "revenue": 156735,
        "sgaExpense": 10156,
        "totalOperatingExpense": 10155,
        "totalOtherIncomeExpenseNet": 1512,
        "year": 2022
      },
      {
        "costOfGoodsSold": 107726,
        "dilutedAverageSharesOutstanding": 1468,
        "dilutedEPS": 6.7,
        "ebit": 11924,
        "grossIncome": 19278,
        "interestExpense": 950,
        "interestIncomeExpense": 1483,
        "minorityInterest": 74,
        "netIncome": 9837,
        "netIncomeAfterTaxes": 9945,
        "nonRecurringItems": -2600,
        "period": "2021-12-31",
        "pretaxIncome": 12716,
        "provisionforIncomeTaxes": 2771,
        "revenue": 127004,
        "sgaExpense": 7354,
        "totalOperatingExpense": 7354,
        "totalOtherIncomeExpenseNet": 1909,
        "year": 2021
      },
      {
        "costOfGoodsSold": 108613,
        "dilutedAverageSharesOutstanding": 1442,
        "dilutedEPS": 4.33,
        "ebit": 8234,
        "grossIncome": 13872,
        "interestExpense": 1098,
        "interestIncomeExpense": 366,
        "minorityInterest": 106,
        "netIncome": 6247,
        "netIncomeAfterTaxes": 6321,
        "nonRecurringItems": -1600,
        "period": "2020-12-31",
        "pretaxIncome": 8095,
        "provisionforIncomeTaxes": 1774,
        "revenue": 122485,
        "sgaExpense": 5638,
        "totalOperatingExpense": 5638,
        "totalOtherIncomeExpenseNet": 1095,
        "year": 2020
      },
      {
        "costOfGoodsSold": 123265,
        "dilutedAverageSharesOutstanding": 1439,
        "dilutedEPS": 4.57,
        "ebit": 5481,
        "grossIncome": 13972,
        "interestExpense": 782,
        "interestIncomeExpense": 1158,
        "minorityInterest": 65,
        "netIncome": 6581,
        "netIncomeAfterTaxes": 6667,
        "period": "2019-12-31",
        "pretaxIncome": 7436,
        "provisionforIncomeTaxes": 769,
        "revenue": 137237,
        "sgaExpense": 8491,
        "totalOperatingExpense": 8491,
        "totalOtherIncomeExpenseNet": 797,
        "year": 2019
      },
      {
        "costOfGoodsSold": 132954,
        "dilutedAverageSharesOutstanding": 1431,
        "dilutedEPS": 5.53,
        "ebit": 4445,
        "grossIncome": 14095,
        "interestExpense": 655,
        "interestIncomeExpense": 4104,
        "minorityInterest": 9,
        "netIncome": 7916,
        "netIncomeAfterTaxes": 7875,
        "period": "2018-12-31",
        "pretaxIncome": 8549,
        "provisionforIncomeTaxes": 674,
        "revenue": 147049,
        "sgaExpense": 9650,
        "totalOperatingExpense": 9650,
        "year": 2018
      },
      {
        "costOfGoodsSold": 127357,
        "dilutedAverageSharesOutstanding": 1465,
        "dilutedEPS": -2.64,
        "ebit": 8661,
        "grossIncome": 18231,
        "interestExpense": 575,
        "interestIncomeExpense": 3202,
        "minorityInterest": 18,
        "netIncome": -3880,
        "netIncomeAfterTaxes": 7630,
        "period": "2017-12-31",
        "pretaxIncome": 11863,
        "provisionforIncomeTaxes": 4233,
        "revenue": 145588,
        "sgaExpense": 9570,
        "totalOperatingExpense": 9570,
        "year": 2017
      },
      {
        "costOfGoodsSold": 130153,
        "dilutedAverageSharesOutstanding": 1570,
        "dilutedEPS": 6.01,
        "ebit": 8686,
        "grossIncome": 19031,
        "interestExpense": 563,
        "interestIncomeExpense": 3322,
        "minorityInterest": 159,
        "netIncome": 9427,
        "netIncomeAfterTaxes": 9269,
        "period": "2016-12-31",
        "pretaxIncome": 12008,
        "provisionforIncomeTaxes": 2739,
        "revenue": 149184,
        "sgaExpense": 10345,
        "totalOperatingExpense": 10345,
        "year": 2016
      },
      {
        "costOfGoodsSold": 116514,
        "dilutedAverageSharesOutstanding": 1640,
        "dilutedEPS": 5.89,
        "ebit": 7323,
        "grossIncome": 19211,
        "interestExpense": 423,
        "interestIncomeExpense": 2384,
        "minorityInterest": 72,
        "netIncome": 9687,
        "netIncomeAfterTaxes": 9590,
        "nonRecurringItems": -1336,
        "period": "2015-12-31",
        "pretaxIncome": 8371,
        "provisionforIncomeTaxes": -1219,
        "revenue": 135725,
        "sgaExpense": 11888,
        "totalOperatingExpense": 11888,
        "year": 2015
      }
    ],
    "symbol": "GM"
  }
}