{
  "symbol": "EMR",
  "statement": "ic",
  "frequency": "quarterly",
  "timestamp": "2025-09-19T13:59:44.596545",
  "data": {
    "financials": [
      {
        "costOfGoodsSold": 2160,
        "depreciationAmortization": 219,
        "dilutedAverageSharesOutstanding": 564.7,
        "dilutedEPS": 1.0271,
        "ebit": 926,
        "grossIncome": 2393,
        "interestExpense": 126,
        "interestIncomeExpense": -126,
        "minorityInterest": 0,
        "netIncome": 586,
        "netIncomeAfterTaxes": 580,
        "nonRecurringItems": -66,
        "otherOperatingExpensesTotal": -14,
        "period": "2025-06-30",
        "pretaxIncome": 734,
        "provisionforIncomeTaxes": 154,
        "revenue": 4553,
        "sgaExpense": 1262,
        "totalOperatingExpense": 1467
      },
      {
        "costOfGoodsSold": 2061,
        "depreciationAmortization": 229,
        "dilutedAverageSharesOutstanding": 565.4,
        "dilutedEPS": 0.8578,
        "ebit": 882,
        "grossIncome": 2371,
        "interestExpense": 86,
        "interestIncomeExpense": -82,
        "minorityInterest": 55,
        "netIncome": 485,
        "netIncomeAfterTaxes": 430,
        "nonRecurringItems": -171,
        "otherOperatingExpensesTotal": -17,
        "period": "2025-03-31",
        "pretaxIncome": 629,
        "provisionforIncomeTaxes": 199,
        "revenue": 4432,
        "sgaExpense": 1277,
        "totalOperatingExpense": 1489
      },
      {
        "costOfGoodsSold": 1940,
        "depreciationAmortization": 229,
        "dilutedAverageSharesOutstanding": 571.1,
        "dilutedEPS": 1.0243,
        "ebit": 810,
        "grossIncome": 2235,
        "interestExpense": 52,
        "interestIncomeExpense": -9,
        "minorityInterest": -8,
        "netIncome": 585,
        "netIncomeAfterTaxes": 593,
        "nonRecurringItems": -26,
        "otherOperatingExpensesTotal": -26,
        "period": "2024-12-31",
        "pretaxIncome": 775,
        "provisionforIncomeTaxes": 182,
        "revenue": 4175,
        "sgaExpense": 1222,
        "totalOperatingExpense": 1425
      },
      {
        "costOfGoodsSold": 2248,
        "depreciationAmortization": 266,
        "dilutedAverageSharesOutstanding": 573.7,
        "dilutedEPS": 1.73,
        "ebit": 765,
        "grossIncome": 2371,
        "interestExpense": 61,
        "interestIncomeExpense": -63,
        "minorityInterest": 28,
        "netIncome": 996,
        "netIncomeAfterTaxes": 530,
        "nonRecurringItems": -23,
        "otherOperatingExpensesTotal": 25,
        "period": "2024-09-30",
        "pretaxIncome": 679,
        "provisionforIncomeTaxes": 149,
        "revenue": 4619,
        "sgaExpense": 1315,
        "totalOperatingExpense": 1606
      },
      {
        "costOfGoodsSold": 2066,
        "depreciationAmortization": 264,
        "dilutedAverageSharesOutstanding": 574.8,
        "dilutedEPS": 0.57,
        "ebit": 560,
        "grossIncome": 2314,
        "interestExpense": 88,
        "interestIncomeExpense": -41,
        "minorityInterest": -23,
        "netIncome": 329,
        "netIncomeAfterTaxes": 367,
        "nonRecurringItems": -64,
        "otherOperatingExpensesTotal": -43,
        "period": "2024-06-30",
        "pretaxIncome": 455,
        "provisionforIncomeTaxes": 88,
        "revenue": 4380,
        "sgaExpense": 1533,
        "totalOperatingExpense": 1754
      },
      {
        "costOfGoodsSold": 2092,
        "depreciationAmortization": 273,
        "dilutedAverageSharesOutstanding": 574.1,
        "dilutedEPS": 0.8727,
        "ebit": 749,
        "grossIncome": 2284,
        "interestExpense": 90,
        "interestIncomeExpense": -23,
        "minorityInterest": -2,
        "netIncome": 501,
        "netIncomeAfterTaxes": 503,
        "nonRecurringItems": -74,
        "otherOperatingExpensesTotal": -34,
        "period": "2024-03-31",
        "pretaxIncome": 652,
        "provisionforIncomeTaxes": 149,
        "revenue": 4376,
        "sgaExpense": 1296,
        "totalOperatingExpense": 1535
      },
      {
        "costOfGoodsSold": 2201,
        "depreciationAmortization": 274,
        "dilutedAverageSharesOutstanding": 573.3,
        "dilutedEPS": 0.2477,
        "ebit": 385,
        "grossIncome": 1916,
        "interestExpense": 84,
        "interestIncomeExpense": -83,
        "minorityInterest": 10,
        "netIncome": 142,
        "netIncomeAfterTaxes": 132,
        "nonRecurringItems": -163,
        "otherOperatingExpensesTotal": -20,
        "period": "2023-12-31",
        "pretaxIncome": 139,
        "provisionforIncomeTaxes": 7,
        "revenue": 4117,
        "sgaExpense": 1277,
        "totalOperatingExpense": 1531
      },
      {
        "costOfGoodsSold": 2078,
        "depreciationAmortization": 125,
        "dilutedAverageSharesOutstanding": 574.9,
        "dilutedEPS": 1.29,
        "ebit": 806,
        "grossIncome": 2012,
        "interestExpense": 54,
        "interestIncomeExpense": 150,
        "minorityInterest": 0,
        "netIncome": 744,
        "netIncomeAfterTaxes": 695,
        "nonRecurringItems": -52,
        "otherOperatingExpensesTotal": -33,
        "period": "2023-09-30",
        "pretaxIncome": 904,
        "provisionforIncomeTaxes": 209,
        "revenue": 4090,
        "sgaExpense": 1114,
        "totalOperatingExpense": 1206
      },
      {
        "costOfGoodsSold": 1952,
        "depreciationAmortization": 120,
        "dilutedAverageSharesOutstanding": 574,
        "dilutedEPS": 16.29,
        "ebit": 868,
        "grossIncome": 1994,
        "interestExpense": 68,
        "interestIncomeExpense": -57,
        "minorityInterest": -11,
        "netIncome": 9352,
        "netIncomeAfterTaxes": 603,
        "nonRecurringItems": -50,
        "otherOperatingExpensesTotal": -36,
        "period": "2023-06-30",
        "pretaxIncome": 761,
        "provisionforIncomeTaxes": 158,
        "revenue": 3946,
        "sgaExpense": 1042,
        "totalOperatingExpense": 1126
      },
      {
        "costOfGoodsSold": 1955,
        "depreciationAmortization": 119,
        "dilutedAverageSharesOutstanding": 573.6,
        "dilutedEPS": 1.38,
        "ebit": 712,
        "grossIncome": 1801,
        "interestExpense": 71,
        "interestIncomeExpense": -44,
        "minorityInterest": 25,
        "netIncome": 792,
        "netIncomeAfterTaxes": 505,
        "nonRecurringItems": -29,
        "otherOperatingExpensesTotal": -30,
        "period": "2023-03-31",
        "pretaxIncome": 639,
        "provisionforIncomeTaxes": 134,
        "revenue": 3756,
        "sgaExpense": 1000,
        "totalOperatingExpense": 1089
      },
      {
        "costOfGoodsSold": 1753,
        "depreciationAmortization": 118,
        "dilutedAverageSharesOutstanding": 586.7,
        "dilutedEPS": 3.97,
        "ebit": 516,
        "grossIncome": 1620,
        "interestExpense": 68,
        "interestIncomeExpense": -37,
        "minorityInterest": 5,
        "netIncome": 2331,
        "netIncomeAfterTaxes": 324,
        "nonRecurringItems": -57,
        "otherOperatingExpensesTotal": -44,
        "period": "2022-12-31",
        "pretaxIncome": 422,
        "provisionforIncomeTaxes": 98,
        "revenue": 3373,
        "sgaExpense": 1030,
        "totalOperatingExpense": 1104
      },
      {
        "costOfGoodsSold": 3043,
        "depreciationAmortization": 134,
        "dilutedAverageSharesOutstanding": 594.5,
        "dilutedEPS": 1.2447,
        "ebit": 1050,
        "gainLossOnDispositionOfAssets": 15,
        "grossIncome": 2317,
        "interestExpense": 70,
        "interestIncomeExpense": -101,
        "minorityInterest": 32,
        "netIncome": 740,
        "netIncomeAfterTaxes": 708,
        "nonRecurringItems": -60,
        "otherOperatingExpensesTotal": -3,
        "period": "2022-09-30",
        "pretaxIncome": 904,
        "provisionforIncomeTaxes": 196,
        "revenue": 5360,
        "sgaExpense": 1136,
        "totalOperatingExpense": 1267
      },
      {
        "costOfGoodsSold": 2908,
        "depreciationAmortization": 98,
        "dilutedAverageSharesOutstanding": 596.2,
        "dilutedEPS": 1.5448,
        "ebit": 962,
        "gainLossOnDispositionOfAssets": 0,
        "grossIncome": 2097,
        "interestExpense": 61,
        "interestIncomeExpense": -37,
        "minorityInterest": -31,
        "netIncome": 921,
        "netIncomeAfterTaxes": 952,
        "nonRecurringItems": 270,
        "otherOperatingExpensesTotal": -15,
        "period": "2022-06-30",
        "pretaxIncome": 1195,
        "provisionforIncomeTaxes": 243,
        "revenue": 5005,
        "sgaExpense": 1052,
        "totalOperatingExpense": 1135
      },
      {
        "costOfGoodsSold": 2839,
        "depreciationAmortization": 62,
        "dilutedAverageSharesOutstanding": 596.5,
        "dilutedEPS": 1.1299,
        "ebit": 886,
        "gainLossOnDispositionOfAssets": 0,
        "grossIncome": 1952,
        "interestExpense": 55,
        "interestIncomeExpense": -52,
        "minorityInterest": -1,
        "netIncome": 674,
        "netIncomeAfterTaxes": 675,
        "nonRecurringItems": -23,
        "otherOperatingExpensesTotal": -45,
        "period": "2022-03-31",
        "pretaxIncome": 811,
        "provisionforIncomeTaxes": 136,
        "revenue": 4791,
        "sgaExpense": 1049,
        "totalOperatingExpense": 1066
      },
      {
        "costOfGoodsSold": 1741,
        "depreciationAmortization": 57,
        "dilutedAverageSharesOutstanding": 598.1,
        "dilutedEPS": 1.49,
        "ebit": 535,
        "grossIncome": 1415,
        "interestExpense": 42,
        "interestIncomeExpense": 436,
        "minorityInterest": 1,
        "netIncome": 896,
        "netIncomeAfterTaxes": 746,
        "nonRecurringItems": -29,
        "otherOperatingExpensesTotal": -26,
        "period": "2021-12-31",
        "pretaxIncome": 942,
        "provisionforIncomeTaxes": 196,
        "revenue": 3156,
        "sgaExpense": 849,
        "totalOperatingExpense": 880
      },
      {
        "costOfGoodsSold": 2951,
        "depreciationAmortization": 77,
        "dilutedAverageSharesOutstanding": 600.3,
        "dilutedEPS": 1.1161,
        "ebit": 906,
        "grossIncome": 1996,
        "interestExpense": 42,
        "interestIncomeExpense": -39,
        "minorityInterest": -4,
        "netIncome": 670,
        "netIncomeAfterTaxes": 674,
        "nonRecurringItems": -39,
        "otherOperatingExpensesTotal": -41,
        "period": "2021-09-30",
        "pretaxIncome": 828,
        "provisionforIncomeTaxes": 154,
        "revenue": 4947,
        "sgaExpense": 1054,
        "totalOperatingExpense": 1090
      },
      {
        "costOfGoodsSold": 2715,
        "depreciationAmortization": 71,
        "dilutedAverageSharesOutstanding": 602.1,
        "dilutedEPS": 1.0414,
        "ebit": 849,
        "grossIncome": 1982,
        "interestExpense": 40,
        "interestIncomeExpense": -37,
        "minorityInterest": -6,
        "netIncome": 627,
        "netIncomeAfterTaxes": 633,
        "nonRecurringItems": -28,
        "otherOperatingExpensesTotal": -11,
        "period": "2021-06-30",
        "pretaxIncome": 784,
        "provisionforIncomeTaxes": 151,
        "revenue": 4697,
        "sgaExpense": 1073,
        "totalOperatingExpense": 1133
      },
      {
        "costOfGoodsSold": 2569,
        "depreciationAmortization": 74,
        "dilutedAverageSharesOutstanding": 602.8,
        "dilutedEPS": 0.93,
        "ebit": 792,
        "grossIncome": 1862,
        "interestExpense": 42,
        "interestIncomeExpense": -38,
        "minorityInterest": -7,
        "netIncome": 561,
        "netIncomeAfterTaxes": 568,
        "nonRecurringItems": -17,
        "otherOperatingExpensesTotal": -58,
        "period": "2021-03-31",
        "pretaxIncome": 737,
        "provisionforIncomeTaxes": 169,
        "revenue": 4431,
        "sgaExpense": 1054,
        "totalOperatingExpense": 1070
      },
      {
        "costOfGoodsSold": 2438,
        "depreciationAmortization": 78,
        "dilutedAverageSharesOutstanding": 601.9,
        "dilutedEPS": 0.74,
        "ebit": 669,
        "grossIncome": 1723,
        "interestExpense": 42,
        "interestIncomeExpense": -40,
        "minorityInterest": -7,
        "netIncome": 445,
        "netIncomeAfterTaxes": 452,
        "nonRecurringItems": -66,
        "otherOperatingExpensesTotal": -22,
        "period": "2020-12-31",
        "pretaxIncome": 563,
        "provisionforIncomeTaxes": 111,
        "revenue": 4161,
        "sgaExpense": 998,
        "totalOperatingExpense": 1054
      },
      {
        "costOfGoodsSold": 2676,
        "depreciationAmortization": 61,
        "dilutedAverageSharesOutstanding": 601.2,
        "dilutedEPS": 1.2,
        "ebit": 873,
        "grossIncome": 1882,
        "interestExpense": 40,
        "interestIncomeExpense": -40,
        "minorityInterest": -7,
        "netIncome": 723,
        "netIncomeAfterTaxes": 730,
        "nonRecurringItems": -68,
        "otherOperatingExpensesTotal": 2,
        "period": "2020-09-30",
        "pretaxIncome": 765,
        "provisionforIncomeTaxes": 35,
        "revenue": 4558,
        "sgaExpense": 946,
        "totalOperatingExpense": 1009
      },
      {
        "costOfGoodsSold": 2296,
        "depreciationAmortization": 60,
        "dilutedAverageSharesOutstanding": 600,
        "dilutedEPS": 0.67,
        "ebit": 591,
        "grossIncome": 1618,
        "interestExpense": 52,
        "interestIncomeExpense": -45,
        "minorityInterest": -8,
        "netIncome": 399,
        "netIncomeAfterTaxes": 407,
        "nonRecurringItems": -88,
        "otherOperatingExpensesTotal": 33,
        "period": "2020-06-30",
        "pretaxIncome": 458,
        "provisionforIncomeTaxes": 51,
        "revenue": 3914,
        "sgaExpense": 934,
        "totalOperatingExpense": 1027
      },
      {
        "costOfGoodsSold": 2409,
        "depreciationAmortization": 59,
        "dilutedAverageSharesOutstanding": 611,
        "dilutedEPS": 0.85,
        "ebit": 760,
        "grossIncome": 1754,
        "interestExpense": 42,
        "interestIncomeExpense": -40,
        "minorityInterest": -7,
        "netIncome": 517,
        "netIncomeAfterTaxes": 524,
        "nonRecurringItems": -31,
        "otherOperatingExpensesTotal": -48,
        "period": "2020-03-31",
        "pretaxIncome": 689,
        "provisionforIncomeTaxes": 165,
        "revenue": 4163,
        "sgaExpense": 983,
        "totalOperatingExpense": 994
      },
      {
        "costOfGoodsSold": 2388,
        "depreciationAmortization": 59,
        "dilutedAverageSharesOutstanding": 614.1,
        "dilutedEPS": 0.53,
        "ebit": 561,
        "grossIncome": 1765,
        "interestExpense": 41,
        "interestIncomeExpense": -41,
        "minorityInterest": -3,
        "netIncome": 326,
        "netIncomeAfterTaxes": 329,
        "nonRecurringItems": -97,
        "otherOperatingExpensesTotal": 22,
        "period": "2019-12-31",
        "pretaxIncome": 423,
        "provisionforIncomeTaxes": 94,
        "revenue": 4153,
        "sgaExpense": 1123,
        "totalOperatingExpense": 1204
      },
      {
        "costOfGoodsSold": 2843,
        "depreciationAmortization": 61,
        "dilutedAverageSharesOutstanding": 617.6,
        "dilutedEPS": 1.16,
        "ebit": 921,
        "grossIncome": 2128,
        "interestExpense": 48,
        "interestIncomeExpense": -40,
        "minorityInterest": -7,
        "netIncome": 717,
        "netIncomeAfterTaxes": 724,
        "nonRecurringItems": -55,
        "otherOperatingExpensesTotal": 37,
        "period": "2019-09-30",
        "pretaxIncome": 826,
        "provisionforIncomeTaxes": 102,
        "revenue": 4971,
        "sgaExpense": 1109,
        "totalOperatingExpense": 1207
      },
      {
        "costOfGoodsSold": 2681,
        "depreciationAmortization": 60,
        "dilutedAverageSharesOutstanding": 619,
        "dilutedEPS": 0.97,
        "ebit": 832,
        "grossIncome": 2003,
        "interestExpense": 50,
        "interestIncomeExpense": -45,
        "minorityInterest": -8,
        "netIncome": 604,
        "netIncomeAfterTaxes": 712,
        "nonRecurringItems": -20,
        "otherOperatingExpensesTotal": -15,
        "period": "2019-06-30",
        "pretaxIncome": 767,
        "provisionforIncomeTaxes": 55,
        "revenue": 4684,
        "sgaExpense": 1126,
        "totalOperatingExpense": 1171
      },
      {
        "costOfGoodsSold": 2644,
        "depreciationAmortization": 60,
        "dilutedAverageSharesOutstanding": 618.1,
        "dilutedEPS": 0.84,
        "ebit": 734,
        "grossIncome": 1926,
        "interestExpense": 55,
        "interestIncomeExpense": -49,
        "minorityInterest": -5,
        "netIncome": 520,
        "netIncomeAfterTaxes": 525,
        "nonRecurringItems": -10,
        "otherOperatingExpensesTotal": -13,
        "period": "2019-03-31",
        "pretaxIncome": 675,
        "provisionforIncomeTaxes": 150,
        "revenue": 4570,
        "sgaExpense": 1145,
        "totalOperatingExpense": 1192
      },
      {
        "costOfGoodsSold": 2387,
        "depreciationAmortization": 57,
        "dilutedAverageSharesOutstanding": 627.8,
        "dilutedEPS": 0.74,
        "ebit": 643,
        "grossIncome": 1760,
        "interestExpense": 48,
        "interestIncomeExpense": -42,
        "minorityInterest": -2,
        "netIncome": 465,
        "netIncomeAfterTaxes": 367,
        "nonRecurringItems": -10,
        "otherOperatingExpensesTotal": -17,
        "period": "2018-12-31",
        "pretaxIncome": 591,
        "provisionforIncomeTaxes": 224,
        "revenue": 4147,
        "sgaExpense": 1077,
        "totalOperatingExpense": 1117
      },
      {
        "costOfGoodsSold": 2820,
        "depreciationAmortization": 57,
        "dilutedAverageSharesOutstanding": 631.7,
        "dilutedEPS": 0.97,
        "ebit": 814,
        "grossIncome": 2068,
        "interestExpense": 54,
        "interestIncomeExpense": -49,
        "minorityInterest": -5,
        "netIncome": 617,
        "netIncomeAfterTaxes": 476,
        "nonRecurringItems": -27,
        "otherOperatingExpensesTotal": 17,
        "period": "2018-09-30",
        "pretaxIncome": 738,
        "provisionforIncomeTaxes": 262,
        "revenue": 4888,
        "sgaExpense": 1180,
        "totalOperatingExpense": 1254
      },
      {
        "costOfGoodsSold": 2506,
        "depreciationAmortization": 47,
        "dilutedAverageSharesOutstanding": 632.9,
        "dilutedEPS": 1.12,
        "ebit": 822,
        "grossIncome": 1950,
        "interestExpense": 49,
        "interestIncomeExpense": -40,
        "minorityInterest": -7,
        "netIncome": 712,
        "netIncomeAfterTaxes": 719,
        "nonRecurringItems": -14,
        "otherOperatingExpensesTotal": 27,
        "period": "2018-06-30",
        "pretaxIncome": 768,
        "provisionforIncomeTaxes": 49,
        "revenue": 4456,
        "sgaExpense": 1054,
        "totalOperatingExpense": 1128
      },
      {
        "costOfGoodsSold": 2417,
        "depreciationAmortization": 51,
        "dilutedAverageSharesOutstanding": 636,
        "dilutedEPS": 0.76,
        "ebit": 709,
        "grossIncome": 1831,
        "interestExpense": 50,
        "interestIncomeExpense": -42,
        "minorityInterest": -7,
        "netIncome": 482,
        "netIncomeAfterTaxes": 489,
        "nonRecurringItems": -9,
        "otherOperatingExpensesTotal": 39,
        "period": "2018-03-31",
        "pretaxIncome": 658,
        "provisionforIncomeTaxes": 169,
        "revenue": 4248,
        "sgaExpense": 1032,
        "totalOperatingExpense": 1122
      },
      {
        "costOfGoodsSold": 2190,
        "depreciationAmortization": 56,
        "dilutedAverageSharesOutstanding": 640.5,
        "dilutedEPS": 0.61,
        "ebit": 561,
        "grossIncome": 1626,
        "interestExpense": 49,
        "interestIncomeExpense": -43,
        "minorityInterest": -2,
        "netIncome": 392,
        "netIncomeAfterTaxes": 351,
        "nonRecurringItems": -15,
        "otherOperatingExpensesTotal": 17,
        "period": "2017-12-31",
        "pretaxIncome": 503,
        "provisionforIncomeTaxes": 152,
        "revenue": 3816,
        "sgaExpense": 992,
        "totalOperatingExpense": 1065
      },
      {
        "costOfGoodsSold": 2625,
        "depreciationAmortization": 59,
        "dilutedAverageSharesOutstanding": 640.7,
        "dilutedEPS": 0.77,
        "ebit": 763,
        "gainLossOnDispositionOfAssets": 0,
        "grossIncome": 1810,
        "interestExpense": 50,
        "interestIncomeExpense": -45,
        "minorityInterest": -6,
        "netIncome": 504,
        "netIncomeAfterTaxes": 502,
        "nonRecurringItems": -33,
        "otherOperatingExpensesTotal": -9,
        "period": "2017-09-30",
        "pretaxIncome": 685,
        "provisionforIncomeTaxes": 183,
        "revenue": 4435,
        "sgaExpense": 997,
        "totalOperatingExpense": 1047
      },
      {
        "costOfGoodsSold": 2357,
        "depreciationAmortization": 34,
        "dilutedAverageSharesOutstanding": 643.8,
        "dilutedEPS": 0.63,
        "ebit": 685,
        "grossIncome": 1682,
        "interestExpense": 49,
        "interestIncomeExpense": -43,
        "minorityInterest": -12,
        "netIncome": 413,
        "netIncomeAfterTaxes": 419,
        "nonRecurringItems": -21,
        "otherOperatingExpensesTotal": 32,
        "period": "2017-06-30",
        "pretaxIncome": 621,
        "provisionforIncomeTaxes": 202,
        "revenue": 4039,
        "sgaExpense": 931,
        "totalOperatingExpense": 997
      },
      {
        "costOfGoodsSold": 2020,
        "depreciationAmortization": 21,
        "dilutedAverageSharesOutstanding": 650.9,
        "dilutedEPS": 0.44,
        "ebit": 616,
        "grossIncome": 1554,
        "interestExpense": 50,
        "interestIncomeExpense": -38,
        "minorityInterest": -8,
        "netIncome": 292,
        "netIncomeAfterTaxes": 384,
        "nonRecurringItems": -13,
        "otherOperatingExpensesTotal": 49,
        "period": "2017-03-31",
        "pretaxIncome": 565,
        "provisionforIncomeTaxes": 181,
        "revenue": 3574,
        "sgaExpense": 868,
        "totalOperatingExpense": 938
      },
      {
        "costOfGoodsSold": 1863,
        "depreciationAmortization": 22,
        "dilutedAverageSharesOutstanding": 644.3,
        "dilutedEPS": 0.47,
        "ebit": 509,
        "grossIncome": 1353,
        "interestExpense": 52,
        "interestIncomeExpense": -34,
        "minorityInterest": -6,
        "netIncome": 309,
        "netIncomeAfterTaxes": 370,
        "nonRecurringItems": -11,
        "otherOperatingExpensesTotal": 0,
        "period": "2016-12-31",
        "pretaxIncome": 464,
        "provisionforIncomeTaxes": 94,
        "revenue": 3216,
        "sgaExpense": 822,
        "totalOperatingExpense": 844
      },
      {
        "costOfGoodsSold": 2238,
        "depreciationAmortization": 18,
        "dilutedAverageSharesOutstanding": 659,
        "dilutedEPS": 0.66,
        "ebit": 769,
        "grossIncome": 1694,
        "interestIncomeExpense": -30,
        "minorityInterest": -7,
        "netIncome": 438,
        "netIncomeAfterTaxes": 486,
        "nonRecurringItems": -65,
        "otherOperatingExpensesTotal": 52,
        "period": "2016-09-30",
        "pretaxIncome": 674,
        "provisionforIncomeTaxes": 188,
        "revenue": 3932,
        "sgaExpense": 855,
        "totalOperatingExpense": 925
      },
      {
        "costOfGoodsSold": 2103,
        "depreciationAmortization": 22,
        "dilutedAverageSharesOutstanding": 645.2,
        "dilutedEPS": 0.74,
        "ebit": 693,
        "grossIncome": 1571,
        "interestExpense": 53,
        "interestIncomeExpense": -24,
        "minorityInterest": -10,
        "netIncome": 479,
        "netIncomeAfterTaxes": 451,
        "nonRecurringItems": -13,
        "otherOperatingExpensesTotal": 4,
        "period": "2016-06-30",
        "pretaxIncome": 656,
        "provisionforIncomeTaxes": 205,
        "revenue": 3674,
        "sgaExpense": 852,
        "totalOperatingExpense": 878
      },
      {
        "costOfGoodsSold": 2058,
        "depreciationAmortization": 22,
        "dilutedAverageSharesOutstanding": 644.7,
        "dilutedEPS": 0.57,
        "ebit": 588,
        "grossIncome": 1521,
        "interestExpense": 54,
        "interestIncomeExpense": -25,
        "minorityInterest": -8,
        "netIncome": 369,
        "netIncomeAfterTaxes": 375,
        "nonRecurringItems": -11,
        "otherOperatingExpensesTotal": 33,
        "period": "2016-03-31",
        "pretaxIncome": 552,
        "provisionforIncomeTaxes": 177,
        "revenue": 3579,
        "sgaExpense": 878,
        "totalOperatingExpense": 933
      },
      {
        "costOfGoodsSold": 1937,
        "depreciationAmortization": 22,
        "dilutedAverageSharesOutstanding": 652.5,
        "dilutedEPS": 0.53,
        "ebit": 474,
        "grossIncome": 1400,
        "interestExpense": 53,
        "interestIncomeExpense": -33,
        "minorityInterest": -4,
        "netIncome": 349,
        "netIncomeAfterTaxes": 307,
        "nonRecurringItems": -7,
        "otherOperatingExpensesTotal": 25,
        "period": "2015-12-31",
        "pretaxIncome": 434,
        "provisionforIncomeTaxes": 127,
        "revenue": 3337,
        "sgaExpense": 879,
        "totalOperatingExpense": 926
      },
      {
        "costOfGoodsSold": -550,
        "depreciationAmortization": -66,
        "dilutedAverageSharesOutstanding": 673.2,
        "dilutedEPS": 0.96,
        "ebit": 614,
        "grossIncome": 309,
        "interestExpense": 47,
        "interestIncomeExpense": -30,
        "minorityInterest": -3,
        "netIncome": 648,
        "netIncomeAfterTaxes": 458,
        "nonRecurringItems": -49,
        "otherOperatingExpensesTotal": 25,
        "period": "2015-09-30",
        "pretaxIncome": 642,
        "provisionforIncomeTaxes": 184,
        "revenue": -241,
        "sgaExpense": -264,
        "totalOperatingExpense": -305,
        "totalOtherIncomeExpenseNet": 107
      }
    ],
    "symbol": "EMR"
  }
}