{
  "symbol": "BA",
  "statement": "ic",
  "frequency": "annual",
  "timestamp": "2025-09-19T13:56:56.676986",
  "data": {
    "financials": [
      {
        "costOfGoodsSold": 68508,
        "dilutedAverageSharesOutstanding": 646.9,
        "dilutedEPS": -18.36,
        "ebit": -10824,
        "grossIncome": -1991,
        "interestExpense": 2725,
        "interestIncomeExpense": -2654,
        "minorityInterest": 12,
        "netIncome": -11875,
        "netIncomeAfterTaxes": -11829,
        "nonRecurringItems": 46,
        "period": "2024-12-31",
        "pretaxIncome": -12210,
        "provisionforIncomeTaxes": -381,
        "researchDevelopment": 3812,
        "revenue": 66517,
        "sgaExpense": 5021,
        "totalOperatingExpense": 8833,
        "totalOtherIncomeExpenseNet": 1222,
        "year": 2024
      },
      {
        "costOfGoodsSold": 70070,
        "dilutedAverageSharesOutstanding": 605.8,
        "dilutedEPS": -3.67,
        "ebit": -821,
        "grossIncome": 7724,
        "interestExpense": 2459,
        "interestIncomeExpense": -2413,
        "minorityInterest": 20,
        "netIncome": -2222,
        "netIncomeAfterTaxes": -2242,
        "nonRecurringItems": 2,
        "period": "2023-12-31",
        "pretaxIncome": -2005,
        "provisionforIncomeTaxes": 237,
        "researchDevelopment": 3377,
        "revenue": 77794,
        "sgaExpense": 5168,
        "totalOperatingExpense": 8545,
        "totalOtherIncomeExpenseNet": 1227,
        "year": 2023
      },
      {
        "costOfGoodsSold": 63078,
        "dilutedAverageSharesOutstanding": 594.9,
        "dilutedEPS": -8.3,
        "ebit": -3509,
        "grossIncome": 3530,
        "interestExpense": 2561,
        "interestIncomeExpense": -2577,
        "minorityInterest": 118,
        "netIncome": -4935,
        "netIncomeAfterTaxes": -5053,
        "nonRecurringItems": 6,
        "period": "2022-12-31",
        "pretaxIncome": -5022,
        "provisionforIncomeTaxes": 31,
        "researchDevelopment": 2852,
        "revenue": 66608,
        "sgaExpense": 4187,
        "totalOperatingExpense": 7039,
        "totalOtherIncomeExpenseNet": 1058,
        "year": 2022
      },
      {
        "costOfGoodsSold": 59237,
        "dilutedAverageSharesOutstanding": 587.6,
        "dilutedEPS": -7.15,
        "ebit": -3357,
        "grossIncome": 3049,
        "interestExpense": 2714,
        "interestIncomeExpense": -2504,
        "minorityInterest": 88,
        "netIncome": -4202,
        "netIncomeAfterTaxes": -4290,
        "nonRecurringItems": 277,
        "period": "2021-12-31",
        "pretaxIncome": -5033,
        "provisionforIncomeTaxes": -743,
        "researchDevelopment": 2249,
        "revenue": 62286,
        "sgaExpense": 4157,
        "totalOperatingExpense": 6406,
        "totalOtherIncomeExpenseNet": 551,
        "year": 2021
      },
      {
        "costOfGoodsSold": 63843,
        "dilutedAverageSharesOutstanding": 568.6,
        "dilutedEPS": -20.88,
        "ebit": -12480,
        "grossIncome": -5187,
        "interestExpense": 2156,
        "interestIncomeExpense": -2147,
        "minorityInterest": 68,
        "netIncome": -11873,
        "netIncomeAfterTaxes": -13116,
        "nonRecurringItems": -296,
        "period": "2020-12-31",
        "pretaxIncome": -14476,
        "provisionforIncomeTaxes": -1360,
        "researchDevelopment": 2476,
        "revenue": 58656,
        "sgaExpense": 4817,
        "totalOperatingExpense": 7293,
        "totalOtherIncomeExpenseNet": 447,
        "year": 2020
      },
      {
        "costOfGoodsSold": 72093,
        "dilutedAverageSharesOutstanding": 566,
        "dilutedEPS": -1.12,
        "ebit": 5597,
        "grossIncome": 12725,
        "interestExpense": 722,
        "interestIncomeExpense": -726,
        "netIncome": -636,
        "netIncomeAfterTaxes": -636,
        "nonRecurringItems": -7568,
        "period": "2019-12-31",
        "pretaxIncome": -2259,
        "provisionforIncomeTaxes": -1623,
        "researchDevelopment": 3219,
        "revenue": 84818,
        "sgaExpense": 3909,
        "totalOperatingExpense": 7128,
        "totalOtherIncomeExpenseNet": 438,
        "year": 2019
      },
      {
        "costOfGoodsSold": 81490,
        "dilutedAverageSharesOutstanding": 585.5,
        "dilutedEPS": 17.85,
        "ebit": 11801,
        "grossIncome": 19637,
        "interestExpense": 475,
        "interestIncomeExpense": -363,
        "netIncome": 10453,
        "netIncomeAfterTaxes": 10460,
        "nonRecurringItems": 75,
        "period": "2018-12-31",
        "pretaxIncome": 11604,
        "provisionforIncomeTaxes": 1144,
        "researchDevelopment": 3269,
        "revenue": 101127,
        "sgaExpense": 4567,
        "totalOperatingExpense": 7836,
        "totalOtherIncomeExpenseNet": 91,
        "year": 2018
      },
      {
        "costOfGoodsSold": 76612,
        "dilutedAverageSharesOutstanding": 610,
        "dilutedEPS": 13.85,
        "ebit": 10119,
        "grossIncome": 17393,
        "interestExpense": 360,
        "interestIncomeExpense": -140,
        "netIncome": 8452,
        "netIncomeAfterTaxes": 7187,
        "nonRecurringItems": 21,
        "period": "2017-12-31",
        "pretaxIncome": 10107,
        "provisionforIncomeTaxes": 2920,
        "researchDevelopment": 3179,
        "revenue": 94005,
        "sgaExpense": 4095,
        "totalOperatingExpense": 7274,
        "totalOtherIncomeExpenseNet": 107,
        "year": 2017
      },
      {
        "costOfGoodsSold": 79026,
        "dilutedAverageSharesOutstanding": 642.8,
        "dilutedEPS": 7.83,
        "ebit": 6231,
        "grossIncome": 14470,
        "interestExpense": 306,
        "interestIncomeExpense": -3,
        "netIncome": 5031,
        "netIncomeAfterTaxes": 5034,
        "nonRecurringItems": -7,
        "period": "2016-12-31",
        "pretaxIncome": 5783,
        "provisionforIncomeTaxes": 749,
        "researchDevelopment": 4626,
        "revenue": 93496,
        "sgaExpense": 3613,
        "totalOperatingExpense": 8239,
        "totalOtherIncomeExpenseNet": -438,
        "year": 2016
      },
      {
        "costOfGoodsSold": 82088,
        "dilutedAverageSharesOutstanding": 695,
        "dilutedEPS": 7.44,
        "ebit": 7170,
        "grossIncome": 14026,
        "interestExpense": 275,
        "interestIncomeExpense": -1,
        "netIncome": 5172,
        "netIncomeAfterTaxes": 5176,
        "nonRecurringItems": -1,
        "period": "2015-12-31",
        "pretaxIncome": 7155,
        "provisionforIncomeTaxes": 1979,
        "researchDevelopment": 3331,
        "revenue": 96114,
        "sgaExpense": 3525,
        "totalOperatingExpense": 6856,
        "totalOtherIncomeExpenseNet": -13,
        "year": 2015
      }
    ],
    "symbol": "BA"
  }
}