{
  "symbol": "ROK",
  "statement": "ic",
  "frequency": "quarterly",
  "timestamp": "2025-09-19T14:06:17.804495",
  "data": {
    "financials": [
      {
        "costOfGoodsSold": 1268,
        "dilutedAverageSharesOutstanding": 113,
        "dilutedEPS": 2.6018,
        "ebit": 379,
        "grossIncome": 876,
        "interestExpense": 41,
        "interestIncomeExpense": -37,
        "minorityInterest": 2,
        "netIncome": 294,
        "netIncomeAfterTaxes": 293,
        "otherOperatingExpensesTotal": -1,
        "period": "2025-06-30",
        "pretaxIncome": 342,
        "provisionforIncomeTaxes": 49,
        "revenue": 2144,
        "sgaExpense": 498,
        "totalOperatingExpense": 497
      },
      {
        "costOfGoodsSold": 1191,
        "dilutedAverageSharesOutstanding": 113.3,
        "dilutedEPS": 2.2154,
        "ebit": 339,
        "grossIncome": 810,
        "interestExpense": 39,
        "interestIncomeExpense": -40,
        "minorityInterest": 4,
        "netIncome": 251,
        "netIncomeAfterTaxes": 248,
        "otherOperatingExpensesTotal": 2,
        "period": "2025-03-31",
        "pretaxIncome": 299,
        "provisionforIncomeTaxes": 51,
        "revenue": 2001,
        "sgaExpense": 469,
        "totalOperatingExpense": 471
      },
      {
        "costOfGoodsSold": 1159,
        "dilutedAverageSharesOutstanding": 113.5,
        "dilutedEPS": 1.6123,
        "ebit": 248,
        "grossIncome": 722,
        "interestExpense": 39,
        "interestIncomeExpense": -35,
        "minorityInterest": 6,
        "netIncome": 183,
        "netIncomeAfterTaxes": 178,
        "otherOperatingExpensesTotal": -2,
        "period": "2024-12-31",
        "pretaxIncome": 213,
        "provisionforIncomeTaxes": 35,
        "revenue": 1881,
        "sgaExpense": 476,
        "totalOperatingExpense": 474
      },
      {
        "costOfGoodsSold": 1264.9,
        "dilutedAverageSharesOutstanding": 113.9,
        "dilutedEPS": 2.0896,
        "ebit": 312,
        "grossIncome": 770.6,
        "interestExpense": 41.1,
        "interestIncomeExpense": -37.9,
        "minorityInterest": 0.9,
        "netIncome": 238,
        "netIncomeAfterTaxes": 238.2,
        "nonRecurringItems": 0,
        "otherOperatingExpensesTotal": -28.3,
        "period": "2024-09-30",
        "pretaxIncome": 274.1,
        "provisionforIncomeTaxes": 35.9,
        "revenue": 2035.5,
        "sgaExpense": 486.9,
        "totalOperatingExpense": 458.6
      },
      {
        "costOfGoodsSold": 1255.8,
        "dilutedAverageSharesOutstanding": 114.2,
        "dilutedEPS": 2.02,
        "ebit": 297.9,
        "grossIncome": 794.8,
        "interestExpense": 41,
        "interestIncomeExpense": -42.9,
        "minorityInterest": 0.9,
        "netIncome": 230.9,
        "netIncomeAfterTaxes": 231.1,
        "otherOperatingExpensesTotal": -3.7,
        "period": "2024-06-30",
        "pretaxIncome": 255,
        "provisionforIncomeTaxes": 23.9,
        "revenue": 2050.6,
        "sgaExpense": 500.6,
        "totalOperatingExpense": 496.9
      },
      {
        "costOfGoodsSold": 1292.6,
        "dilutedAverageSharesOutstanding": 114.8,
        "dilutedEPS": 2.31,
        "ebit": 343.3,
        "grossIncome": 833.4,
        "interestExpense": 39.2,
        "interestIncomeExpense": -32.9,
        "minorityInterest": 0.9,
        "netIncome": 265,
        "netIncomeAfterTaxes": 265.3,
        "otherOperatingExpensesTotal": -11.3,
        "period": "2024-03-31",
        "pretaxIncome": 310.4,
        "provisionforIncomeTaxes": 45.1,
        "revenue": 2126,
        "sgaExpense": 501.4,
        "totalOperatingExpense": 490.1
      },
      {
        "costOfGoodsSold": 1257.5,
        "dilutedAverageSharesOutstanding": 115.2,
        "dilutedEPS": 1.86,
        "ebit": 284.8,
        "grossIncome": 794.6,
        "interestExpense": 33.3,
        "interestIncomeExpense": -25.2,
        "minorityInterest": 2.5,
        "netIncome": 214.2,
        "netIncomeAfterTaxes": 212.7,
        "otherOperatingExpensesTotal": -3.9,
        "period": "2023-12-31",
        "pretaxIncome": 259.6,
        "provisionforIncomeTaxes": 46.9,
        "revenue": 2052.1,
        "sgaExpense": 513.7,
        "totalOperatingExpense": 509.8
      },
      {
        "costOfGoodsSold": 1507.4,
        "dilutedAverageSharesOutstanding": 115.6,
        "dilutedEPS": 2.61,
        "ebit": 510.3,
        "grossIncome": 1055.5,
        "interestExpense": 31,
        "interestIncomeExpense": -35.4,
        "minorityInterest": 97.2,
        "netIncome": 301.6,
        "netIncomeAfterTaxes": 205.7,
        "nonRecurringItems": -157.5,
        "otherOperatingExpensesTotal": -6.4,
        "period": "2023-09-30",
        "pretaxIncome": 317.4,
        "provisionforIncomeTaxes": 111.7,
        "revenue": 2562.9,
        "sgaExpense": 551.6,
        "totalOperatingExpense": 545.2
      },
      {
        "costOfGoodsSold": 1323.3,
        "dilutedAverageSharesOutstanding": 115.6,
        "dilutedEPS": 3.45,
        "ebit": 419,
        "grossIncome": 915.4,
        "interestExpense": 34.4,
        "interestIncomeExpense": 52.8,
        "minorityInterest": 1.5,
        "netIncome": 398.5,
        "netIncomeAfterTaxes": 398.7,
        "otherOperatingExpensesTotal": -5,
        "period": "2023-06-30",
        "pretaxIncome": 471.8,
        "provisionforIncomeTaxes": 73.1,
        "revenue": 2238.7,
        "sgaExpense": 501.4,
        "totalOperatingExpense": 496.4
      },
      {
        "costOfGoodsSold": 1342.9,
        "dilutedAverageSharesOutstanding": 115.6,
        "dilutedEPS": 2.59,
        "ebit": 322.9,
        "grossIncome": 932.5,
        "interestExpense": 35.8,
        "interestIncomeExpense": 28.5,
        "minorityInterest": 5.4,
        "netIncome": 299,
        "netIncomeAfterTaxes": 294.9,
        "otherOperatingExpensesTotal": 108.4,
        "period": "2023-03-31",
        "pretaxIncome": 351.4,
        "provisionforIncomeTaxes": 56.5,
        "revenue": 2275.4,
        "sgaExpense": 501.2,
        "totalOperatingExpense": 609.6
      },
      {
        "costOfGoodsSold": 1167.4,
        "dilutedAverageSharesOutstanding": 115.5,
        "dilutedEPS": 3.31,
        "ebit": 360.1,
        "grossIncome": 813.6,
        "interestExpense": 34.1,
        "interestIncomeExpense": 107.8,
        "minorityInterest": 5.3,
        "netIncome": 382.5,
        "netIncomeAfterTaxes": 378.7,
        "otherOperatingExpensesTotal": -16,
        "period": "2022-12-31",
        "pretaxIncome": 467.9,
        "provisionforIncomeTaxes": 89.2,
        "revenue": 1981,
        "sgaExpense": 469.5,
        "totalOperatingExpense": 453.5
      },
      {
        "costOfGoodsSold": 1239.9,
        "dilutedAverageSharesOutstanding": 116.1,
        "dilutedEPS": 2.91,
        "ebit": 434.3,
        "grossIncome": 886.4,
        "interestExpense": 32.7,
        "interestIncomeExpense": -28.5,
        "minorityInterest": 2.9,
        "netIncome": 337.9,
        "netIncomeAfterTaxes": 336,
        "nonRecurringItems": 0,
        "otherOperatingExpensesTotal": 3.4,
        "period": "2022-09-30",
        "pretaxIncome": 405.8,
        "provisionforIncomeTaxes": 69.8,
        "revenue": 2126.3,
        "sgaExpense": 448.7,
        "totalOperatingExpense": 452.1
      },
      {
        "costOfGoodsSold": 1166.3,
        "dilutedAverageSharesOutstanding": 116.5,
        "dilutedEPS": 2.55,
        "ebit": 379.6,
        "grossIncome": 802.4,
        "interestExpense": 30.8,
        "interestIncomeExpense": -35.4,
        "minorityInterest": 3.1,
        "netIncome": 296.9,
        "netIncomeAfterTaxes": 294.8,
        "nonRecurringItems": 0,
        "otherOperatingExpensesTotal": -19.2,
        "period": "2022-06-30",
        "pretaxIncome": 344.2,
        "provisionforIncomeTaxes": 49.4,
        "revenue": 1968.7,
        "sgaExpense": 442,
        "totalOperatingExpense": 422.8
      },
      {
        "costOfGoodsSold": 1144,
        "dilutedAverageSharesOutstanding": 117.1,
        "dilutedEPS": 0.46,
        "ebit": 211.4,
        "grossIncome": 664.1,
        "interestExpense": 30.1,
        "interestIncomeExpense": -170.3,
        "minorityInterest": 4.5,
        "netIncome": 53.8,
        "netIncomeAfterTaxes": 49.4,
        "nonRecurringItems": 0,
        "otherOperatingExpensesTotal": 24.2,
        "period": "2022-03-31",
        "pretaxIncome": 41.1,
        "provisionforIncomeTaxes": -8.3,
        "revenue": 1808.1,
        "sgaExpense": 428.5,
        "totalOperatingExpense": 452.7
      },
      {
        "costOfGoodsSold": 1108.2,
        "dilutedAverageSharesOutstanding": 117.3,
        "dilutedEPS": 2.05,
        "ebit": 304,
        "grossIncome": 749.1,
        "interestExpense": 29.6,
        "interestIncomeExpense": -21.5,
        "minorityInterest": 2.6,
        "netIncome": 240.8,
        "netIncomeAfterTaxes": 238.9,
        "nonRecurringItems": 0,
        "otherOperatingExpensesTotal": -2.4,
        "period": "2021-12-31",
        "pretaxIncome": 282.5,
        "provisionforIncomeTaxes": 43.6,
        "revenue": 1857.3,
        "sgaExpense": 447.5,
        "totalOperatingExpense": 445.1
      },
      {
        "costOfGoodsSold": 1088.4,
        "dilutedAverageSharesOutstanding": 117.1,
        "dilutedEPS": 0.67,
        "ebit": 257.3,
        "grossIncome": 719.4,
        "interestExpense": 26.3,
        "interestIncomeExpense": -253,
        "minorityInterest": 3.9,
        "netIncome": 78.5,
        "netIncomeAfterTaxes": 74.6,
        "nonRecurringItems": 0,
        "otherOperatingExpensesTotal": 14.9,
        "period": "2021-09-30",
        "pretaxIncome": 4.3,
        "provisionforIncomeTaxes": -70.3,
        "revenue": 1807.8,
        "sgaExpense": 447.2,
        "totalOperatingExpense": 462.1
      },
      {
        "costOfGoodsSold": 1083.8,
        "dilutedAverageSharesOutstanding": 117,
        "dilutedEPS": 2.32,
        "ebit": 292.3,
        "grossIncome": 764.4,
        "interestExpense": 22.4,
        "interestIncomeExpense": 21.2,
        "minorityInterest": 2.3,
        "netIncome": 270.9,
        "netIncomeAfterTaxes": 269,
        "nonRecurringItems": 0,
        "otherOperatingExpensesTotal": 35.2,
        "period": "2021-06-30",
        "pretaxIncome": 313.5,
        "provisionforIncomeTaxes": 44.5,
        "revenue": 1848.2,
        "sgaExpense": 436.9,
        "totalOperatingExpense": 472.1
      },
      {
        "costOfGoodsSold": 1008.7,
        "dilutedAverageSharesOutstanding": 117.1,
        "dilutedEPS": 3.54,
        "ebit": 339.6,
        "grossIncome": 767.4,
        "interestExpense": 23.3,
        "interestIncomeExpense": 168.1,
        "minorityInterest": 4.7,
        "netIncome": 414.1,
        "netIncomeAfterTaxes": 410.3,
        "nonRecurringItems": 0,
        "otherOperatingExpensesTotal": 6.5,
        "period": "2021-03-31",
        "pretaxIncome": 507.7,
        "provisionforIncomeTaxes": 97.4,
        "revenue": 1776.1,
        "sgaExpense": 421.3,
        "totalOperatingExpense": 427.8
      },
      {
        "costOfGoodsSold": 918.8,
        "dilutedAverageSharesOutstanding": 117.1,
        "dilutedEPS": 5.06,
        "ebit": 262.6,
        "grossIncome": 646.5,
        "interestExpense": 22.6,
        "interestIncomeExpense": 368.1,
        "minorityInterest": 2.9,
        "netIncome": 592.6,
        "netIncomeAfterTaxes": 590.4,
        "nonRecurringItems": 70,
        "otherOperatingExpensesTotal": 9.3,
        "period": "2020-12-31",
        "pretaxIncome": 700.7,
        "provisionforIncomeTaxes": 110.3,
        "revenue": 1565.3,
        "sgaExpense": 374.6,
        "totalOperatingExpense": 383.9
      },
      {
        "costOfGoodsSold": 930.7,
        "dilutedAverageSharesOutstanding": 116.9,
        "dilutedEPS": 2.24,
        "ebit": 273.6,
        "grossIncome": 639.3,
        "interestExpense": 26.2,
        "interestIncomeExpense": 26,
        "minorityInterest": -1,
        "netIncome": 262.4,
        "netIncomeAfterTaxes": 263.7,
        "otherOperatingExpensesTotal": 11.3,
        "period": "2020-09-30",
        "pretaxIncome": 299.6,
        "provisionforIncomeTaxes": 35.9,
        "revenue": 1570,
        "sgaExpense": 354.4,
        "totalOperatingExpense": 365.7
      },
      {
        "costOfGoodsSold": 839.8,
        "dilutedAverageSharesOutstanding": 116.4,
        "dilutedEPS": 2.73,
        "ebit": 184.4,
        "grossIncome": 554.2,
        "interestExpense": 25.4,
        "interestIncomeExpense": 150.1,
        "minorityInterest": 3.6,
        "netIncome": 317.5,
        "netIncomeAfterTaxes": 314.2,
        "otherOperatingExpensesTotal": -0.4,
        "period": "2020-06-30",
        "pretaxIncome": 334.5,
        "provisionforIncomeTaxes": 20.3,
        "revenue": 1394,
        "sgaExpense": 370.2,
        "totalOperatingExpense": 369.8
      },
      {
        "costOfGoodsSold": 982.5,
        "dilutedAverageSharesOutstanding": 116.6,
        "dilutedEPS": 1.13,
        "ebit": 337.7,
        "grossIncome": 698.8,
        "interestExpense": 25.5,
        "interestIncomeExpense": -170.3,
        "minorityInterest": 2.3,
        "netIncome": 132.2,
        "netIncomeAfterTaxes": 129.9,
        "otherOperatingExpensesTotal": 9.1,
        "period": "2020-03-31",
        "pretaxIncome": 167.4,
        "provisionforIncomeTaxes": 37.5,
        "revenue": 1681.3,
        "sgaExpense": 352,
        "totalOperatingExpense": 361.1
      },
      {
        "costOfGoodsSold": 981.6,
        "dilutedAverageSharesOutstanding": 116.6,
        "dilutedEPS": 2.66,
        "ebit": 290,
        "grossIncome": 702.9,
        "interestExpense": 26.4,
        "interestIncomeExpense": 44.6,
        "minorityInterest": -4.7,
        "netIncome": 310.4,
        "netIncomeAfterTaxes": 315.4,
        "otherOperatingExpensesTotal": 9.7,
        "period": "2019-12-31",
        "pretaxIncome": 334.6,
        "provisionforIncomeTaxes": 19.2,
        "revenue": 1684.5,
        "sgaExpense": 403.2,
        "totalOperatingExpense": 412.9
      },
      {
        "costOfGoodsSold": 1007.3,
        "dilutedAverageSharesOutstanding": 117.2,
        "dilutedEPS": 0.07,
        "ebit": 83.4,
        "grossIncome": 722.9,
        "interestExpense": 27,
        "interestIncomeExpense": -27,
        "netIncome": 8.1,
        "netIncomeAfterTaxes": 8.1,
        "otherOperatingExpensesTotal": 234.4,
        "period": "2019-09-30",
        "pretaxIncome": 56.4,
        "provisionforIncomeTaxes": 48.3,
        "revenue": 1730.2,
        "sgaExpense": 405.1,
        "totalOperatingExpense": 639.5
      },
      {
        "costOfGoodsSold": 934.8,
        "dilutedAverageSharesOutstanding": 118.6,
        "dilutedEPS": 2.2,
        "ebit": 348.2,
        "grossIncome": 730.3,
        "interestExpense": 26.8,
        "interestIncomeExpense": -26.8,
        "netIncome": 261.1,
        "netIncomeAfterTaxes": 261.4,
        "otherOperatingExpensesTotal": 20.4,
        "period": "2019-06-30",
        "pretaxIncome": 321.4,
        "provisionforIncomeTaxes": 60,
        "revenue": 1665.1,
        "sgaExpense": 361.7,
        "totalOperatingExpense": 382.1
      },
      {
        "costOfGoodsSold": 949,
        "dilutedAverageSharesOutstanding": 120,
        "dilutedEPS": 2.88,
        "ebit": 426.1,
        "grossIncome": 708.2,
        "interestExpense": 23.7,
        "interestIncomeExpense": -23.7,
        "netIncome": 345.6,
        "netIncomeAfterTaxes": 346,
        "otherOperatingExpensesTotal": -102.9,
        "period": "2019-03-31",
        "pretaxIncome": 402.4,
        "provisionforIncomeTaxes": 56.4,
        "revenue": 1657.2,
        "sgaExpense": 385,
        "totalOperatingExpense": 282.1
      },
      {
        "costOfGoodsSold": 903.6,
        "dilutedAverageSharesOutstanding": 121.5,
        "dilutedEPS": 0.66,
        "ebit": 141.5,
        "grossIncome": 738.7,
        "interestExpense": 20.7,
        "interestIncomeExpense": -20.7,
        "netIncome": 80.2,
        "netIncomeAfterTaxes": 80.3,
        "otherOperatingExpensesTotal": 210.5,
        "period": "2018-12-31",
        "pretaxIncome": 120.8,
        "provisionforIncomeTaxes": 40.5,
        "revenue": 1642.3,
        "sgaExpense": 386.7,
        "totalOperatingExpense": 597.2
      },
      {
        "costOfGoodsSold": 993.4,
        "dilutedAverageSharesOutstanding": 123.3,
        "dilutedEPS": 2.8,
        "ebit": 500.9,
        "grossIncome": 736.1,
        "interestExpense": 19.2,
        "interestIncomeExpense": -19.2,
        "netIncome": 345.6,
        "netIncomeAfterTaxes": 400.5,
        "otherOperatingExpensesTotal": -179.9,
        "period": "2018-09-30",
        "pretaxIncome": 481.7,
        "provisionforIncomeTaxes": 81.2,
        "revenue": 1729.5,
        "sgaExpense": 415.1,
        "totalOperatingExpense": 235.2
      },
      {
        "costOfGoodsSold": 954,
        "dilutedAverageSharesOutstanding": 125.8,
        "dilutedEPS": 1.57,
        "ebit": 268.2,
        "grossIncome": 744.7,
        "interestExpense": 16.5,
        "interestIncomeExpense": -16.5,
        "netIncome": 198.5,
        "netIncomeAfterTaxes": 191.1,
        "otherOperatingExpensesTotal": 76.9,
        "period": "2018-06-30",
        "pretaxIncome": 251.7,
        "provisionforIncomeTaxes": 60.6,
        "revenue": 1698.7,
        "sgaExpense": 399.6,
        "totalOperatingExpense": 476.5
      },
      {
        "costOfGoodsSold": 947.3,
        "dilutedAverageSharesOutstanding": 128.5,
        "dilutedEPS": 1.76,
        "ebit": 316.9,
        "grossIncome": 703.9,
        "interestExpense": 17.3,
        "interestIncomeExpense": -17.3,
        "netIncome": 227.2,
        "netIncomeAfterTaxes": 238.9,
        "otherOperatingExpensesTotal": 0.4,
        "period": "2018-03-31",
        "pretaxIncome": 299.6,
        "provisionforIncomeTaxes": 60.7,
        "revenue": 1651.2,
        "sgaExpense": 386.6,
        "totalOperatingExpense": 387
      },
      {
        "costOfGoodsSold": 886.4,
        "dilutedAverageSharesOutstanding": 128.2,
        "dilutedEPS": -1.84,
        "ebit": 317.8,
        "grossIncome": 700.2,
        "interestExpense": 20,
        "interestIncomeExpense": -20,
        "netIncome": -236.2,
        "netIncomeAfterTaxes": 243.3,
        "otherOperatingExpensesTotal": -4.2,
        "period": "2017-12-31",
        "pretaxIncome": 297.8,
        "provisionforIncomeTaxes": 54.5,
        "revenue": 1586.6,
        "sgaExpense": 386.6,
        "totalOperatingExpense": 382.4
      },
      {
        "costOfGoodsSold": 976.1,
        "dilutedAverageSharesOutstanding": 129.6,
        "dilutedEPS": 1.58,
        "ebit": 293,
        "grossIncome": 691.4,
        "interestExpense": 19.5,
        "interestIncomeExpense": -19.5,
        "netIncome": 204.4,
        "netIncomeAfterTaxes": 204.6,
        "otherOperatingExpensesTotal": 6.8,
        "period": "2017-09-30",
        "pretaxIncome": 273.5,
        "provisionforIncomeTaxes": 68.9,
        "revenue": 1667.5,
        "sgaExpense": 391.6,
        "totalOperatingExpense": 398.4
      },
      {
        "costOfGoodsSold": 921.5,
        "dilutedAverageSharesOutstanding": 129.9,
        "dilutedEPS": 1.67,
        "ebit": 295.1,
        "grossIncome": 677.7,
        "interestExpense": 19.1,
        "interestIncomeExpense": -19.1,
        "netIncome": 216.6,
        "netIncomeAfterTaxes": 216.9,
        "otherOperatingExpensesTotal": -4.2,
        "period": "2017-06-30",
        "pretaxIncome": 276,
        "provisionforIncomeTaxes": 59.1,
        "revenue": 1599.2,
        "sgaExpense": 386.8,
        "totalOperatingExpense": 382.6
      },
      {
        "costOfGoodsSold": 897.8,
        "dilutedAverageSharesOutstanding": 130.3,
        "dilutedEPS": 1.45,
        "ebit": 249.2,
        "grossIncome": 656.5,
        "interestExpense": 18.9,
        "interestIncomeExpense": -18.9,
        "netIncome": 189.3,
        "netIncomeAfterTaxes": 189.5,
        "otherOperatingExpensesTotal": -1.9,
        "period": "2017-03-31",
        "pretaxIncome": 230.3,
        "provisionforIncomeTaxes": 40.8,
        "revenue": 1554.3,
        "sgaExpense": 409.2,
        "totalOperatingExpense": 407.3
      },
      {
        "costOfGoodsSold": 848,
        "dilutedAverageSharesOutstanding": 129.7,
        "dilutedEPS": 1.65,
        "ebit": 276.3,
        "grossIncome": 642.3,
        "interestExpense": 18.7,
        "interestIncomeExpense": -18.7,
        "netIncome": 214.5,
        "netIncomeAfterTaxes": 214.7,
        "otherOperatingExpensesTotal": -4,
        "period": "2016-12-31",
        "pretaxIncome": 257.6,
        "provisionforIncomeTaxes": 42.9,
        "revenue": 1490.3,
        "sgaExpense": 370,
        "totalOperatingExpense": 366
      },
      {
        "costOfGoodsSold": 886.7,
        "dilutedAverageSharesOutstanding": 129.6,
        "dilutedEPS": 1.43,
        "ebit": 255.1,
        "grossIncome": 651.9,
        "interestExpense": 18.2,
        "interestIncomeExpense": -18.2,
        "netIncome": 185.1,
        "netIncomeAfterTaxes": 185.2,
        "otherOperatingExpensesTotal": -5.3,
        "period": "2016-09-30",
        "pretaxIncome": 236.9,
        "provisionforIncomeTaxes": 51.7,
        "revenue": 1538.6,
        "sgaExpense": 402.1,
        "totalOperatingExpense": 396.8
      },
      {
        "costOfGoodsSold": 857.2,
        "dilutedAverageSharesOutstanding": 130.8,
        "dilutedEPS": 1.46,
        "ebit": 270.4,
        "grossIncome": 616.8,
        "interestExpense": 18.1,
        "interestIncomeExpense": -18.1,
        "netIncome": 190.8,
        "netIncomeAfterTaxes": 191,
        "otherOperatingExpensesTotal": -0.3,
        "period": "2016-06-30",
        "pretaxIncome": 252.3,
        "provisionforIncomeTaxes": 61.3,
        "revenue": 1474,
        "sgaExpense": 346.7,
        "totalOperatingExpense": 346.4
      },
      {
        "costOfGoodsSold": 846.2,
        "dilutedAverageSharesOutstanding": 131.3,
        "dilutedEPS": 1.28,
        "ebit": 234.6,
        "grossIncome": 594.1,
        "interestExpense": 17.6,
        "interestIncomeExpense": -17.6,
        "netIncome": 167.8,
        "netIncomeAfterTaxes": 168,
        "otherOperatingExpensesTotal": 0.8,
        "period": "2016-03-31",
        "pretaxIncome": 217,
        "provisionforIncomeTaxes": 49,
        "revenue": 1440.3,
        "sgaExpense": 358.7,
        "totalOperatingExpense": 359.5
      },
      {
        "costOfGoodsSold": 813.9,
        "dilutedAverageSharesOutstanding": 132.6,
        "dilutedEPS": 1.4,
        "ebit": 254.3,
        "grossIncome": 612.7,
        "interestExpense": 17.4,
        "interestIncomeExpense": -17.4,
        "netIncome": 185.3,
        "netIncomeAfterTaxes": 185.5,
        "otherOperatingExpensesTotal": -1.5,
        "period": "2015-12-31",
        "pretaxIncome": 236.9,
        "provisionforIncomeTaxes": 51.4,
        "revenue": 1426.6,
        "sgaExpense": 359.9,
        "totalOperatingExpense": 358.4
      },
      {
        "costOfGoodsSold": 943.3,
        "dilutedAverageSharesOutstanding": 134.067,
        "dilutedEPS": 1.5,
        "ebit": 295.6,
        "grossIncome": 664.2,
        "interestExpense": 16.7,
        "interestIncomeExpense": -16.7,
        "netIncome": 201.1,
        "netIncomeAfterTaxes": 201.3,
        "otherOperatingExpensesTotal": 7.9,
        "period": "2015-09-30",
        "pretaxIncome": 278.9,
        "provisionforIncomeTaxes": 77.6,
        "revenue": 1607.5,
        "sgaExpense": 360.7,
        "totalOperatingExpense": 368.6
      }
    ],
    "symbol": "ROK"
  }
}