{
  "symbol": "EG",
  "statement": "ic",
  "frequency": "quarterly",
  "timestamp": "2025-09-19T14:00:03.571513",
  "data": {
    "financials": [
      {
        "benefitsClaimsLossAdjustment": 2726,
        "dilutedAverageSharesOutstanding": 41.8,
        "dilutedEPS": 16.0766,
        "ebit": 848,
        "grossPremiumsEarned": 3964,
        "interestExpense": 38,
        "interestIncomeExpense": -33,
        "netIncome": 672,
        "netIncomeAfterTaxes": 680,
        "otherOperatingExpensesTotal": 1,
        "period": "2025-06-30",
        "pretaxIncome": 815,
        "provisionforIncomeTaxes": 135,
        "revenue": 4486,
        "sgaExpense": 911,
        "totalOperatingExpense": 3638
      },
      {
        "benefitsClaimsLossAdjustment": 3131,
        "dilutedAverageSharesOutstanding": 42.3,
        "dilutedEPS": 4.9173,
        "ebit": 288,
        "grossPremiumsEarned": 3779,
        "interestExpense": 38,
        "interestIncomeExpense": -40,
        "netIncome": 208,
        "netIncomeAfterTaxes": 209,
        "otherOperatingExpensesTotal": 1,
        "period": "2025-03-31",
        "pretaxIncome": 248,
        "provisionforIncomeTaxes": 39,
        "revenue": 4265,
        "sgaExpense": 845,
        "totalOperatingExpense": 3977
      },
      {
        "benefitsClaimsLossAdjustment": 4417,
        "dilutedAverageSharesOutstanding": 42.4,
        "dilutedEPS": -13.7972,
        "ebit": -712,
        "grossPremiumsEarned": 4094,
        "interestExpense": 37,
        "interestIncomeExpense": -35,
        "netIncome": -585,
        "netIncomeAfterTaxes": -593,
        "otherOperatingExpensesTotal": 1,
        "period": "2024-12-31",
        "pretaxIncome": -748,
        "provisionforIncomeTaxes": -155,
        "revenue": 4634,
        "sgaExpense": 928,
        "totalOperatingExpense": 5346,
        "totalOtherIncomeExpenseNet": -1
      },
      {
        "benefitsClaimsLossAdjustment": 2820,
        "dilutedAverageSharesOutstanding": 42.6,
        "dilutedEPS": 11.8075,
        "ebit": 610,
        "grossPremiumsEarned": 3816,
        "interestExpense": 38,
        "interestIncomeExpense": -33,
        "netIncome": 503,
        "netIncomeAfterTaxes": 509,
        "otherOperatingExpensesTotal": -1,
        "period": "2024-09-30",
        "pretaxIncome": 577,
        "provisionforIncomeTaxes": 68,
        "revenue": 4280,
        "sgaExpense": 851,
        "totalOperatingExpense": 3670
      },
      {
        "benefitsClaimsLossAdjustment": 2545,
        "dilutedAverageSharesOutstanding": 42.8,
        "dilutedEPS": 16.7056,
        "ebit": 874,
        "grossPremiumsEarned": 3716,
        "interestExpense": 37,
        "interestIncomeExpense": -42,
        "netIncome": 715,
        "netIncomeAfterTaxes": 724,
        "otherOperatingExpensesTotal": 1,
        "period": "2024-06-30",
        "pretaxIncome": 832,
        "provisionforIncomeTaxes": 108,
        "revenue": 4232,
        "sgaExpense": 812,
        "totalOperatingExpense": 3358
      },
      {
        "benefitsClaimsLossAdjustment": 2461,
        "dilutedAverageSharesOutstanding": 42.9,
        "dilutedEPS": 16.8998,
        "ebit": 870,
        "grossPremiumsEarned": 3683,
        "interestExpense": 37,
        "interestIncomeExpense": -39,
        "netIncome": 725,
        "netIncomeAfterTaxes": 733,
        "period": "2024-03-31",
        "pretaxIncome": 832,
        "provisionforIncomeTaxes": 99,
        "revenue": 4135,
        "sgaExpense": 804,
        "totalOperatingExpense": 3265,
        "totalOtherIncomeExpenseNet": 1
      },
      {
        "benefitsClaimsLossAdjustment": 2480,
        "dilutedAverageSharesOutstanding": 42.8,
        "dilutedEPS": 18.5748,
        "ebit": 305,
        "grossPremiumsEarned": 3503,
        "interestExpense": 35,
        "interestIncomeExpense": -32,
        "netIncome": 795,
        "netIncomeAfterTaxes": 803,
        "otherOperatingExpensesTotal": 0,
        "period": "2023-12-31",
        "pretaxIncome": 271,
        "provisionforIncomeTaxes": -532,
        "revenue": 3656,
        "sgaExpense": 871,
        "totalOperatingExpense": 3351,
        "totalOtherIncomeExpenseNet": -2
      },
      {
        "benefitsClaimsLossAdjustment": 2461,
        "dilutedAverageSharesOutstanding": 42.9,
        "dilutedEPS": 15.641,
        "ebit": 775,
        "grossPremiumsEarned": 3616,
        "interestExpense": 34,
        "interestIncomeExpense": -50,
        "netIncome": 671,
        "netIncomeAfterTaxes": 678,
        "period": "2023-09-30",
        "pretaxIncome": 725,
        "provisionforIncomeTaxes": 47,
        "revenue": 4007,
        "sgaExpense": 771,
        "totalOperatingExpense": 3232
      },
      {
        "benefitsClaimsLossAdjustment": 2165,
        "dilutedAverageSharesOutstanding": 40.7,
        "dilutedEPS": 16.27,
        "ebit": 774,
        "grossPremiumsEarned": 3289,
        "interestExpense": 33,
        "interestIncomeExpense": -25,
        "netIncome": 662,
        "netIncomeAfterTaxes": 670,
        "otherOperatingExpensesTotal": 1,
        "period": "2023-06-30",
        "pretaxIncome": 750,
        "provisionforIncomeTaxes": 80,
        "revenue": 3643,
        "sgaExpense": 703,
        "totalOperatingExpense": 2869,
        "totalOtherIncomeExpenseNet": 1
      },
      {
        "benefitsClaimsLossAdjustment": 2166,
        "dilutedAverageSharesOutstanding": 38.7,
        "dilutedEPS": 9.3,
        "ebit": 436,
        "grossPremiumsEarned": 3021,
        "interestExpense": 32,
        "interestIncomeExpense": -28,
        "netIncome": 360,
        "netIncomeAfterTaxes": 365,
        "period": "2023-03-31",
        "pretaxIncome": 408,
        "provisionforIncomeTaxes": 43,
        "revenue": 3282,
        "sgaExpense": 680,
        "totalOperatingExpense": 2846
      },
      {
        "benefitsClaimsLossAdjustment": 1993,
        "dilutedAverageSharesOutstanding": 39.6,
        "dilutedEPS": 12.35,
        "ebit": 593,
        "grossPremiumsEarned": 2981,
        "interestExpense": 27,
        "interestIncomeExpense": -25,
        "netIncome": 489,
        "netIncomeAfterTaxes": 496,
        "period": "2022-12-31",
        "pretaxIncome": 568,
        "provisionforIncomeTaxes": 72,
        "revenue": 3253,
        "sgaExpense": 667,
        "totalOperatingExpense": 2660
      },
      {
        "benefitsClaimsLossAdjustment": 2792,
        "dilutedAverageSharesOutstanding": 38.8,
        "dilutedEPS": -8.22,
        "ebit": -240,
        "grossPremiumsEarned": 3051,
        "interestExpense": 25,
        "interestIncomeExpense": -161,
        "netIncome": -319,
        "netIncomeAfterTaxes": -319,
        "period": "2022-09-30",
        "pretaxIncome": -401,
        "provisionforIncomeTaxes": -82,
        "revenue": 3209,
        "sgaExpense": 657,
        "totalOperatingExpense": 3449
      },
      {
        "benefitsClaimsLossAdjustment": 2045.8,
        "dilutedAverageSharesOutstanding": 38.9,
        "dilutedEPS": 3.11,
        "ebit": 332.4,
        "grossPremiumsEarned": 2844.9,
        "interestExpense": 24.398,
        "interestIncomeExpense": -213.3,
        "netIncome": 121.1,
        "netIncomeAfterTaxes": 122.6,
        "period": "2022-06-30",
        "pretaxIncome": 119.1,
        "provisionforIncomeTaxes": -3.5,
        "revenue": 3023.5,
        "sgaExpense": 645.3,
        "totalOperatingExpense": 2691.1
      },
      {
        "benefitsClaimsLossAdjustment": 1951.2,
        "dilutedAverageSharesOutstanding": 38.9,
        "dilutedEPS": 7.56,
        "ebit": 462.8,
        "grossPremiumsEarned": 2807.1,
        "interestExpense": 24.078,
        "interestIncomeExpense": -160.9,
        "netIncome": 293.8,
        "netIncomeAfterTaxes": 297.8,
        "period": "2022-03-31",
        "pretaxIncome": 301.8,
        "provisionforIncomeTaxes": 4.1,
        "revenue": 3033.2,
        "sgaExpense": 619.2,
        "totalOperatingExpense": 2570.4
      },
      {
        "benefitsClaimsLossAdjustment": 1977.8,
        "dilutedAverageSharesOutstanding": 38.8,
        "dilutedEPS": 10.95,
        "ebit": 523.4,
        "grossPremiumsEarned": 2796.6,
        "interestExpense": 23.364,
        "interestIncomeExpense": -23.4,
        "netIncome": 425.1,
        "netIncomeAfterTaxes": 430.7,
        "period": "2021-12-31",
        "pretaxIncome": 500.1,
        "provisionforIncomeTaxes": 69.4,
        "revenue": 3120.4,
        "sgaExpense": 619.1,
        "totalOperatingExpense": 2596.9
      },
      {
        "benefitsClaimsLossAdjustment": 2415.5,
        "dilutedAverageSharesOutstanding": 39.2,
        "dilutedEPS": -1.88,
        "ebit": -72.2,
        "grossPremiumsEarned": 2636.9,
        "interestExpense": 15.539,
        "interestIncomeExpense": -15.5,
        "netIncome": -73.5,
        "netIncomeAfterTaxes": -73.5,
        "period": "2021-09-30",
        "pretaxIncome": -87.7,
        "provisionforIncomeTaxes": -14.3,
        "revenue": 2925.4,
        "sgaExpense": 582.2,
        "totalOperatingExpense": 2997.6
      },
      {
        "benefitsClaimsLossAdjustment": 1727,
        "dilutedAverageSharesOutstanding": 40,
        "dilutedEPS": 16.79,
        "ebit": 775.8,
        "grossPremiumsEarned": 2565.5,
        "interestExpense": 15.607,
        "interestIncomeExpense": -15.6,
        "netIncome": 671.6,
        "netIncomeAfterTaxes": 680,
        "period": "2021-06-30",
        "pretaxIncome": 760.2,
        "provisionforIncomeTaxes": 80.2,
        "revenue": 3076.7,
        "sgaExpense": 573.9,
        "totalOperatingExpense": 2300.9
      },
      {
        "benefitsClaimsLossAdjustment": 1853.7,
        "dilutedAverageSharesOutstanding": 39.6,
        "dilutedEPS": 8.53,
        "ebit": 388.7,
        "grossPremiumsEarned": 2444.5,
        "interestExpense": 15.639,
        "interestIncomeExpense": -15.6,
        "netIncome": 337.6,
        "netIncomeAfterTaxes": 341.9,
        "period": "2021-03-31",
        "pretaxIncome": 373.1,
        "provisionforIncomeTaxes": 31.2,
        "revenue": 2743.8,
        "sgaExpense": 501.4,
        "totalOperatingExpense": 2355
      },
      {
        "benefitsClaimsLossAdjustment": 2026,
        "dilutedAverageSharesOutstanding": 39.6,
        "dilutedEPS": 1.58,
        "ebit": 210.3,
        "grossPremiumsEarned": 2354.6,
        "interestExpense": 14.846,
        "interestIncomeExpense": -14.8,
        "netIncome": 62.9,
        "netIncomeAfterTaxes": 62.1,
        "nonRecurringItems": -76.1,
        "period": "2020-12-31",
        "pretaxIncome": 119.4,
        "provisionforIncomeTaxes": 57.3,
        "revenue": 2761.4,
        "sgaExpense": 525,
        "totalOperatingExpense": 2551.1
      },
      {
        "benefitsClaimsLossAdjustment": 1750.1,
        "dilutedAverageSharesOutstanding": 39.6,
        "dilutedEPS": 6.07,
        "ebit": 404,
        "grossPremiumsEarned": 2263.3,
        "interestExpense": 6.641,
        "interestIncomeExpense": -6.6,
        "netIncome": 240.1,
        "netIncomeAfterTaxes": 243.1,
        "nonRecurringItems": -124.9,
        "period": "2020-09-30",
        "pretaxIncome": 272.5,
        "provisionforIncomeTaxes": 29.5,
        "revenue": 2610.2,
        "sgaExpense": 456,
        "totalOperatingExpense": 2206.1
      },
      {
        "benefitsClaimsLossAdjustment": 1365.2,
        "dilutedAverageSharesOutstanding": 40.1,
        "dilutedEPS": 4.69,
        "ebit": 404.3,
        "grossPremiumsEarned": 2009.9,
        "interestExpense": 7.253,
        "interestIncomeExpense": -7.3,
        "netIncome": 188.3,
        "netIncomeAfterTaxes": 190.9,
        "nonRecurringItems": -160,
        "period": "2020-06-30",
        "pretaxIncome": 237.1,
        "provisionforIncomeTaxes": 46.2,
        "revenue": 2244.5,
        "sgaExpense": 475,
        "totalOperatingExpense": 1840.2
      },
      {
        "benefitsClaimsLossAdjustment": 1409.7,
        "dilutedAverageSharesOutstanding": 39.7,
        "dilutedEPS": 0.41,
        "ebit": 114,
        "grossPremiumsEarned": 2060.2,
        "interestExpense": 7.583,
        "interestIncomeExpense": -7.6,
        "netIncome": 16.5,
        "netIncomeAfterTaxes": -14.4,
        "nonRecurringItems": -150,
        "period": "2020-03-31",
        "pretaxIncome": -43.6,
        "provisionforIncomeTaxes": -29.2,
        "revenue": 1982,
        "sgaExpense": 458.4,
        "totalOperatingExpense": 1868.1
      },
      {
        "benefitsClaimsLossAdjustment": 1526.7,
        "dilutedAverageSharesOutstanding": 40.4,
        "dilutedEPS": 5.32,
        "ebit": 232.3,
        "grossPremiumsEarned": 1989.6,
        "interestExpense": 7.721,
        "interestIncomeExpense": -7.7,
        "netIncome": 215,
        "netIncomeAfterTaxes": 217.6,
        "nonRecurringItems": -5.5,
        "period": "2019-12-31",
        "pretaxIncome": 219.1,
        "provisionforIncomeTaxes": 1.4,
        "revenue": 2219.6,
        "sgaExpense": 460.6,
        "totalOperatingExpense": 1987.3
      },
      {
        "benefitsClaimsLossAdjustment": 1490.1,
        "dilutedAverageSharesOutstanding": 40.4,
        "dilutedEPS": 2.56,
        "ebit": 108.2,
        "grossPremiumsEarned": 1874.6,
        "interestExpense": 7.907,
        "interestIncomeExpense": -7.9,
        "netIncome": 103.3,
        "netIncomeAfterTaxes": 104.4,
        "nonRecurringItems": -7.3,
        "period": "2019-09-30",
        "pretaxIncome": 93,
        "provisionforIncomeTaxes": -11.4,
        "revenue": 2049.8,
        "sgaExpense": 451.5,
        "totalOperatingExpense": 1941.6
      },
      {
        "benefitsClaimsLossAdjustment": 1199.5,
        "dilutedAverageSharesOutstanding": 40.4,
        "dilutedEPS": 8.15,
        "ebit": 386,
        "grossPremiumsEarned": 1799.1,
        "interestExpense": 8.434,
        "interestIncomeExpense": -8.4,
        "netIncome": 329.1,
        "netIncomeAfterTaxes": 332.9,
        "nonRecurringItems": -5.2,
        "period": "2019-06-30",
        "pretaxIncome": 372.3,
        "provisionforIncomeTaxes": 39.5,
        "revenue": 2013.9,
        "sgaExpense": 428.5,
        "totalOperatingExpense": 1627.9
      },
      {
        "benefitsClaimsLossAdjustment": 1147.5,
        "dilutedAverageSharesOutstanding": 40.4,
        "dilutedEPS": 8.68,
        "ebit": 425.1,
        "grossPremiumsEarned": 1729.4,
        "interestExpense": 7.631,
        "interestIncomeExpense": -7.6,
        "netIncome": 350.8,
        "netIncomeAfterTaxes": 354.6,
        "nonRecurringItems": -2.9,
        "period": "2019-03-31",
        "pretaxIncome": 414.5,
        "provisionforIncomeTaxes": 60,
        "revenue": 1968.8,
        "sgaExpense": 396.1,
        "totalOperatingExpense": 1543.7
      },
      {
        "benefitsClaimsLossAdjustment": 2085.3,
        "dilutedAverageSharesOutstanding": 40.2,
        "dilutedEPS": -9.48,
        "ebit": -694.1,
        "grossPremiumsEarned": 1829.2,
        "interestExpense": 7.984,
        "interestIncomeExpense": -8,
        "netIncome": -381.2,
        "netIncomeAfterTaxes": -385.3,
        "nonRecurringItems": -3.3,
        "period": "2018-12-31",
        "pretaxIncome": -705.4,
        "provisionforIncomeTaxes": -320.1,
        "revenue": 1794.9,
        "sgaExpense": 403.7,
        "totalOperatingExpense": 2489
      },
      {
        "benefitsClaimsLossAdjustment": 1349.8,
        "dilutedAverageSharesOutstanding": 40.5,
        "dilutedEPS": 4.84,
        "ebit": 201.2,
        "grossPremiumsEarned": 1718.1,
        "interestExpense": 7.901,
        "interestIncomeExpense": -7.9,
        "netIncome": 196.4,
        "netIncomeAfterTaxes": 198.4,
        "nonRecurringItems": -3.8,
        "period": "2018-09-30",
        "pretaxIncome": 189.5,
        "provisionforIncomeTaxes": -8.9,
        "revenue": 1940.3,
        "sgaExpense": 389.3,
        "totalOperatingExpense": 1739.1
      },
      {
        "benefitsClaimsLossAdjustment": 1434.4,
        "dilutedAverageSharesOutstanding": 40.9,
        "dilutedEPS": 1.58,
        "ebit": 64.8,
        "grossPremiumsEarned": 1728.2,
        "interestExpense": 7.728,
        "interestIncomeExpense": -7.7,
        "netIncome": 65,
        "netIncomeAfterTaxes": 65.7,
        "nonRecurringItems": -0.9,
        "period": "2018-06-30",
        "pretaxIncome": 56.1,
        "provisionforIncomeTaxes": -9.5,
        "revenue": 1889.2,
        "sgaExpense": 390,
        "totalOperatingExpense": 1824.4
      },
      {
        "benefitsClaimsLossAdjustment": 1153.5,
        "dilutedAverageSharesOutstanding": 40.7,
        "dilutedEPS": 5.11,
        "ebit": 225.2,
        "grossPremiumsEarned": 1631.5,
        "interestExpense": 7.418,
        "interestIncomeExpense": -7.4,
        "netIncome": 208.1,
        "netIncomeAfterTaxes": 210.3,
        "nonRecurringItems": -0.1,
        "period": "2018-03-31",
        "pretaxIncome": 217.6,
        "provisionforIncomeTaxes": 7.3,
        "revenue": 1745.2,
        "sgaExpense": 366.6,
        "totalOperatingExpense": 1520.1
      },
      {
        "benefitsClaimsLossAdjustment": 771.4,
        "dilutedAverageSharesOutstanding": 41.6,
        "dilutedEPS": 13.61,
        "ebit": 704.5,
        "grossPremiumsEarned": 1680.9,
        "interestExpense": 7.314,
        "interestIncomeExpense": -7.3,
        "netIncome": 566.2,
        "netIncomeAfterTaxes": 579.3,
        "nonRecurringItems": -1.9,
        "period": "2017-12-31",
        "pretaxIncome": 695.3,
        "provisionforIncomeTaxes": 116,
        "revenue": 1869.1,
        "sgaExpense": 393.2,
        "totalOperatingExpense": 1164.6
      },
      {
        "benefitsClaimsLossAdjustment": 2283.2,
        "dilutedAverageSharesOutstanding": 40.6,
        "dilutedEPS": -15.73,
        "ebit": -895.3,
        "grossPremiumsEarned": 1544.3,
        "interestExpense": 7.266,
        "interestIncomeExpense": -7.3,
        "netIncome": -639.4,
        "netIncomeAfterTaxes": -639.4,
        "nonRecurringItems": -1.5,
        "period": "2017-09-30",
        "pretaxIncome": -904.1,
        "provisionforIncomeTaxes": -264.7,
        "revenue": 1727,
        "sgaExpense": 339,
        "totalOperatingExpense": 2622.3
      },
      {
        "benefitsClaimsLossAdjustment": 940.1,
        "dilutedAverageSharesOutstanding": 40.9,
        "dilutedEPS": 6.08,
        "ebit": 286.1,
        "grossPremiumsEarned": 1370.1,
        "interestExpense": 8.059,
        "interestIncomeExpense": -8.1,
        "netIncome": 248.8,
        "netIncomeAfterTaxes": 245.7,
        "nonRecurringItems": -2.5,
        "period": "2017-06-30",
        "pretaxIncome": 275.5,
        "provisionforIncomeTaxes": 29.9,
        "revenue": 1533.1,
        "sgaExpense": 306.9,
        "totalOperatingExpense": 1247
      },
      {
        "benefitsClaimsLossAdjustment": 846.7,
        "dilutedAverageSharesOutstanding": 40.8,
        "dilutedEPS": 7.07,
        "ebit": 348.6,
        "grossPremiumsEarned": 1307.1,
        "interestExpense": 8.964,
        "interestIncomeExpense": -9,
        "netIncome": 288.5,
        "netIncomeAfterTaxes": 291.6,
        "nonRecurringItems": -1.2,
        "period": "2017-03-31",
        "pretaxIncome": 338.4,
        "provisionforIncomeTaxes": 46.8,
        "revenue": 1486,
        "sgaExpense": 290.7,
        "totalOperatingExpense": 1137.4
      },
      {
        "benefitsClaimsLossAdjustment": 874.9,
        "dilutedAverageSharesOutstanding": 40.7,
        "dilutedEPS": 9.08,
        "ebit": 425.1,
        "grossPremiumsEarned": 1451.6,
        "interestExpense": 9.034,
        "interestIncomeExpense": -9,
        "netIncome": 369.6,
        "netIncomeAfterTaxes": 373.6,
        "nonRecurringItems": -0.5,
        "period": "2016-12-31",
        "pretaxIncome": 415.6,
        "provisionforIncomeTaxes": 42,
        "revenue": 1614.4,
        "sgaExpense": 314.5,
        "totalOperatingExpense": 1189.3
      },
      {
        "benefitsClaimsLossAdjustment": 864.7,
        "dilutedAverageSharesOutstanding": 41.4,
        "dilutedEPS": 7.06,
        "ebit": 330.7,
        "grossPremiumsEarned": 1380.9,
        "interestExpense": 8.893,
        "interestIncomeExpense": -8.9,
        "netIncome": 292.2,
        "netIncomeAfterTaxes": 295.4,
        "nonRecurringItems": -0.9,
        "period": "2016-09-30",
        "pretaxIncome": 320.9,
        "provisionforIncomeTaxes": 25.5,
        "revenue": 1511.3,
        "sgaExpense": 315.9,
        "totalOperatingExpense": 1180.6
      },
      {
        "benefitsClaimsLossAdjustment": 929.9,
        "dilutedAverageSharesOutstanding": 41.3,
        "dilutedEPS": 3.73,
        "ebit": 196.9,
        "grossPremiumsEarned": 1260.5,
        "interestExpense": 9.073,
        "interestIncomeExpense": -9.1,
        "netIncome": 154.1,
        "netIncomeAfterTaxes": 155.7,
        "nonRecurringItems": -1.5,
        "period": "2016-06-30",
        "pretaxIncome": 186.3,
        "provisionforIncomeTaxes": 30.6,
        "revenue": 1429.4,
        "sgaExpense": 302.6,
        "totalOperatingExpense": 1232.5
      },
      {
        "benefitsClaimsLossAdjustment": 772.9,
        "dilutedAverageSharesOutstanding": 42.5,
        "dilutedEPS": 4,
        "ebit": 215.1,
        "grossPremiumsEarned": 1216.8,
        "interestExpense": 9.228,
        "interestIncomeExpense": -9.2,
        "netIncome": 169.9,
        "netIncomeAfterTaxes": 171.7,
        "nonRecurringItems": -28.8,
        "period": "2016-03-31",
        "pretaxIncome": 177.1,
        "provisionforIncomeTaxes": 5.4,
        "revenue": 1270.8,
        "sgaExpense": 282.9,
        "totalOperatingExpense": 1055.7
      },
      {
        "benefitsClaimsLossAdjustment": 771.4,
        "dilutedAverageSharesOutstanding": 42.6,
        "dilutedEPS": 8.3,
        "ebit": 504.2,
        "grossPremiumsEarned": 1429.2,
        "interestExpense": 9.185,
        "interestIncomeExpense": -9.2,
        "minorityInterest": -35.1,
        "netIncome": 353.6,
        "netIncomeAfterTaxes": 392.4,
        "nonRecurringItems": -39.5,
        "period": "2015-12-31",
        "pretaxIncome": 455.5,
        "provisionforIncomeTaxes": 63.2,
        "revenue": 1601.5,
        "sgaExpense": 325.8,
        "totalOperatingExpense": 1097.2
      },
      {
        "benefitsClaimsLossAdjustment": 958.8,
        "dilutedAverageSharesOutstanding": 43.8,
        "dilutedEPS": 2,
        "ebit": 130.8,
        "grossPremiumsEarned": 1431.1,
        "interestExpense": 8.99,
        "interestIncomeExpense": -9,
        "minorityInterest": -19,
        "netIncome": 87.7,
        "netIncomeAfterTaxes": 107.6,
        "nonRecurringItems": -20.4,
        "period": "2015-09-30",
        "pretaxIncome": 101.4,
        "provisionforIncomeTaxes": -6.1,
        "revenue": 1395.6,
        "sgaExpense": 306,
        "totalOperatingExpense": 1264.8
      }
    ],
    "symbol": "EG"
  }
}