{
  "symbol": "RJF",
  "statement": "ic",
  "frequency": "annual",
  "timestamp": "2025-09-19T14:06:02.962578",
  "data": {
    "financials": [
      {
        "costOfGoodsSold": 2430,
        "depreciationAmortization": 179,
        "dilutedAverageSharesOutstanding": 212.3,
        "dilutedEPS": 9.6985,
        "ebit": 2706,
        "grossIncome": 12493,
        "netIncome": 2059,
        "netIncomeAfterTaxes": 2068,
        "nonRecurringItems": -63,
        "otherOperatingExpensesTotal": 359,
        "period": "2024-09-30",
        "pretaxIncome": 2643,
        "provisionforIncomeTaxes": 575,
        "revenue": 14923,
        "sgaExpense": 9249,
        "totalOperatingExpense": 9787,
        "year": 2024
      },
      {
        "costOfGoodsSold": 1666,
        "depreciationAmortization": 120,
        "dilutedAverageSharesOutstanding": 216.9,
        "dilutedEPS": 7.9668,
        "ebit": 2408,
        "grossIncome": 11326,
        "netIncome": 1728,
        "netIncomeAfterTaxes": 1739,
        "nonRecurringItems": -128,
        "otherOperatingExpensesTotal": 587,
        "period": "2023-09-30",
        "pretaxIncome": 2280,
        "provisionforIncomeTaxes": 541,
        "revenue": 12992,
        "sgaExpense": 8211,
        "totalOperatingExpense": 8918,
        "year": 2023
      },
      {
        "costOfGoodsSold": 576,
        "depreciationAmortization": 112,
        "dilutedAverageSharesOutstanding": 215.3,
        "dilutedEPS": 6.9763,
        "ebit": 2169,
        "grossIncome": 10732,
        "netIncome": 1502,
        "netIncomeAfterTaxes": 1509,
        "nonRecurringItems": -147,
        "otherOperatingExpensesTotal": 350,
        "period": "2022-09-30",
        "pretaxIncome": 2022,
        "provisionforIncomeTaxes": 513,
        "revenue": 11308,
        "sgaExpense": 8101,
        "totalOperatingExpense": 8563,
        "year": 2022
      },
      {
        "costOfGoodsSold": 392,
        "depreciationAmortization": 113,
        "dilutedAverageSharesOutstanding": 211.2,
        "dilutedEPS": 6.643,
        "ebit": 1908,
        "grossIncome": 9518,
        "netIncome": 1403,
        "netIncomeAfterTaxes": 1403,
        "nonRecurringItems": -117,
        "otherOperatingExpensesTotal": 255,
        "period": "2021-09-30",
        "pretaxIncome": 1791,
        "provisionforIncomeTaxes": 388,
        "revenue": 9910,
        "sgaExpense": 7242,
        "totalOperatingExpense": 7610,
        "year": 2021
      },
      {
        "costOfGoodsSold": 370,
        "depreciationAmortization": 52,
        "dilutedAverageSharesOutstanding": 140.2,
        "dilutedEPS": 5.83,
        "ebit": 1338,
        "grossIncome": 7798,
        "netIncome": 817,
        "netIncomeAfterTaxes": 818,
        "nonRecurringItems": -286,
        "otherOperatingExpensesTotal": 243,
        "period": "2020-09-30",
        "pretaxIncome": 1052,
        "provisionforIncomeTaxes": 234,
        "revenue": 8168,
        "sgaExpense": 6165,
        "totalOperatingExpense": 6460,
        "year": 2020
      },
      {
        "costOfGoodsSold": 462,
        "dilutedAverageSharesOutstanding": 144,
        "dilutedEPS": 7.17,
        "ebit": 1385,
        "grossIncome": 7561,
        "interestIncomeExpense": 5,
        "netIncome": 1032,
        "netIncomeAfterTaxes": 1034,
        "nonRecurringItems": -15,
        "otherOperatingExpensesTotal": 299,
        "period": "2019-09-30",
        "pretaxIncome": 1375,
        "provisionforIncomeTaxes": 341,
        "revenue": 8023,
        "sgaExpense": 5877,
        "totalOperatingExpense": 6176,
        "year": 2019
      },
      {
        "costOfGoodsSold": 368,
        "dilutedAverageSharesOutstanding": 148.8,
        "dilutedEPS": 5.75,
        "ebit": 1307,
        "grossIncome": 7108,
        "interestIncomeExpense": 8,
        "netIncome": 856,
        "netIncomeAfterTaxes": 962,
        "nonRecurringItems": -4,
        "otherOperatingExpensesTotal": 263,
        "period": "2018-09-30",
        "pretaxIncome": 1311,
        "provisionforIncomeTaxes": 349,
        "revenue": 7476,
        "sgaExpense": 5538,
        "totalOperatingExpense": 5801,
        "year": 2018
      },
      {
        "costOfGoodsSold": 281,
        "dilutedAverageSharesOutstanding": 146.6,
        "dilutedEPS": 4.33,
        "ebit": 997.4,
        "grossIncome": 6243.9,
        "interestIncomeExpense": -8,
        "minorityInterest": -2.6,
        "netIncome": 634.9,
        "netIncomeAfterTaxes": 638.9,
        "nonRecurringItems": -61.4,
        "otherOperatingExpensesTotal": 367.1,
        "period": "2017-09-30",
        "pretaxIncome": 928,
        "provisionforIncomeTaxes": 289.1,
        "revenue": 6524.9,
        "sgaExpense": 4879.4,
        "totalOperatingExpense": 5246.5,
        "year": 2017
      },
      {
        "costOfGoodsSold": 218.7,
        "dilutedAverageSharesOutstanding": 144.5,
        "dilutedEPS": 3.65,
        "ebit": 850.1,
        "grossIncome": 5302.4,
        "interestIncomeExpense": 2.5,
        "minorityInterest": -11.3,
        "netIncome": 528.1,
        "netIncomeAfterTaxes": 540.7,
        "nonRecurringItems": -40.7,
        "otherOperatingExpensesTotal": 229.5,
        "period": "2016-09-30",
        "pretaxIncome": 811.9,
        "provisionforIncomeTaxes": 271.3,
        "revenue": 5521.1,
        "sgaExpense": 4222.7,
        "totalOperatingExpense": 4452.3,
        "year": 2016
      },
      {
        "costOfGoodsSold": 210.3,
        "dilutedAverageSharesOutstanding": 145.9,
        "dilutedEPS": 3.43,
        "ebit": 776.7,
        "grossIncome": 5097.9,
        "minorityInterest": 21.5,
        "netIncome": 500.5,
        "netIncomeAfterTaxes": 480.7,
        "nonRecurringItems": 0,
        "otherOperatingExpensesTotal": 207.2,
        "period": "2015-09-30",
        "pretaxIncome": 776.7,
        "provisionforIncomeTaxes": 296,
        "revenue": 5308.2,
        "sgaExpense": 4114,
        "totalOperatingExpense": 4321.2,
        "year": 2015
      }
    ],
    "symbol": "RJF"
  }
}