{
  "symbol": "LII",
  "statement": "ic",
  "frequency": "annual",
  "timestamp": "2025-09-19T14:03:10.092273",
  "data": {
    "financials": [
      {
        "costOfGoodsSold": 3569.4,
        "dilutedAverageSharesOutstanding": 35.8,
        "dilutedEPS": 22.5391,
        "ebit": 1040.8,
        "grossIncome": 1771.9,
        "interestExpense": 44.1,
        "interestIncomeExpense": -38.5,
        "netIncome": 806.9,
        "netIncomeAfterTaxes": 806.9,
        "nonRecurringItems": -6.6,
        "otherOperatingExpensesTotal": 0.5,
        "period": "2024-12-31",
        "pretaxIncome": 993.8,
        "provisionforIncomeTaxes": 186.9,
        "researchDevelopment": 93.6,
        "revenue": 5341.3,
        "sgaExpense": 637,
        "totalOperatingExpense": 731.1,
        "totalOtherIncomeExpenseNet": -1.9,
        "year": 2024
      },
      {
        "costOfGoodsSold": 3434.1,
        "dilutedAverageSharesOutstanding": 35.7,
        "dilutedEPS": 16.5294,
        "ebit": 806.3,
        "grossIncome": 1547.8,
        "interestExpense": 56,
        "interestIncomeExpense": -38.9,
        "netIncome": 590.1,
        "netIncomeAfterTaxes": 590.1,
        "nonRecurringItems": -29.8,
        "otherOperatingExpensesTotal": 36,
        "period": "2023-12-31",
        "pretaxIncome": 737.5,
        "provisionforIncomeTaxes": 147.4,
        "researchDevelopment": 94,
        "revenue": 4981.9,
        "sgaExpense": 611.5,
        "totalOperatingExpense": 741.5,
        "totalOtherIncomeExpenseNet": -0.1,
        "year": 2023
      },
      {
        "costOfGoodsSold": 3433.7,
        "dilutedAverageSharesOutstanding": 35.8,
        "dilutedEPS": 13.89,
        "ebit": 651.6,
        "grossIncome": 1284.7,
        "interestExpense": 39.8,
        "interestIncomeExpense": -32.8,
        "netIncome": 497.1,
        "netIncomeAfterTaxes": 497.1,
        "nonRecurringItems": -1.1,
        "otherOperatingExpensesTotal": 5.9,
        "period": "2022-12-31",
        "pretaxIncome": 615.8,
        "provisionforIncomeTaxes": 118.7,
        "researchDevelopment": 80.3,
        "revenue": 4718.4,
        "sgaExpense": 546.9,
        "totalOperatingExpense": 633.1,
        "totalOtherIncomeExpenseNet": -1.9,
        "year": 2022
      },
      {
        "costOfGoodsSold": 3005.7,
        "dilutedAverageSharesOutstanding": 37.5,
        "dilutedEPS": 12.37,
        "ebit": 585.6,
        "grossIncome": 1188.4,
        "interestExpense": 26,
        "interestIncomeExpense": -9.8,
        "netIncome": 464,
        "netIncomeAfterTaxes": 464,
        "nonRecurringItems": -11.7,
        "otherOperatingExpensesTotal": 3.9,
        "period": "2021-12-31",
        "pretaxIncome": 560.1,
        "provisionforIncomeTaxes": 96.1,
        "researchDevelopment": 76.1,
        "revenue": 4194.1,
        "sgaExpense": 522.8,
        "totalOperatingExpense": 602.8,
        "totalOtherIncomeExpenseNet": -4,
        "year": 2021
      },
      {
        "costOfGoodsSold": 2594,
        "dilutedAverageSharesOutstanding": 38.6,
        "dilutedEPS": 9.25,
        "ebit": 487.8,
        "grossIncome": 1040.1,
        "interestExpense": 29.7,
        "interestIncomeExpense": -8.9,
        "netIncome": 356.3,
        "netIncomeAfterTaxes": 357.1,
        "nonRecurringItems": -29.3,
        "otherOperatingExpensesTotal": -3.6,
        "period": "2020-12-31",
        "pretaxIncome": 445.2,
        "provisionforIncomeTaxes": 88.1,
        "researchDevelopment": 66.8,
        "revenue": 3634.1,
        "sgaExpense": 489.1,
        "totalOperatingExpense": 552.3,
        "totalOtherIncomeExpenseNet": -4.4,
        "year": 2020
      },
      {
        "costOfGoodsSold": 2727.4,
        "dilutedAverageSharesOutstanding": 39.4,
        "dilutedEPS": 10.38,
        "ebit": 488.1,
        "grossIncome": 1079.8,
        "interestExpense": 48.6,
        "interestIncomeExpense": -32.5,
        "netIncome": 408.7,
        "netIncomeAfterTaxes": 408.8,
        "nonRecurringItems": 54.6,
        "otherOperatingExpensesTotal": 5.8,
        "period": "2019-12-31",
        "pretaxIncome": 507.9,
        "provisionforIncomeTaxes": 99.1,
        "researchDevelopment": 69.9,
        "revenue": 3807.2,
        "sgaExpense": 516,
        "totalOperatingExpense": 591.7,
        "totalOtherIncomeExpenseNet": -2.3,
        "year": 2019
      },
      {
        "costOfGoodsSold": 2772.7,
        "dilutedAverageSharesOutstanding": 41.1,
        "dilutedEPS": 8.73,
        "ebit": 499,
        "grossIncome": 1111.2,
        "interestExpense": 39.1,
        "interestIncomeExpense": -29.1,
        "netIncome": 359,
        "netIncomeAfterTaxes": 364.8,
        "nonRecurringItems": 1.3,
        "otherOperatingExpensesTotal": 4,
        "period": "2018-12-31",
        "pretaxIncome": 467.9,
        "provisionforIncomeTaxes": 103.1,
        "revenue": 3883.9,
        "sgaExpense": 608.2,
        "totalOperatingExpense": 612.2,
        "totalOtherIncomeExpenseNet": -3.3,
        "year": 2018
      },
      {
        "costOfGoodsSold": 2714.4,
        "dilutedAverageSharesOutstanding": 42.8,
        "dilutedEPS": 7.14,
        "ebit": 478.6,
        "grossIncome": 1125.2,
        "interestExpense": 32.1,
        "interestIncomeExpense": -3,
        "netIncome": 305.7,
        "netIncomeAfterTaxes": 339.2,
        "nonRecurringItems": -11.7,
        "otherOperatingExpensesTotal": 8.9,
        "period": "2017-12-31",
        "pretaxIncome": 464,
        "provisionforIncomeTaxes": 124.8,
        "revenue": 3839.6,
        "sgaExpense": 637.7,
        "totalOperatingExpense": 646.6,
        "totalOtherIncomeExpenseNet": 0.1,
        "year": 2017
      },
      {
        "costOfGoodsSold": 2565.1,
        "dilutedAverageSharesOutstanding": 44,
        "dilutedEPS": 6.33,
        "ebit": 454.8,
        "grossIncome": 1076.5,
        "interestExpense": 28.1,
        "interestIncomeExpense": -10.1,
        "netIncome": 277.8,
        "netIncomeAfterTaxes": 278.6,
        "nonRecurringItems": -42.3,
        "otherOperatingExpensesTotal": 0.7,
        "period": "2016-12-31",
        "pretaxIncome": 402.7,
        "provisionforIncomeTaxes": 124.1,
        "revenue": 3641.6,
        "sgaExpense": 621,
        "totalOperatingExpense": 621.7,
        "totalOtherIncomeExpenseNet": 0.3,
        "year": 2016
      },
      {
        "costOfGoodsSold": 2520,
        "dilutedAverageSharesOutstanding": 45.6,
        "dilutedEPS": 4.11,
        "ebit": 363.3,
        "grossIncome": 947.4,
        "interestExpense": 25.2,
        "interestIncomeExpense": -16.3,
        "netIncome": 186.6,
        "netIncomeAfterTaxes": 187.2,
        "nonRecurringItems": -65.2,
        "otherOperatingExpensesTotal": 3.6,
        "period": "2015-12-31",
        "pretaxIncome": 282.6,
        "provisionforIncomeTaxes": 95.4,
        "revenue": 3467.4,
        "sgaExpense": 580.5,
        "totalOperatingExpense": 584.1,
        "totalOtherIncomeExpenseNet": 0.8,
        "year": 2015
      }
    ],
    "symbol": "LII"
  }
}