{
  "symbol": "MTCH",
  "statement": "ic",
  "frequency": "annual",
  "timestamp": "2025-09-19T14:03:42.069671",
  "data": {
    "financials": [
      {
        "costOfGoodsSold": 988.957,
        "depreciationAmortization": 131.074,
        "dilutedAverageSharesOutstanding": 279.063,
        "dilutedEPS": 1.97,
        "ebit": 853.912,
        "grossIncome": 2490.416,
        "interestExpense": 160.071,
        "interestIncomeExpense": -119.545,
        "minorityInterest": -0.037,
        "netIncome": 551.276,
        "netIncomeAfterTaxes": 551.313,
        "nonRecurringItems": -30.6,
        "period": "2024-12-31",
        "pretaxIncome": 704.056,
        "provisionforIncomeTaxes": 152.743,
        "researchDevelopment": 442.175,
        "revenue": 3479.373,
        "sgaExpense": 1063.255,
        "totalOperatingExpense": 1636.504,
        "totalOtherIncomeExpenseNet": 0.289,
        "year": 2024
      },
      {
        "costOfGoodsSold": 951.567,
        "depreciationAmortization": 109.538,
        "dilutedAverageSharesOutstanding": 293.284,
        "dilutedEPS": 2.22,
        "ebit": 916.896,
        "grossIncome": 2412.937,
        "interestExpense": 159.887,
        "interestIncomeExpense": -125.187,
        "minorityInterest": 0.067,
        "netIncome": 651.539,
        "netIncomeAfterTaxes": 651.472,
        "period": "2023-12-31",
        "pretaxIncome": 776.781,
        "provisionforIncomeTaxes": 125.309,
        "researchDevelopment": 384.185,
        "revenue": 3364.504,
        "sgaExpense": 1002.318,
        "totalOperatingExpense": 1496.041,
        "totalOtherIncomeExpenseNet": -14.928,
        "year": 2023
      },
      {
        "costOfGoodsSold": 957.7,
        "depreciationAmortization": 409.9,
        "dilutedAverageSharesOutstanding": 295.2,
        "dilutedEPS": 1.22,
        "ebit": 515,
        "grossIncome": 2231.2,
        "interestExpense": 145.547,
        "interestIncomeExpense": -140.4,
        "minorityInterest": 2,
        "netIncome": 361.9,
        "netIncomeAfterTaxes": 362.1,
        "nonRecurringItems": 3.5,
        "period": "2022-12-31",
        "pretaxIncome": 377.5,
        "provisionforIncomeTaxes": 15.4,
        "researchDevelopment": 333.6,
        "revenue": 3188.8,
        "sgaExpense": 972.7,
        "totalOperatingExpense": 1716.1,
        "totalOtherIncomeExpenseNet": -0.6,
        "year": 2022
      },
      {
        "costOfGoodsSold": 836.9,
        "depreciationAmortization": 70,
        "dilutedAverageSharesOutstanding": 304.8,
        "dilutedEPS": 0.91,
        "ebit": 851.7,
        "grossIncome": 2146.3,
        "interestExpense": 130.493,
        "interestIncomeExpense": -144.5,
        "minorityInterest": 1.2,
        "netIncome": 277.7,
        "netIncomeAfterTaxes": 276,
        "nonRecurringItems": -441,
        "period": "2021-12-31",
        "pretaxIncome": 256.1,
        "provisionforIncomeTaxes": -19.9,
        "researchDevelopment": 241,
        "revenue": 2983.3,
        "sgaExpense": 983.6,
        "totalOperatingExpense": 1294.7,
        "totalOtherIncomeExpenseNet": -10,
        "year": 2021
      },
      {
        "costOfGoodsSold": 632.3,
        "depreciationAmortization": 44.2,
        "dilutedAverageSharesOutstanding": 256,
        "dilutedEPS": 0.63,
        "ebit": 750.3,
        "grossIncome": 1759,
        "interestExpense": 130.624,
        "interestIncomeExpense": -128.5,
        "minorityInterest": -59.3,
        "netIncome": 162.3,
        "netIncomeAfterTaxes": 587.7,
        "nonRecurringItems": 13.9,
        "period": "2020-12-31",
        "pretaxIncome": 631,
        "provisionforIncomeTaxes": 43.3,
        "researchDevelopment": 169.8,
        "revenue": 2391.3,
        "sgaExpense": 794.6,
        "totalOperatingExpense": 1008.7,
        "totalOtherIncomeExpenseNet": -4.7,
        "year": 2020
      },
      {
        "costOfGoodsSold": 527.2,
        "depreciationAmortization": 36.5,
        "dilutedAverageSharesOutstanding": 201.8,
        "dilutedEPS": 2.24,
        "ebit": 652.1,
        "grossIncome": 1524.1,
        "interestExpense": 111.008,
        "interestIncomeExpense": -107.5,
        "minorityInterest": -112.7,
        "netIncome": 453.8,
        "netIncomeAfterTaxes": 517.3,
        "nonRecurringItems": -2.6,
        "period": "2019-12-31",
        "pretaxIncome": 532.4,
        "provisionforIncomeTaxes": 15.1,
        "researchDevelopment": 152,
        "revenue": 2051.3,
        "sgaExpense": 683.6,
        "totalOperatingExpense": 872,
        "totalOtherIncomeExpenseNet": -9.5,
        "year": 2019
      },
      {
        "costOfGoodsSold": 410,
        "depreciationAmortization": 36.1,
        "dilutedAverageSharesOutstanding": 197.1,
        "dilutedEPS": 3.18,
        "ebit": 549.5,
        "grossIncome": 1319.9,
        "interestExpense": 94.568,
        "interestIncomeExpense": -84.4,
        "minorityInterest": -130.8,
        "netIncome": 627,
        "netIncomeAfterTaxes": 447.9,
        "nonRecurringItems": 2.1,
        "period": "2018-12-31",
        "pretaxIncome": 462.4,
        "provisionforIncomeTaxes": 14.5,
        "researchDevelopment": 132,
        "revenue": 1729.9,
        "sgaExpense": 602.2,
        "totalOperatingExpense": 770.4,
        "totalOtherIncomeExpenseNet": -4.8,
        "year": 2018
      },
      {
        "costOfGoodsSold": 279.5,
        "depreciationAmortization": 34.1,
        "dilutedAverageSharesOutstanding": 296.1,
        "dilutedEPS": 1.18,
        "ebit": 360.5,
        "grossIncome": 1051.2,
        "interestExpense": 77.565,
        "interestIncomeExpense": -81.1,
        "minorityInterest": -0.2,
        "netIncome": 350.1,
        "netIncomeAfterTaxes": 448.3,
        "nonRecurringItems": -15.4,
        "period": "2017-12-31",
        "pretaxIncome": 252.1,
        "provisionforIncomeTaxes": -196.2,
        "researchDevelopment": 101.2,
        "revenue": 1330.7,
        "sgaExpense": 555.4,
        "totalOperatingExpense": 690.6,
        "totalOtherIncomeExpenseNet": -11.9,
        "year": 2017
      },
      {
        "costOfGoodsSold": 195.6,
        "depreciationAmortization": 44.7,
        "dilutedAverageSharesOutstanding": 269.7,
        "dilutedEPS": 0.63,
        "ebit": 315.5,
        "grossIncome": 922.5,
        "interestExpense": 82.199,
        "interestIncomeExpense": -59.8,
        "minorityInterest": -0.6,
        "netIncome": 171.5,
        "netIncomeAfterTaxes": 178.3,
        "period": "2016-12-31",
        "pretaxIncome": 241.2,
        "provisionforIncomeTaxes": 62.9,
        "researchDevelopment": 78.1,
        "revenue": 1118.1,
        "sgaExpense": 484.1,
        "totalOperatingExpense": 607,
        "totalOtherIncomeExpenseNet": -14.5,
        "year": 2016
      },
      {
        "costOfGoodsSold": 134.4,
        "depreciationAmortization": 33.2,
        "dilutedAverageSharesOutstanding": 184.9,
        "dilutedEPS": 0.65,
        "ebit": 213,
        "grossIncome": 775.3,
        "interestExpense": 25.908,
        "interestIncomeExpense": -11.5,
        "minorityInterest": -0.1,
        "netIncome": 120.4,
        "netIncomeAfterTaxes": 133.2,
        "period": "2015-12-31",
        "pretaxIncome": 198.7,
        "provisionforIncomeTaxes": 65.5,
        "researchDevelopment": 64,
        "revenue": 909.7,
        "sgaExpense": 465.1,
        "totalOperatingExpense": 562.3,
        "totalOtherIncomeExpenseNet": -2.8,
        "year": 2015
      }
    ],
    "symbol": "MTCH"
  }
}