{
  "symbol": "EXR",
  "statement": "ic",
  "frequency": "annual",
  "timestamp": "2025-09-19T14:00:15.203039",
  "data": {
    "financials": [
      {
        "costOfGoodsSold": 854.933,
        "depreciationAmortization": 783.023,
        "dilutedAverageSharesOutstanding": 211.5777,
        "dilutedEPS": 4.0325,
        "ebit": 1401.029,
        "grossIncome": 2401.969,
        "interestExpense": 595.074,
        "interestIncomeExpense": -389.65,
        "minorityInterest": -45.551,
        "netIncome": 853.186,
        "netIncomeAfterTaxes": 900.232,
        "nonRecurringItems": -77.669,
        "period": "2024-12-31",
        "pretaxIncome": 933.71,
        "provisionforIncomeTaxes": 33.478,
        "revenue": 3256.902,
        "sgaExpense": 217.917,
        "totalOperatingExpense": 1000.94,
        "year": 2024
      },
      {
        "costOfGoodsSold": 638.115,
        "depreciationAmortization": 506.053,
        "dilutedAverageSharesOutstanding": 169.2209,
        "dilutedEPS": 4.7392,
        "ebit": 1236.873,
        "grossIncome": 1922.129,
        "interestExpense": 437.821,
        "interestIncomeExpense": -298.129,
        "minorityInterest": -47.255,
        "netIncome": 801.968,
        "netIncomeAfterTaxes": 850.453,
        "nonRecurringItems": -66.732,
        "period": "2023-12-31",
        "pretaxIncome": 872.012,
        "provisionforIncomeTaxes": 21.559,
        "revenue": 2560.244,
        "sgaExpense": 179.203,
        "totalOperatingExpense": 685.256,
        "year": 2023
      },
      {
        "costOfGoodsSold": 449.6,
        "depreciationAmortization": 288.3,
        "dilutedAverageSharesOutstanding": 141.7,
        "dilutedEPS": 6.06,
        "ebit": 1037.7,
        "grossIncome": 1474.6,
        "interestExpense": 219.171,
        "interestIncomeExpense": -108.3,
        "minorityInterest": -60.5,
        "netIncome": 859.5,
        "netIncomeAfterTaxes": 921.2,
        "nonRecurringItems": 12.7,
        "period": "2022-12-31",
        "pretaxIncome": 942.1,
        "provisionforIncomeTaxes": 20.9,
        "revenue": 1924.2,
        "sgaExpense": 148.5,
        "totalOperatingExpense": 436.9,
        "year": 2022
      },
      {
        "costOfGoodsSold": 379.3,
        "depreciationAmortization": 241.9,
        "dilutedAverageSharesOutstanding": 140,
        "dilutedEPS": 5.9,
        "ebit": 835.2,
        "grossIncome": 1198.1,
        "interestExpense": 166.183,
        "interestIncomeExpense": -77.9,
        "minorityInterest": -50.1,
        "netIncome": 826.5,
        "netIncomeAfterTaxes": 877.8,
        "nonRecurringItems": 140.8,
        "period": "2021-12-31",
        "pretaxIncome": 898.1,
        "provisionforIncomeTaxes": 20.3,
        "revenue": 1577.4,
        "sgaExpense": 121,
        "totalOperatingExpense": 362.9,
        "year": 2021
      },
      {
        "costOfGoodsSold": 358.8,
        "depreciationAmortization": 224.4,
        "dilutedAverageSharesOutstanding": 129.6,
        "dilutedEPS": 3.71,
        "ebit": 648,
        "grossIncome": 997.4,
        "interestExpense": 172.301,
        "interestIncomeExpense": -134.7,
        "minorityInterest": -35.8,
        "netIncome": 481.1,
        "netIncomeAfterTaxes": 517.6,
        "nonRecurringItems": 18.1,
        "period": "2020-12-31",
        "pretaxIncome": 531.4,
        "provisionforIncomeTaxes": 13.8,
        "revenue": 1356.2,
        "sgaExpense": 124.9,
        "totalOperatingExpense": 349.4,
        "year": 2020
      },
      {
        "costOfGoodsSold": 340.3,
        "depreciationAmortization": 219.9,
        "dilutedAverageSharesOutstanding": 136.4,
        "dilutedEPS": 3.07,
        "ebit": 633.8,
        "grossIncome": 968.1,
        "interestExpense": 191.268,
        "interestIncomeExpense": -172.5,
        "minorityInterest": -31.2,
        "netIncome": 419.3,
        "netIncomeAfterTaxes": 451.1,
        "nonRecurringItems": 1.2,
        "period": "2019-12-31",
        "pretaxIncome": 462.4,
        "provisionforIncomeTaxes": 11.3,
        "revenue": 1308.5,
        "sgaExpense": 114.5,
        "totalOperatingExpense": 334.4,
        "year": 2019
      },
      {
        "costOfGoodsSold": 301.2,
        "depreciationAmortization": 209.1,
        "dilutedAverageSharesOutstanding": 133.2,
        "dilutedEPS": 3.11,
        "ebit": 588.9,
        "gainLossOnDispositionOfAssets": 30.8,
        "grossIncome": 895.4,
        "interestExpense": 183.123,
        "interestIncomeExpense": -163.4,
        "minorityInterest": -31.8,
        "netIncome": 414.6,
        "netIncomeAfterTaxes": 447.1,
        "nonRecurringItems": 0,
        "period": "2018-12-31",
        "pretaxIncome": 456.3,
        "provisionforIncomeTaxes": 9.2,
        "revenue": 1196.6,
        "sgaExpense": 97.4,
        "totalOperatingExpense": 306.5,
        "year": 2018
      },
      {
        "costOfGoodsSold": 276.7,
        "depreciationAmortization": 193.3,
        "dilutedAverageSharesOutstanding": 134.2,
        "dilutedEPS": 3.56,
        "ebit": 541.6,
        "gainLossOnDispositionOfAssets": 112.8,
        "grossIncome": 828.3,
        "interestExpense": 158.614,
        "interestIncomeExpense": -136.5,
        "minorityInterest": -35.2,
        "netIncome": 478,
        "netIncomeAfterTaxes": 505.6,
        "nonRecurringItems": 0,
        "period": "2017-12-31",
        "pretaxIncome": 517.8,
        "provisionforIncomeTaxes": 12.2,
        "revenue": 1105,
        "sgaExpense": 93.4,
        "totalOperatingExpense": 286.7,
        "year": 2017
      },
      {
        "costOfGoodsSold": 252.7,
        "depreciationAmortization": 182.6,
        "dilutedAverageSharesOutstanding": 125.9,
        "dilutedEPS": 2.91,
        "ebit": 461.9,
        "gainLossOnDispositionOfAssets": 8.5,
        "grossIncome": 739.2,
        "interestExpense": 138.459,
        "interestIncomeExpense": -45.4,
        "minorityInterest": -31,
        "netIncome": 365.3,
        "netIncomeAfterTaxes": 397.1,
        "nonRecurringItems": -12.1,
        "period": "2016-12-31",
        "pretaxIncome": 412.9,
        "provisionforIncomeTaxes": 15.8,
        "revenue": 991.9,
        "sgaExpense": 94.7,
        "totalOperatingExpense": 277.2,
        "year": 2016
      },
      {
        "costOfGoodsSold": 217,
        "depreciationAmortization": 133.5,
        "dilutedAverageSharesOutstanding": 126.9,
        "dilutedEPS": 1.48,
        "ebit": 364.1,
        "gainLossOnDispositionOfAssets": 1.5,
        "grossIncome": 565.3,
        "interestExpense": 98.992,
        "interestIncomeExpense": -75.5,
        "minorityInterest": -20.1,
        "netIncome": 188.9,
        "netIncomeAfterTaxes": 209.5,
        "nonRecurringItems": -69.4,
        "period": "2015-12-31",
        "pretaxIncome": 220.7,
        "provisionforIncomeTaxes": 11.1,
        "revenue": 782.3,
        "sgaExpense": 67.8,
        "totalOperatingExpense": 201.2,
        "year": 2015
      }
    ],
    "symbol": "EXR"
  }
}