{
  "symbol": "ACN",
  "statement": "ic",
  "frequency": "quarterly",
  "timestamp": "2025-09-19T13:55:13.024297",
  "data": {
    "financials": [
      {
        "costOfGoodsSold": 11901.221,
        "dilutedAverageSharesOutstanding": 630.457,
        "dilutedEPS": 3.49,
        "ebit": 2982.782,
        "grossIncome": 5826.65,
        "interestExpense": 67.601,
        "interestIncomeExpense": 11.386,
        "minorityInterest": -46.462,
        "netIncome": 2197.501,
        "netIncomeAfterTaxes": 2243.963,
        "nonRecurringItems": 0,
        "period": "2025-05-31",
        "pretaxIncome": 2951.139,
        "provisionforIncomeTaxes": 707.176,
        "revenue": 17727.871,
        "sgaExpense": 2843.868,
        "totalOperatingExpense": 2843.868,
        "totalOtherIncomeExpenseNet": -43.029
      },
      {
        "costOfGoodsSold": 11684.313,
        "dilutedAverageSharesOutstanding": 634.212,
        "dilutedEPS": 2.82,
        "ebit": 2244.714,
        "grossIncome": 4974.988,
        "interestExpense": 64.669,
        "interestIncomeExpense": 11.444,
        "minorityInterest": -34.366,
        "netIncome": 1788.075,
        "netIncomeAfterTaxes": 1822.441,
        "nonRecurringItems": 0,
        "period": "2025-02-28",
        "pretaxIncome": 2288.774,
        "provisionforIncomeTaxes": 466.333,
        "revenue": 16659.301,
        "sgaExpense": 2730.274,
        "totalOperatingExpense": 2730.274,
        "totalOtherIncomeExpenseNet": 32.616
      },
      {
        "costOfGoodsSold": 11866.716,
        "dilutedAverageSharesOutstanding": 634.656,
        "dilutedEPS": 3.59,
        "ebit": 2948.477,
        "grossIncome": 5822.829,
        "interestExpense": 30.042,
        "interestIncomeExpense": 45.985,
        "minorityInterest": -37.296,
        "netIncome": 2278.894,
        "netIncomeAfterTaxes": 2316.19,
        "nonRecurringItems": 0,
        "period": "2024-11-30",
        "pretaxIncome": 2955.245,
        "provisionforIncomeTaxes": 639.055,
        "revenue": 17689.545,
        "sgaExpense": 2874.352,
        "totalOperatingExpense": 2874.352,
        "totalOtherIncomeExpenseNet": -39.217
      },
      {
        "costOfGoodsSold": 11068.363,
        "dilutedAverageSharesOutstanding": 633.926,
        "dilutedEPS": 2.66,
        "ebit": 2459.615,
        "grossIncome": 5337.456,
        "interestExpense": 22.835,
        "interestIncomeExpense": 28.482,
        "minorityInterest": -34.365,
        "netIncome": 1684.301,
        "netIncomeAfterTaxes": 1718.666,
        "nonRecurringItems": -105.947,
        "period": "2024-08-31",
        "pretaxIncome": 2332.561,
        "provisionforIncomeTaxes": 613.895,
        "revenue": 16405.819,
        "sgaExpense": 2877.841,
        "totalOperatingExpense": 2877.841,
        "totalOtherIncomeExpenseNet": -49.589
      },
      {
        "costOfGoodsSold": 10968.377,
        "dilutedAverageSharesOutstanding": 635.608,
        "dilutedEPS": 3.04,
        "ebit": 2708.285,
        "grossIncome": 5498.451,
        "interestExpense": 11.334,
        "interestIncomeExpense": 42.356,
        "minorityInterest": -49.165,
        "netIncome": 1932.183,
        "netIncomeAfterTaxes": 1981.348,
        "nonRecurringItems": -77.42,
        "period": "2024-05-31",
        "pretaxIncome": 2654.37,
        "provisionforIncomeTaxes": 673.022,
        "revenue": 16466.828,
        "sgaExpense": 2790.166,
        "totalOperatingExpense": 2790.166,
        "totalOtherIncomeExpenseNet": -18.851
      },
      {
        "costOfGoodsSold": 10921.045,
        "dilutedAverageSharesOutstanding": 636.798,
        "dilutedEPS": 2.63,
        "ebit": 2161.836,
        "grossIncome": 4878.469,
        "interestExpense": 10.305,
        "interestIncomeExpense": 54.964,
        "minorityInterest": -34.343,
        "netIncome": 1674.859,
        "netIncomeAfterTaxes": 1709.202,
        "nonRecurringItems": -115.409,
        "period": "2024-02-29",
        "pretaxIncome": 2095.739,
        "provisionforIncomeTaxes": 386.537,
        "revenue": 15799.514,
        "sgaExpense": 2716.633,
        "totalOperatingExpense": 2716.633,
        "totalOtherIncomeExpenseNet": -5.652
      },
      {
        "costOfGoodsSold": 10776.362,
        "dilutedAverageSharesOutstanding": 637.398,
        "dilutedEPS": 3.1,
        "ebit": 2704.551,
        "grossIncome": 5447.941,
        "interestExpense": 14.495,
        "interestIncomeExpense": 87.485,
        "minorityInterest": -36.537,
        "netIncome": 1973.444,
        "netIncomeAfterTaxes": 2009.981,
        "nonRecurringItems": -139.664,
        "period": "2023-11-30",
        "pretaxIncome": 2616.653,
        "provisionforIncomeTaxes": 606.672,
        "revenue": 16224.303,
        "sgaExpense": 2743.39,
        "totalOperatingExpense": 2743.39,
        "totalOtherIncomeExpenseNet": -35.719
      },
      {
        "costOfGoodsSold": 10803.571,
        "dilutedAverageSharesOutstanding": 639.152,
        "dilutedEPS": 2.15,
        "ebit": 2384.803,
        "grossIncome": 5181.629,
        "interestExpense": 17.403,
        "interestIncomeExpense": 86.224,
        "minorityInterest": -35.249,
        "netIncome": 1372.963,
        "netIncomeAfterTaxes": 1408.212,
        "nonRecurringItems": -471.883,
        "period": "2023-08-31",
        "pretaxIncome": 1959.127,
        "provisionforIncomeTaxes": 550.915,
        "revenue": 15985.2,
        "sgaExpense": 2796.826,
        "totalOperatingExpense": 2796.826,
        "totalOtherIncomeExpenseNet": -40.017
      },
      {
        "costOfGoodsSold": 11035.515,
        "dilutedAverageSharesOutstanding": 638.743,
        "dilutedEPS": 3.15,
        "ebit": 2706.161,
        "grossIncome": 5529.07,
        "interestExpense": 11.208,
        "interestIncomeExpense": 70.61,
        "minorityInterest": -38.339,
        "netIncome": 2009.996,
        "netIncomeAfterTaxes": 2048.335,
        "nonRecurringItems": -346.873,
        "period": "2023-05-31",
        "pretaxIncome": 2631.681,
        "provisionforIncomeTaxes": 583.346,
        "revenue": 16564.585,
        "sgaExpense": 2822.909,
        "totalOperatingExpense": 2822.909,
        "totalOtherIncomeExpenseNet": 201.783
      },
      {
        "costOfGoodsSold": 10979.392,
        "dilutedAverageSharesOutstanding": 637.735,
        "dilutedEPS": 2.39,
        "ebit": 2188.971,
        "grossIncome": 4834.766,
        "interestExpense": 11.634,
        "interestIncomeExpense": 38.625,
        "minorityInterest": -27.035,
        "netIncome": 1523.648,
        "netIncomeAfterTaxes": 1550.683,
        "nonRecurringItems": -244.39,
        "period": "2023-02-28",
        "pretaxIncome": 1946.906,
        "provisionforIncomeTaxes": 396.223,
        "revenue": 15814.158,
        "sgaExpense": 2645.795,
        "totalOperatingExpense": 2645.795,
        "totalOtherIncomeExpenseNet": -36.3
      },
      {
        "costOfGoodsSold": 10561.66,
        "dilutedAverageSharesOutstanding": 638.767,
        "dilutedEPS": 3.08,
        "ebit": 2593.1,
        "grossIncome": 5186.142,
        "interestExpense": 7.28,
        "interestIncomeExpense": 37.425,
        "minorityInterest": -31.35,
        "netIncome": 1964.95,
        "netIncomeAfterTaxes": 1996.3,
        "period": "2022-11-30",
        "pretaxIncome": 2601.618,
        "provisionforIncomeTaxes": 605.318,
        "revenue": 15747.802,
        "sgaExpense": 2593.042,
        "totalOperatingExpense": 2593.042,
        "totalOtherIncomeExpenseNet": -28.907
      },
      {
        "costOfGoodsSold": 10477.599,
        "dilutedAverageSharesOutstanding": 640.279,
        "dilutedEPS": 2.6,
        "ebit": 2268.189,
        "grossIncome": 4946.057,
        "interestExpense": 12.871,
        "interestIncomeExpense": 10.216,
        "minorityInterest": -27.257,
        "netIncome": 1665.128,
        "netIncomeAfterTaxes": 1692.385,
        "nonRecurringItems": 0,
        "period": "2022-08-31",
        "pretaxIncome": 2244.961,
        "provisionforIncomeTaxes": 552.576,
        "revenue": 15423.656,
        "sgaExpense": 2677.868,
        "totalOperatingExpense": 2677.868,
        "totalOtherIncomeExpenseNet": -33.444
      },
      {
        "costOfGoodsSold": 10844.069,
        "dilutedAverageSharesOutstanding": 641.005,
        "dilutedEPS": 2.79,
        "ebit": 2603.118,
        "grossIncome": 5314.734,
        "interestExpense": 12.05,
        "interestIncomeExpense": -3.323,
        "minorityInterest": -33.241,
        "netIncome": 1786.075,
        "netIncomeAfterTaxes": 1819.316,
        "nonRecurringItems": -96.294,
        "period": "2022-05-31",
        "pretaxIncome": 2494.624,
        "provisionforIncomeTaxes": 675.308,
        "revenue": 16158.803,
        "sgaExpense": 2711.616,
        "totalOperatingExpense": 2711.616,
        "totalOtherIncomeExpenseNet": -8.877
      },
      {
        "costOfGoodsSold": 10522.734,
        "dilutedAverageSharesOutstanding": 644.127,
        "dilutedEPS": 2.54,
        "ebit": 2061.58,
        "grossIncome": 4523.959,
        "interestExpense": 11.216,
        "interestIncomeExpense": -3.947,
        "minorityInterest": -22.587,
        "netIncome": 1634.942,
        "netIncomeAfterTaxes": 1657.529,
        "period": "2022-02-28",
        "pretaxIncome": 2050.45,
        "provisionforIncomeTaxes": 392.921,
        "revenue": 15046.693,
        "sgaExpense": 2462.379,
        "totalOperatingExpense": 2462.379,
        "totalOtherIncomeExpenseNet": -7.183
      },
      {
        "costOfGoodsSold": 10048.364,
        "dilutedAverageSharesOutstanding": 644.923,
        "dilutedEPS": 2.78,
        "ebit": 2434.294,
        "grossIncome": 4916.789,
        "interestExpense": 11.183,
        "interestIncomeExpense": -5.133,
        "minorityInterest": -28.706,
        "netIncome": 1791.024,
        "netIncomeAfterTaxes": 1819.73,
        "period": "2021-11-30",
        "pretaxIncome": 2406.132,
        "provisionforIncomeTaxes": 586.402,
        "revenue": 14965.153,
        "sgaExpense": 2482.495,
        "totalOperatingExpense": 2482.495,
        "totalOtherIncomeExpenseNet": -23.029
      },
      {
        "costOfGoodsSold": 8953.068,
        "dilutedAverageSharesOutstanding": 644.904,
        "dilutedEPS": 2.2,
        "ebit": 1958.689,
        "grossIncome": 4466.216,
        "interestExpense": 12.977,
        "interestIncomeExpense": -3.255,
        "minorityInterest": -21.175,
        "netIncome": 1416.248,
        "netIncomeAfterTaxes": 1437.423,
        "period": "2021-08-31",
        "pretaxIncome": 1917.805,
        "provisionforIncomeTaxes": 480.382,
        "revenue": 13419.284,
        "sgaExpense": 2507.527,
        "totalOperatingExpense": 2507.527,
        "totalOtherIncomeExpenseNet": -37.629
      },
      {
        "costOfGoodsSold": 8859.411,
        "dilutedAverageSharesOutstanding": 645.454,
        "dilutedEPS": 2.4,
        "ebit": 2118.656,
        "grossIncome": 4404.384,
        "interestExpense": 28.739,
        "interestIncomeExpense": -24.188,
        "minorityInterest": -20.146,
        "netIncome": 1549.426,
        "netIncomeAfterTaxes": 1569.572,
        "period": "2021-05-31",
        "pretaxIncome": 2094.001,
        "provisionforIncomeTaxes": 524.429,
        "revenue": 13263.795,
        "sgaExpense": 2285.728,
        "totalOperatingExpense": 2285.728,
        "totalOtherIncomeExpenseNet": -0.467
      },
      {
        "costOfGoodsSold": 8492.893,
        "dilutedAverageSharesOutstanding": 646.322,
        "dilutedEPS": 2.23,
        "ebit": 1653.515,
        "grossIncome": 3595.232,
        "interestExpense": 8.922,
        "interestIncomeExpense": -0.515,
        "minorityInterest": -20.634,
        "netIncome": 1440.859,
        "netIncomeAfterTaxes": 1461.493,
        "period": "2021-02-28",
        "pretaxIncome": 1762.443,
        "provisionforIncomeTaxes": 300.95,
        "revenue": 12088.125,
        "sgaExpense": 1941.717,
        "totalOperatingExpense": 1941.717,
        "totalOtherIncomeExpenseNet": 109.443
      },
      {
        "costOfGoodsSold": 7863.889,
        "dilutedAverageSharesOutstanding": 646.88,
        "dilutedEPS": 2.32,
        "ebit": 1890.669,
        "grossIncome": 3898.296,
        "interestExpense": 8.854,
        "interestIncomeExpense": 1.831,
        "minorityInterest": -21.781,
        "netIncome": 1500.276,
        "netIncomeAfterTaxes": 1522.057,
        "period": "2020-11-30",
        "pretaxIncome": 1986.867,
        "provisionforIncomeTaxes": 464.81,
        "revenue": 11762.185,
        "sgaExpense": 2007.627,
        "totalOperatingExpense": 2007.627,
        "totalOtherIncomeExpenseNet": 94.367
      },
      {
        "costOfGoodsSold": 7394.731,
        "dilutedAverageSharesOutstanding": 647.111,
        "dilutedEPS": 1.99,
        "ebit": 1544.703,
        "grossIncome": 3440.54,
        "interestExpense": 14.069,
        "interestIncomeExpense": -6.214,
        "minorityInterest": -17.495,
        "netIncome": 1287.929,
        "netIncomeAfterTaxes": 1305.424,
        "period": "2020-08-31",
        "pretaxIncome": 1783.355,
        "provisionforIncomeTaxes": 477.931,
        "revenue": 10835.271,
        "sgaExpense": 1895.837,
        "totalOperatingExpense": 1895.837,
        "totalOtherIncomeExpenseNet": 244.866
      },
      {
        "costOfGoodsSold": 7462.617,
        "dilutedAverageSharesOutstanding": 645.608,
        "dilutedEPS": 1.9,
        "ebit": 1712.733,
        "grossIncome": 3528.688,
        "interestExpense": 4.961,
        "interestIncomeExpense": -9.422,
        "minorityInterest": -24.437,
        "netIncome": 1228.202,
        "netIncomeAfterTaxes": 1252.639,
        "period": "2020-05-31",
        "pretaxIncome": 1680.773,
        "provisionforIncomeTaxes": 428.134,
        "revenue": 10991.305,
        "sgaExpense": 1815.955,
        "totalOperatingExpense": 1815.955,
        "totalOtherIncomeExpenseNet": -22.538
      },
      {
        "costOfGoodsSold": 7782.334,
        "dilutedAverageSharesOutstanding": 637.486,
        "dilutedEPS": 1.94,
        "ebit": 1488.945,
        "grossIncome": 3359.171,
        "interestExpense": 8.567,
        "interestIncomeExpense": 11.358,
        "minorityInterest": -17.342,
        "netIncome": 1234.74,
        "netIncomeAfterTaxes": 1252.082,
        "period": "2020-02-29",
        "pretaxIncome": 1509.556,
        "provisionforIncomeTaxes": 257.474,
        "revenue": 11141.505,
        "sgaExpense": 1870.226,
        "totalOperatingExpense": 1870.226,
        "totalOtherIncomeExpenseNet": 9.253
      },
      {
        "costOfGoodsSold": 7711.199,
        "dilutedAverageSharesOutstanding": 649.389,
        "dilutedEPS": 2.09,
        "ebit": 1767.263,
        "grossIncome": 3647.759,
        "interestExpense": 5.474,
        "interestIncomeExpense": -34.674,
        "minorityInterest": -18.2,
        "netIncome": 1356.968,
        "netIncomeAfterTaxes": 1375.168,
        "period": "2019-11-30",
        "pretaxIncome": 1800.647,
        "provisionforIncomeTaxes": 425.479,
        "revenue": 11358.958,
        "sgaExpense": 1880.496,
        "totalOperatingExpense": 1880.496,
        "totalOtherIncomeExpenseNet": 68.058
      },
      {
        "costOfGoodsSold": 7621.034,
        "dilutedAverageSharesOutstanding": 650.385,
        "dilutedEPS": 1.74,
        "ebit": 1571.493,
        "grossIncome": 3434.616,
        "interestExpense": 7.491,
        "interestIncomeExpense": -3.963,
        "minorityInterest": -15.121,
        "netIncome": 1130.427,
        "netIncomeAfterTaxes": 1145.548,
        "nonRecurringItems": 0,
        "period": "2019-08-31",
        "pretaxIncome": 1560.752,
        "provisionforIncomeTaxes": 415.204,
        "revenue": 11055.65,
        "sgaExpense": 1863.123,
        "totalOperatingExpense": 1863.123,
        "totalOtherIncomeExpenseNet": -6.778
      },
      {
        "costOfGoodsSold": 7571.39,
        "dilutedAverageSharesOutstanding": 649.298,
        "dilutedEPS": 1.93,
        "ebit": 1717.943,
        "grossIncome": 3528.298,
        "interestExpense": 5.348,
        "interestIncomeExpense": 5.735,
        "minorityInterest": -19.133,
        "netIncome": 1249.516,
        "netIncomeAfterTaxes": 1268.649,
        "period": "2019-05-31",
        "pretaxIncome": 1704.307,
        "provisionforIncomeTaxes": 435.658,
        "revenue": 11099.688,
        "sgaExpense": 1810.355,
        "totalOperatingExpense": 1810.355,
        "totalOtherIncomeExpenseNet": -19.371
      },
      {
        "costOfGoodsSold": 7399.78,
        "dilutedAverageSharesOutstanding": 649.171,
        "dilutedEPS": 1.73,
        "ebit": 1386.626,
        "grossIncome": 3054.349,
        "interestExpense": 5.619,
        "interestIncomeExpense": -15.483,
        "minorityInterest": -16.271,
        "netIncome": 1124.449,
        "netIncomeAfterTaxes": 1140.72,
        "period": "2019-02-28",
        "pretaxIncome": 1376.254,
        "provisionforIncomeTaxes": 235.534,
        "revenue": 10454.129,
        "sgaExpense": 1667.723,
        "totalOperatingExpense": 1667.723,
        "totalOtherIncomeExpenseNet": 5.111
      },
      {
        "costOfGoodsSold": 7308.121,
        "dilutedAverageSharesOutstanding": 652.151,
        "dilutedEPS": 1.96,
        "ebit": 1629.012,
        "grossIncome": 3297.425,
        "interestExpense": 4.505,
        "interestIncomeExpense": -33.857,
        "minorityInterest": -16.604,
        "netIncome": 1274.72,
        "netIncomeAfterTaxes": 1291.324,
        "period": "2018-11-30",
        "pretaxIncome": 1610.484,
        "provisionforIncomeTaxes": 319.16,
        "revenue": 10605.546,
        "sgaExpense": 1668.413,
        "totalOperatingExpense": 1668.413,
        "totalOtherIncomeExpenseNet": 15.329
      },
      {
        "costOfGoodsSold": 7266.331,
        "dilutedAverageSharesOutstanding": 653.966,
        "dilutedEPS": 1.58,
        "ebit": 1469.684,
        "grossIncome": 3237.656,
        "interestExpense": 5.153,
        "interestIncomeExpense": -58.776,
        "minorityInterest": -18.847,
        "netIncome": 1029.524,
        "netIncomeAfterTaxes": 1048.371,
        "nonRecurringItems": 0,
        "period": "2018-08-31",
        "pretaxIncome": 1456.614,
        "provisionforIncomeTaxes": 408.243,
        "revenue": 10503.987,
        "sgaExpense": 1767.972,
        "totalOperatingExpense": 1767.972,
        "totalOtherIncomeExpenseNet": 45.706
      },
      {
        "costOfGoodsSold": 7362.981,
        "dilutedAverageSharesOutstanding": 654.6,
        "dilutedEPS": 1.59,
        "ebit": 1634.875,
        "grossIncome": 3332.015,
        "interestExpense": 5.839,
        "interestIncomeExpense": -77.632,
        "minorityInterest": -15.121,
        "netIncome": 1043.02,
        "netIncomeAfterTaxes": 1099.068,
        "period": "2018-05-31",
        "pretaxIncome": 1612.558,
        "provisionforIncomeTaxes": 513.49,
        "revenue": 10694.996,
        "sgaExpense": 1697.14,
        "totalOperatingExpense": 1697.14,
        "totalOtherIncomeExpenseNet": 55.315
      },
      {
        "costOfGoodsSold": 7049.698,
        "dilutedAverageSharesOutstanding": 656.119,
        "dilutedEPS": 1.31,
        "ebit": 1296.044,
        "grossIncome": 2859.54,
        "interestExpense": 3.84,
        "interestIncomeExpense": 61.935,
        "minorityInterest": -55.837,
        "netIncome": 863.703,
        "netIncomeAfterTaxes": 1056.264,
        "period": "2018-02-28",
        "pretaxIncome": 1244.797,
        "provisionforIncomeTaxes": 188.533,
        "revenue": 9909.238,
        "sgaExpense": 1563.496,
        "totalOperatingExpense": 1563.496,
        "totalOtherIncomeExpenseNet": -113.182
      },
      {
        "costOfGoodsSold": 6820.16,
        "dilutedAverageSharesOutstanding": 656.671,
        "dilutedEPS": 1.71,
        "ebit": 1498.176,
        "grossIncome": 3064.153,
        "interestExpense": 4.707,
        "interestIncomeExpense": -2.805,
        "minorityInterest": -64.882,
        "netIncome": 1123.66,
        "netIncomeAfterTaxes": 1188.542,
        "period": "2017-11-30",
        "pretaxIncome": 1494.124,
        "provisionforIncomeTaxes": 305.582,
        "revenue": 9884.313,
        "sgaExpense": 1565.977,
        "totalOperatingExpense": 1565.977,
        "totalOtherIncomeExpenseNet": -1.247
      },
      {
        "costOfGoodsSold": 6754.233,
        "dilutedAverageSharesOutstanding": 658.462,
        "dilutedEPS": 1.41,
        "ebit": 1296.562,
        "grossIncome": 2886.673,
        "interestExpense": 4.908,
        "interestIncomeExpense": 103.485,
        "minorityInterest": -50.721,
        "netIncome": 932.453,
        "netIncomeAfterTaxes": 983.174,
        "nonRecurringItems": 3.855,
        "period": "2017-08-31",
        "pretaxIncome": 1292.001,
        "provisionforIncomeTaxes": 308.827,
        "revenue": 9640.906,
        "sgaExpense": 1590.111,
        "totalOperatingExpense": 1590.111,
        "totalOtherIncomeExpenseNet": -111.901
      },
      {
        "costOfGoodsSold": 6447.156,
        "dilutedAverageSharesOutstanding": 658.77,
        "dilutedEPS": 1.01,
        "ebit": 1375.228,
        "grossIncome": 2909.631,
        "interestExpense": 3.613,
        "interestIncomeExpense": 93.971,
        "minorityInterest": -35.333,
        "netIncome": 669.468,
        "netIncomeAfterTaxes": 704.801,
        "nonRecurringItems": -501.551,
        "period": "2017-05-31",
        "pretaxIncome": 874.4,
        "provisionforIncomeTaxes": 169.599,
        "revenue": 9356.787,
        "sgaExpense": 1534.403,
        "totalOperatingExpense": 1534.403,
        "totalOtherIncomeExpenseNet": -93.248
      },
      {
        "costOfGoodsSold": 6258.026,
        "dilutedAverageSharesOutstanding": 661.079,
        "dilutedEPS": 1.26,
        "ebit": 1138.653,
        "grossIncome": 2504.156,
        "interestExpense": 3.976,
        "interestIncomeExpense": 24.532,
        "minorityInterest": -48.456,
        "netIncome": 838.752,
        "netIncomeAfterTaxes": 887.208,
        "nonRecurringItems": -12.349,
        "period": "2017-02-28",
        "pretaxIncome": 1118.51,
        "provisionforIncomeTaxes": 231.302,
        "revenue": 8762.182,
        "sgaExpense": 1365.503,
        "totalOperatingExpense": 1365.503,
        "totalOtherIncomeExpenseNet": -32.326
      },
      {
        "costOfGoodsSold": 6275.571,
        "dilutedAverageSharesOutstanding": 663.753,
        "dilutedEPS": 1.51,
        "ebit": 1331.959,
        "grossIncome": 2730.032,
        "interestExpense": 3.048,
        "interestIncomeExpense": -132.845,
        "minorityInterest": -55.273,
        "netIncome": 1004.476,
        "netIncomeAfterTaxes": 1059.749,
        "period": "2016-11-30",
        "pretaxIncome": 1331.121,
        "provisionforIncomeTaxes": 271.372,
        "revenue": 9005.603,
        "sgaExpense": 1398.073,
        "totalOperatingExpense": 1398.073,
        "totalOtherIncomeExpenseNet": 132.007
      },
      {
        "costOfGoodsSold": 6310.04,
        "dilutedAverageSharesOutstanding": 665.503,
        "dilutedEPS": 1.6,
        "ebit": 1195.198,
        "grossIncome": 2655.54,
        "interestExpense": 3.952,
        "interestIncomeExpense": 5,
        "minorityInterest": -61.555,
        "netIncome": 1069.226,
        "netIncomeAfterTaxes": 1130.781,
        "nonRecurringItems": 295.246,
        "period": "2016-08-31",
        "pretaxIncome": 1458.913,
        "provisionforIncomeTaxes": 328.132,
        "revenue": 8965.58,
        "sgaExpense": 1460.342,
        "totalOperatingExpense": 1460.342,
        "totalOtherIncomeExpenseNet": -36.531
      },
      {
        "costOfGoodsSold": 6279.492,
        "dilutedAverageSharesOutstanding": 666.403,
        "dilutedEPS": 1.34,
        "ebit": 1305.943,
        "grossIncome": 2689.552,
        "interestExpense": 3.711,
        "interestIncomeExpense": 3.968,
        "minorityInterest": -53.036,
        "netIncome": 897.247,
        "netIncomeAfterTaxes": 950.283,
        "nonRecurringItems": 0,
        "period": "2016-05-31",
        "pretaxIncome": 1293.704,
        "provisionforIncomeTaxes": 343.421,
        "revenue": 8969.044,
        "sgaExpense": 1383.609,
        "totalOperatingExpense": 1383.609,
        "totalOtherIncomeExpenseNet": -16.207
      },
      {
        "costOfGoodsSold": 6027.237,
        "dilutedAverageSharesOutstanding": 668.125,
        "dilutedEPS": 1.98,
        "ebit": 1088.044,
        "grossIncome": 2369.816,
        "interestExpense": 4.543,
        "interestIncomeExpense": 2.184,
        "minorityInterest": -73.338,
        "netIncome": 1326.52,
        "netIncomeAfterTaxes": 1399.858,
        "nonRecurringItems": 553.577,
        "period": "2016-02-29",
        "pretaxIncome": 1622.592,
        "provisionforIncomeTaxes": 222.734,
        "revenue": 8397.053,
        "sgaExpense": 1281.772,
        "totalOperatingExpense": 1281.772,
        "totalOtherIncomeExpenseNet": -21.213
      },
      {
        "costOfGoodsSold": 5903.465,
        "dilutedAverageSharesOutstanding": 671.301,
        "dilutedEPS": 1.21,
        "ebit": 1221.26,
        "grossIncome": 2562.519,
        "interestExpense": 4.052,
        "interestIncomeExpense": 3.074,
        "minorityInterest": -49.782,
        "netIncome": 818.899,
        "netIncomeAfterTaxes": 868.681,
        "period": "2015-11-30",
        "pretaxIncome": 1228.363,
        "provisionforIncomeTaxes": 359.682,
        "revenue": 8465.984,
        "sgaExpense": 1341.259,
        "totalOperatingExpense": 1341.259,
        "totalOtherIncomeExpenseNet": 4.029
      },
      {
        "costOfGoodsSold": 5860.106,
        "dilutedAverageSharesOutstanding": 675.871,
        "dilutedEPS": 1.09,
        "ebit": 1093.608,
        "grossIncome": 2504.405,
        "interestExpense": 3.832,
        "interestIncomeExpense": 4.279,
        "minorityInterest": -50.497,
        "netIncome": 737.628,
        "netIncomeAfterTaxes": 788.125,
        "nonRecurringItems": 0,
        "period": "2015-08-31",
        "pretaxIncome": 1081.461,
        "provisionforIncomeTaxes": 293.336,
        "revenue": 8364.511,
        "sgaExpense": 1410.797,
        "totalOperatingExpense": 1410.797,
        "totalOtherIncomeExpenseNet": -16.426
      }
    ],
    "symbol": "ACN"
  }
}