{
  "symbol": "ITW",
  "statement": "ic",
  "frequency": "annual",
  "timestamp": "2025-09-19T14:01:57.239181",
  "data": {
    "financials": [
      {
        "costOfGoodsSold": 8858,
        "depreciationAmortization": 101,
        "dilutedAverageSharesOutstanding": 297.8,
        "dilutedEPS": 11.7126,
        "ebit": 4264,
        "grossIncome": 7040,
        "interestExpense": 283,
        "interestIncomeExpense": -232,
        "netIncome": 3488,
        "netIncomeAfterTaxes": 3488,
        "nonRecurringItems": 363,
        "period": "2024-12-31",
        "pretaxIncome": 4422,
        "provisionforIncomeTaxes": 934,
        "revenue": 15898,
        "sgaExpense": 2675,
        "totalOperatingExpense": 2776,
        "totalOtherIncomeExpenseNet": 27,
        "year": 2024
      },
      {
        "costOfGoodsSold": 9316,
        "depreciationAmortization": 113,
        "dilutedAverageSharesOutstanding": 303.6,
        "dilutedEPS": 9.7398,
        "ebit": 4040,
        "grossIncome": 6791,
        "interestExpense": 266,
        "interestIncomeExpense": -252,
        "netIncome": 2957,
        "netIncomeAfterTaxes": 2957,
        "nonRecurringItems": 1,
        "period": "2023-12-31",
        "pretaxIncome": 3823,
        "provisionforIncomeTaxes": 866,
        "revenue": 16107,
        "sgaExpense": 2638,
        "totalOperatingExpense": 2751,
        "totalOtherIncomeExpenseNet": 34,
        "year": 2023
      },
      {
        "costOfGoodsSold": 9429,
        "depreciationAmortization": 134,
        "dilutedAverageSharesOutstanding": 311,
        "dilutedEPS": 9.77,
        "ebit": 3790,
        "grossIncome": 6503,
        "interestExpense": 203,
        "interestIncomeExpense": -179,
        "netIncome": 3034,
        "netIncomeAfterTaxes": 3034,
        "nonRecurringItems": 191,
        "period": "2022-12-31",
        "pretaxIncome": 3842,
        "provisionforIncomeTaxes": 808,
        "revenue": 15932,
        "sgaExpense": 2579,
        "totalOperatingExpense": 2713,
        "totalOtherIncomeExpenseNet": 40,
        "year": 2022
      },
      {
        "costOfGoodsSold": 8489,
        "depreciationAmortization": 133,
        "dilutedAverageSharesOutstanding": 316,
        "dilutedEPS": 8.51,
        "ebit": 3477,
        "grossIncome": 5966,
        "interestExpense": 202,
        "interestIncomeExpense": -170,
        "netIncome": 2694,
        "netIncomeAfterTaxes": 2694,
        "nonRecurringItems": 0,
        "period": "2021-12-31",
        "pretaxIncome": 3326,
        "provisionforIncomeTaxes": 632,
        "revenue": 14455,
        "sgaExpense": 2356,
        "totalOperatingExpense": 2489,
        "totalOtherIncomeExpenseNet": 19,
        "year": 2021
      },
      {
        "costOfGoodsSold": 7375,
        "depreciationAmortization": 154,
        "dilutedAverageSharesOutstanding": 318,
        "dilutedEPS": 6.63,
        "ebit": 2882,
        "grossIncome": 5199,
        "interestExpense": 206,
        "interestIncomeExpense": -186,
        "netIncome": 2109,
        "netIncomeAfterTaxes": 2109,
        "nonRecurringItems": 0,
        "period": "2020-12-31",
        "pretaxIncome": 2704,
        "provisionforIncomeTaxes": 595,
        "revenue": 12574,
        "sgaExpense": 2163,
        "totalOperatingExpense": 2317,
        "totalOtherIncomeExpenseNet": 8,
        "year": 2020
      },
      {
        "costOfGoodsSold": 8187,
        "depreciationAmortization": 159,
        "dilutedAverageSharesOutstanding": 326,
        "dilutedEPS": 7.74,
        "ebit": 3402,
        "grossIncome": 5922,
        "interestExpense": 221,
        "interestIncomeExpense": -187,
        "netIncome": 2521,
        "netIncomeAfterTaxes": 2521,
        "nonRecurringItems": 44,
        "period": "2019-12-31",
        "pretaxIncome": 3288,
        "provisionforIncomeTaxes": 767,
        "revenue": 14109,
        "sgaExpense": 2361,
        "totalOperatingExpense": 2520,
        "totalOtherIncomeExpenseNet": 29,
        "year": 2019
      },
      {
        "costOfGoodsSold": 8604,
        "depreciationAmortization": 189,
        "dilutedAverageSharesOutstanding": 337,
        "dilutedEPS": 7.6,
        "ebit": 3584,
        "grossIncome": 6164,
        "interestExpense": 257,
        "interestIncomeExpense": -214,
        "netIncome": 2563,
        "netIncomeAfterTaxes": 2563,
        "nonRecurringItems": -2,
        "period": "2018-12-31",
        "pretaxIncome": 3394,
        "provisionforIncomeTaxes": 831,
        "revenue": 14768,
        "sgaExpense": 2391,
        "totalOperatingExpense": 2580,
        "totalOtherIncomeExpenseNet": 26,
        "year": 2018
      },
      {
        "costOfGoodsSold": 8306,
        "depreciationAmortization": 206,
        "dilutedAverageSharesOutstanding": 347,
        "dilutedEPS": 4.86,
        "ebit": 3390,
        "grossIncome": 6008,
        "interestExpense": 260,
        "interestIncomeExpense": -224,
        "netIncome": 1687,
        "netIncomeAfterTaxes": 2345,
        "nonRecurringItems": 96,
        "period": "2017-12-31",
        "pretaxIncome": 3270,
        "provisionforIncomeTaxes": 925,
        "revenue": 14314,
        "sgaExpense": 2412,
        "totalOperatingExpense": 2618,
        "totalOtherIncomeExpenseNet": 8,
        "year": 2017
      },
      {
        "costOfGoodsSold": 7908,
        "depreciationAmortization": 224,
        "dilutedAverageSharesOutstanding": 357,
        "dilutedEPS": 5.7,
        "ebit": 3056,
        "grossIncome": 5691,
        "interestExpense": 237,
        "interestIncomeExpense": -142,
        "netIncome": 2035,
        "netIncomeAfterTaxes": 2035,
        "nonRecurringItems": -12,
        "period": "2016-12-31",
        "pretaxIncome": 2908,
        "provisionforIncomeTaxes": 873,
        "revenue": 13599,
        "sgaExpense": 2411,
        "totalOperatingExpense": 2635,
        "totalOtherIncomeExpenseNet": 6,
        "year": 2016
      },
      {
        "costOfGoodsSold": 7888,
        "depreciationAmortization": 231,
        "dilutedAverageSharesOutstanding": 370,
        "dilutedEPS": 5.13,
        "ebit": 2869,
        "grossIncome": 5517,
        "interestExpense": 226,
        "interestIncomeExpense": -169,
        "netIncome": 1899,
        "netIncomeAfterTaxes": 1899,
        "nonRecurringItems": 14,
        "period": "2015-12-31",
        "pretaxIncome": 2719,
        "provisionforIncomeTaxes": 820,
        "revenue": 13405,
        "sgaExpense": 2417,
        "totalOperatingExpense": 2648,
        "totalOtherIncomeExpenseNet": 5,
        "year": 2015
      }
    ],
    "symbol": "ITW"
  }
}