{
  "symbol": "EOG",
  "statement": "ic",
  "frequency": "quarterly",
  "timestamp": "2025-09-19T13:59:49.409311",
  "data": {
    "financials": [
      {
        "costOfGoodsSold": 2074,
        "depreciationAmortization": 1053,
        "dilutedAverageSharesOutstanding": 546,
        "dilutedEPS": 2.4634,
        "ebit": 1786,
        "grossIncome": 3404,
        "interestExpense": 51,
        "interestIncomeExpense": -51,
        "netIncome": 1345,
        "netIncomeAfterTaxes": 1345,
        "nonRecurringItems": -39,
        "period": "2025-06-30",
        "pretaxIncome": 1751,
        "provisionforIncomeTaxes": 406,
        "researchDevelopment": 78,
        "revenue": 5478,
        "sgaExpense": 487,
        "totalOperatingExpense": 1618,
        "totalOtherIncomeExpenseNet": 55
      },
      {
        "costOfGoodsSold": 2173,
        "depreciationAmortization": 1013,
        "dilutedAverageSharesOutstanding": 553,
        "dilutedEPS": 2.6456,
        "ebit": 1904,
        "grossIncome": 3497,
        "interestExpense": 47,
        "interestIncomeExpense": -47,
        "netIncome": 1463,
        "netIncomeAfterTaxes": 1463,
        "nonRecurringItems": -45,
        "period": "2025-03-31",
        "pretaxIncome": 1877,
        "provisionforIncomeTaxes": 414,
        "researchDevelopment": 68,
        "revenue": 5670,
        "sgaExpense": 512,
        "totalOperatingExpense": 1593,
        "totalOtherIncomeExpenseNet": 65
      },
      {
        "costOfGoodsSold": 2165,
        "depreciationAmortization": 1019,
        "dilutedAverageSharesOutstanding": 557,
        "dilutedEPS": 2.246,
        "ebit": 1891,
        "grossIncome": 3443,
        "interestExpense": 38,
        "interestIncomeExpense": -38,
        "netIncome": 1251,
        "netIncomeAfterTaxes": 1251,
        "nonRecurringItems": -299,
        "period": "2024-12-31",
        "pretaxIncome": 1624,
        "provisionforIncomeTaxes": 373,
        "researchDevelopment": 53,
        "revenue": 5608,
        "sgaExpense": 480,
        "totalOperatingExpense": 1552,
        "totalOtherIncomeExpenseNet": 70
      },
      {
        "costOfGoodsSold": 2345,
        "depreciationAmortization": 1031,
        "dilutedAverageSharesOutstanding": 568,
        "dilutedEPS": 2.95,
        "ebit": 2111,
        "grossIncome": 3627,
        "interestExpense": 31,
        "interestIncomeExpense": -31,
        "netIncome": 1673,
        "netIncomeAfterTaxes": 1673,
        "nonRecurringItems": -22,
        "period": "2024-09-30",
        "pretaxIncome": 2134,
        "provisionforIncomeTaxes": 461,
        "researchDevelopment": 35,
        "revenue": 5972,
        "sgaExpense": 450,
        "totalOperatingExpense": 1516,
        "totalOtherIncomeExpenseNet": 76
      },
      {
        "costOfGoodsSold": 2309,
        "depreciationAmortization": 984,
        "dilutedAverageSharesOutstanding": 572,
        "dilutedEPS": 2.95,
        "ebit": 2191,
        "grossIncome": 3696,
        "interestExpense": 36,
        "interestIncomeExpense": -36,
        "netIncome": 1690,
        "netIncomeAfterTaxes": 1690,
        "nonRecurringItems": -61,
        "period": "2024-06-30",
        "pretaxIncome": 2160,
        "provisionforIncomeTaxes": 470,
        "researchDevelopment": 33,
        "revenue": 6005,
        "sgaExpense": 488,
        "totalOperatingExpense": 1505,
        "totalOtherIncomeExpenseNet": 66
      },
      {
        "costOfGoodsSold": 2219,
        "depreciationAmortization": 1074,
        "dilutedAverageSharesOutstanding": 577,
        "dilutedEPS": 3.1,
        "ebit": 2264,
        "grossIncome": 3878,
        "interestExpense": 33,
        "interestIncomeExpense": -33,
        "netIncome": 1789,
        "netIncomeAfterTaxes": 1789,
        "nonRecurringItems": 7,
        "period": "2024-03-31",
        "pretaxIncome": 2300,
        "provisionforIncomeTaxes": 511,
        "researchDevelopment": 40,
        "revenue": 6097,
        "sgaExpense": 500,
        "totalOperatingExpense": 1614,
        "totalOtherIncomeExpenseNet": 62
      },
      {
        "costOfGoodsSold": 2316,
        "depreciationAmortization": 930,
        "dilutedAverageSharesOutstanding": 584,
        "dilutedEPS": 3.4,
        "ebit": 2583,
        "grossIncome": 4041,
        "interestExpense": 35,
        "interestIncomeExpense": -35,
        "netIncome": 1988,
        "netIncomeAfterTaxes": 1988,
        "nonRecurringItems": -79,
        "period": "2023-12-31",
        "pretaxIncome": 2535,
        "provisionforIncomeTaxes": 547,
        "researchDevelopment": 35,
        "revenue": 6357,
        "sgaExpense": 493,
        "totalOperatingExpense": 1458,
        "totalOtherIncomeExpenseNet": 66
      },
      {
        "costOfGoodsSold": 2166,
        "depreciationAmortization": 898,
        "dilutedAverageSharesOutstanding": 583,
        "dilutedEPS": 3.48,
        "ebit": 2576,
        "grossIncome": 4011,
        "interestExpense": 36,
        "interestIncomeExpense": -36,
        "netIncome": 2030,
        "netIncomeAfterTaxes": 2030,
        "nonRecurringItems": -19,
        "period": "2023-09-30",
        "pretaxIncome": 2573,
        "provisionforIncomeTaxes": 543,
        "researchDevelopment": 35,
        "revenue": 6177,
        "sgaExpense": 502,
        "totalOperatingExpense": 1435,
        "totalOtherIncomeExpenseNet": 52
      },
      {
        "costOfGoodsSold": 2205,
        "depreciationAmortization": 866,
        "dilutedAverageSharesOutstanding": 584,
        "dilutedEPS": 2.66,
        "ebit": 2014,
        "grossIncome": 3377,
        "interestExpense": 35,
        "interestIncomeExpense": -35,
        "netIncome": 1553,
        "netIncomeAfterTaxes": 1553,
        "nonRecurringItems": -44,
        "period": "2023-06-30",
        "pretaxIncome": 1986,
        "provisionforIncomeTaxes": 433,
        "researchDevelopment": 42,
        "revenue": 5582,
        "sgaExpense": 455,
        "totalOperatingExpense": 1363,
        "totalOtherIncomeExpenseNet": 51
      },
      {
        "costOfGoodsSold": 2120,
        "depreciationAmortization": 798,
        "dilutedAverageSharesOutstanding": 587,
        "dilutedEPS": 3.45,
        "ebit": 2537,
        "grossIncome": 3855,
        "interestExpense": 42,
        "interestIncomeExpense": -42,
        "netIncome": 2023,
        "netIncomeAfterTaxes": 2023,
        "nonRecurringItems": 35,
        "period": "2023-03-31",
        "pretaxIncome": 2595,
        "provisionforIncomeTaxes": 572,
        "researchDevelopment": 46,
        "revenue": 5975,
        "sgaExpense": 474,
        "totalOperatingExpense": 1318,
        "totalOtherIncomeExpenseNet": 65
      },
      {
        "costOfGoodsSold": 2258,
        "depreciationAmortization": 878,
        "dilutedAverageSharesOutstanding": 587,
        "dilutedEPS": 3.88,
        "ebit": 3022,
        "grossIncome": 4488,
        "interestExpense": 42,
        "interestIncomeExpense": -42,
        "netIncome": 2277,
        "netIncomeAfterTaxes": 2277,
        "nonRecurringItems": -169,
        "period": "2022-12-31",
        "pretaxIncome": 2859,
        "provisionforIncomeTaxes": 582,
        "researchDevelopment": 43,
        "revenue": 6746,
        "sgaExpense": 545,
        "totalOperatingExpense": 1466,
        "totalOtherIncomeExpenseNet": 48
      },
      {
        "costOfGoodsSold": 2380,
        "depreciationAmortization": 906,
        "dilutedAverageSharesOutstanding": 587,
        "dilutedEPS": 4.86,
        "ebit": 3779,
        "grossIncome": 5234,
        "interestExpense": 41,
        "interestIncomeExpense": -41,
        "netIncome": 2854,
        "netIncomeAfterTaxes": 2854,
        "nonRecurringItems": -115,
        "period": "2022-09-30",
        "pretaxIncome": 3663,
        "provisionforIncomeTaxes": 809,
        "researchDevelopment": 53,
        "revenue": 7614,
        "sgaExpense": 496,
        "totalOperatingExpense": 1455,
        "totalOtherIncomeExpenseNet": 40
      },
      {
        "costOfGoodsSold": 2852,
        "depreciationAmortization": 911,
        "dilutedAverageSharesOutstanding": 588,
        "dilutedEPS": 3.81,
        "ebit": 2897,
        "grossIncome": 4458,
        "interestExpense": 48,
        "interestIncomeExpense": -48,
        "netIncome": 2238,
        "netIncomeAfterTaxes": 2238,
        "nonRecurringItems": 6,
        "period": "2022-06-30",
        "pretaxIncome": 2882,
        "provisionforIncomeTaxes": 644,
        "researchDevelopment": 50,
        "revenue": 7310,
        "sgaExpense": 600,
        "totalOperatingExpense": 1561,
        "totalOtherIncomeExpenseNet": 27
      },
      {
        "costOfGoodsSold": 1978,
        "depreciationAmortization": 847,
        "dilutedAverageSharesOutstanding": 586,
        "dilutedEPS": 0.67,
        "ebit": 576,
        "grossIncome": 1980,
        "interestExpense": 48,
        "interestIncomeExpense": -48,
        "netIncome": 390,
        "netIncomeAfterTaxes": 390,
        "nonRecurringItems": -30,
        "period": "2022-03-31",
        "pretaxIncome": 497,
        "provisionforIncomeTaxes": 107,
        "researchDevelopment": 43,
        "revenue": 3958,
        "sgaExpense": 514,
        "totalOperatingExpense": 1404,
        "totalOtherIncomeExpenseNet": -1
      },
      {
        "costOfGoodsSold": 1865,
        "depreciationAmortization": 910,
        "dilutedAverageSharesOutstanding": 584,
        "dilutedEPS": 3.4,
        "ebit": 2763,
        "grossIncome": 4208,
        "interestExpense": 38,
        "interestIncomeExpense": -38,
        "netIncome": 1985,
        "netIncomeAfterTaxes": 1985,
        "nonRecurringItems": -235,
        "period": "2021-12-31",
        "pretaxIncome": 2499,
        "provisionforIncomeTaxes": 514,
        "researchDevelopment": 80,
        "revenue": 6073,
        "sgaExpense": 455,
        "totalOperatingExpense": 1445,
        "totalOtherIncomeExpenseNet": 9
      },
      {
        "costOfGoodsSold": 1822,
        "depreciationAmortization": 927,
        "dilutedAverageSharesOutstanding": 584,
        "dilutedEPS": 1.88,
        "ebit": 1552,
        "grossIncome": 2942,
        "interestExpense": 48,
        "interestIncomeExpense": -48,
        "netIncome": 1095,
        "netIncomeAfterTaxes": 1095,
        "nonRecurringItems": -81,
        "period": "2021-09-30",
        "pretaxIncome": 1429,
        "provisionforIncomeTaxes": 334,
        "researchDevelopment": 44,
        "revenue": 4764,
        "sgaExpense": 419,
        "totalOperatingExpense": 1390,
        "totalOtherIncomeExpenseNet": 6
      },
      {
        "costOfGoodsSold": 1608,
        "depreciationAmortization": 914,
        "dilutedAverageSharesOutstanding": 584,
        "dilutedEPS": 1.55,
        "ebit": 1164,
        "grossIncome": 2480,
        "interestExpense": 45,
        "interestIncomeExpense": -45,
        "netIncome": 907,
        "netIncomeAfterTaxes": 907,
        "nonRecurringItems": 7,
        "period": "2021-06-30",
        "pretaxIncome": 1124,
        "provisionforIncomeTaxes": 217,
        "researchDevelopment": 43,
        "revenue": 4088,
        "sgaExpense": 359,
        "totalOperatingExpense": 1316,
        "totalOtherIncomeExpenseNet": -2
      },
      {
        "costOfGoodsSold": 1455,
        "depreciationAmortization": 900,
        "dilutedAverageSharesOutstanding": 583,
        "dilutedEPS": 1.16,
        "ebit": 982,
        "grossIncome": 2245,
        "interestExpense": 47,
        "interestIncomeExpense": -47,
        "netIncome": 677,
        "netIncomeAfterTaxes": 677,
        "nonRecurringItems": -50,
        "period": "2021-03-31",
        "pretaxIncome": 881,
        "provisionforIncomeTaxes": 204,
        "researchDevelopment": 38,
        "revenue": 3700,
        "sgaExpense": 325,
        "totalOperatingExpense": 1263,
        "totalOtherIncomeExpenseNet": -4
      },
      {
        "costOfGoodsSold": 1203.717,
        "depreciationAmortization": 870.564,
        "dilutedAverageSharesOutstanding": 579.576,
        "dilutedEPS": 0.58,
        "ebit": 635.702,
        "grossIncome": 1767.381,
        "interestExpense": 53.121,
        "interestIncomeExpense": -53.121,
        "netIncome": 337.466,
        "netIncomeAfterTaxes": 337.466,
        "nonRecurringItems": -148.04,
        "period": "2020-12-31",
        "pretaxIncome": 427.76,
        "provisionforIncomeTaxes": 90.294,
        "researchDevelopment": 34.435,
        "revenue": 2971.098,
        "sgaExpense": 226.68,
        "totalOperatingExpense": 1131.679,
        "totalOtherIncomeExpenseNet": -6.781
      },
      {
        "costOfGoodsSold": 1044.871,
        "depreciationAmortization": 823.05,
        "dilutedAverageSharesOutstanding": 579.055,
        "dilutedEPS": -0.07,
        "ebit": 147.252,
        "grossIncome": 1271.589,
        "interestExpense": 53.242,
        "interestIncomeExpense": -53.242,
        "netIncome": -42.467,
        "netIncomeAfterTaxes": -42.467,
        "nonRecurringItems": -149.966,
        "period": "2020-09-30",
        "pretaxIncome": -52.555,
        "provisionforIncomeTaxes": -10.088,
        "researchDevelopment": 50.017,
        "revenue": 2316.46,
        "sgaExpense": 251.27,
        "totalOperatingExpense": 1124.337,
        "totalOtherIncomeExpenseNet": 3.401
      },
      {
        "costOfGoodsSold": 945.085,
        "depreciationAmortization": 706.679,
        "dilutedAverageSharesOutstanding": 578.719,
        "dilutedEPS": -1.57,
        "ebit": -794.367,
        "grossIncome": 145.056,
        "interestExpense": 54.213,
        "interestIncomeExpense": -54.213,
        "netIncome": -909.384,
        "netIncomeAfterTaxes": -909.384,
        "nonRecurringItems": -292.182,
        "period": "2020-06-30",
        "pretaxIncome": -1145.262,
        "provisionforIncomeTaxes": -235.878,
        "researchDevelopment": 20.57,
        "revenue": 1090.141,
        "sgaExpense": 212.174,
        "totalOperatingExpense": 939.423,
        "totalOtherIncomeExpenseNet": -4.5
      },
      {
        "costOfGoodsSold": 1782.63,
        "depreciationAmortization": 1000.06,
        "dilutedAverageSharesOutstanding": 580.283,
        "dilutedEPS": 0.02,
        "ebit": 1614.06,
        "grossIncome": 2918.602,
        "interestExpense": 44.69,
        "interestIncomeExpense": -44.69,
        "netIncome": 9.813,
        "netIncomeAfterTaxes": 9.813,
        "nonRecurringItems": -1556.475,
        "period": "2020-03-31",
        "pretaxIncome": 31.003,
        "provisionforIncomeTaxes": 21.19,
        "researchDevelopment": 32.849,
        "revenue": 4701.232,
        "sgaExpense": 271.633,
        "totalOperatingExpense": 1304.542,
        "totalOtherIncomeExpenseNet": 18.108
      },
      {
        "costOfGoodsSold": 1915.624,
        "depreciationAmortization": 959.208,
        "dilutedAverageSharesOutstanding": 579.538,
        "dilutedEPS": 1.1,
        "ebit": 971.923,
        "grossIncome": 2284.659,
        "interestExpense": 40.695,
        "interestIncomeExpense": -40.695,
        "netIncome": 636.521,
        "netIncomeAfterTaxes": 636.521,
        "nonRecurringItems": -108.172,
        "period": "2019-12-31",
        "pretaxIncome": 831.208,
        "provisionforIncomeTaxes": 194.687,
        "researchDevelopment": 28.595,
        "revenue": 4200.283,
        "sgaExpense": 324.933,
        "totalOperatingExpense": 1312.736,
        "totalOtherIncomeExpenseNet": 8.152
      },
      {
        "costOfGoodsSold": 2024.29,
        "depreciationAmortization": 953.597,
        "dilutedAverageSharesOutstanding": 581.271,
        "dilutedEPS": 1.06,
        "ebit": 933.757,
        "grossIncome": 2279.688,
        "interestExpense": 39.62,
        "interestIncomeExpense": -39.62,
        "netIncome": 615.122,
        "netIncomeAfterTaxes": 615.122,
        "nonRecurringItems": -105.798,
        "period": "2019-09-30",
        "pretaxIncome": 797.457,
        "provisionforIncomeTaxes": 182.335,
        "researchDevelopment": 53.478,
        "revenue": 4303.978,
        "sgaExpense": 338.856,
        "totalOperatingExpense": 1345.931,
        "totalOtherIncomeExpenseNet": 9.118
      },
      {
        "costOfGoodsSold": 2141.44,
        "depreciationAmortization": 957.304,
        "dilutedAverageSharesOutstanding": 580.247,
        "dilutedEPS": 1.46,
        "ebit": 1234.892,
        "grossIncome": 2548.181,
        "interestExpense": 49.908,
        "interestIncomeExpense": -49.908,
        "netIncome": 847.841,
        "netIncomeAfterTaxes": 847.841,
        "nonRecurringItems": -104.121,
        "period": "2019-06-30",
        "pretaxIncome": 1089.366,
        "provisionforIncomeTaxes": 241.525,
        "researchDevelopment": 29.791,
        "revenue": 4689.621,
        "sgaExpense": 326.194,
        "totalOperatingExpense": 1313.289,
        "totalOtherIncomeExpenseNet": 8.503
      },
      {
        "costOfGoodsSold": 1900.665,
        "depreciationAmortization": 879.595,
        "dilutedAverageSharesOutstanding": 580.222,
        "dilutedEPS": 1.1,
        "ebit": 952.722,
        "grossIncome": 2161.813,
        "interestExpense": 54.906,
        "interestIncomeExpense": -54.906,
        "netIncome": 635.426,
        "netIncomeAfterTaxes": 635.426,
        "nonRecurringItems": -76.192,
        "period": "2019-03-31",
        "pretaxIncome": 827.236,
        "provisionforIncomeTaxes": 191.81,
        "researchDevelopment": 29.918,
        "revenue": 4062.478,
        "sgaExpense": 299.578,
        "totalOperatingExpense": 1209.091,
        "totalOtherIncomeExpenseNet": 5.612
      },
      {
        "costOfGoodsSold": 2010.949,
        "depreciationAmortization": 919.963,
        "dilutedAverageSharesOutstanding": 580.438,
        "dilutedEPS": 1.54,
        "ebit": 1229.323,
        "grossIncome": 2483.683,
        "interestExpense": 56.02,
        "interestIncomeExpense": -56.02,
        "netIncome": 892.768,
        "netIncomeAfterTaxes": 892.768,
        "nonRecurringItems": -106.183,
        "period": "2018-12-31",
        "pretaxIncome": 1088.34,
        "provisionforIncomeTaxes": 195.572,
        "researchDevelopment": 27.407,
        "revenue": 4494.632,
        "sgaExpense": 306.99,
        "totalOperatingExpense": 1254.36,
        "totalOtherIncomeExpenseNet": 21.22
      },
      {
        "costOfGoodsSold": 1964.432,
        "depreciationAmortization": 918.18,
        "dilutedAverageSharesOutstanding": 581.559,
        "dilutedEPS": 2.04,
        "ebit": 1435.36,
        "grossIncome": 2701.248,
        "interestExpense": 63.632,
        "interestIncomeExpense": -63.632,
        "netIncome": 1190.952,
        "netIncomeAfterTaxes": 1138.952,
        "nonRecurringItems": 71.327,
        "period": "2018-09-30",
        "pretaxIncome": 1446.363,
        "provisionforIncomeTaxes": 307.411,
        "researchDevelopment": 27.381,
        "revenue": 4665.68,
        "sgaExpense": 320.327,
        "totalOperatingExpense": 1265.888,
        "totalOtherIncomeExpenseNet": 3.308
      },
      {
        "costOfGoodsSold": 2027.733,
        "depreciationAmortization": 848.674,
        "dilutedAverageSharesOutstanding": 580.375,
        "dilutedEPS": 1.2,
        "ebit": 1022.956,
        "grossIncome": 2216.661,
        "interestExpense": 63.444,
        "interestIncomeExpense": -63.444,
        "netIncome": 696.731,
        "netIncomeAfterTaxes": 696.731,
        "nonRecurringItems": -58.025,
        "period": "2018-06-30",
        "pretaxIncome": 892.936,
        "provisionforIncomeTaxes": 196.205,
        "researchDevelopment": 46.68,
        "revenue": 4244.394,
        "sgaExpense": 298.351,
        "totalOperatingExpense": 1193.705,
        "totalOtherIncomeExpenseNet": -8.551
      },
      {
        "costOfGoodsSold": 1691.656,
        "depreciationAmortization": 748.591,
        "dilutedAverageSharesOutstanding": 579.726,
        "dilutedEPS": 1.1,
        "ebit": 954.166,
        "grossIncome": 2004.475,
        "interestExpense": 61.956,
        "interestIncomeExpense": -61.956,
        "netIncome": 638.589,
        "netIncomeAfterTaxes": 638.589,
        "nonRecurringItems": -79.578,
        "period": "2018-03-31",
        "pretaxIncome": 813.359,
        "provisionforIncomeTaxes": 174.77,
        "researchDevelopment": 27.936,
        "revenue": 3696.131,
        "sgaExpense": 273.782,
        "totalOperatingExpense": 1050.309,
        "totalOtherIncomeExpenseNet": 0.727
      },
      {
        "costOfGoodsSold": 1533.419,
        "depreciationAmortization": 881.745,
        "dilutedAverageSharesOutstanding": 579.413,
        "dilutedEPS": 4.19,
        "ebit": 694.574,
        "grossIncome": 1872.24,
        "interestExpense": 63.362,
        "interestIncomeExpense": -63.362,
        "netIncome": 2430.468,
        "netIncomeAfterTaxes": 230.468,
        "nonRecurringItems": -218.662,
        "period": "2017-12-31",
        "pretaxIncome": 413.353,
        "provisionforIncomeTaxes": 182.885,
        "researchDevelopment": 20.573,
        "revenue": 3405.659,
        "sgaExpense": 275.348,
        "totalOperatingExpense": 1177.666,
        "totalOtherIncomeExpenseNet": 0.803
      },
      {
        "costOfGoodsSold": 1266.334,
        "depreciationAmortization": 846.222,
        "dilutedAverageSharesOutstanding": 578.736,
        "dilutedEPS": 0.17,
        "ebit": 276.715,
        "grossIncome": 1386.712,
        "interestExpense": 69.082,
        "interestIncomeExpense": -69.082,
        "netIncome": 100.541,
        "netIncomeAfterTaxes": 100.541,
        "nonRecurringItems": -61.879,
        "period": "2017-09-30",
        "pretaxIncome": 145.98,
        "provisionforIncomeTaxes": 45.439,
        "researchDevelopment": 26.146,
        "revenue": 2653.046,
        "sgaExpense": 237.629,
        "totalOperatingExpense": 1109.997,
        "totalOtherIncomeExpenseNet": 0.226
      },
      {
        "costOfGoodsSold": 1272.187,
        "depreciationAmortization": 865.384,
        "dilutedAverageSharesOutstanding": 578.483,
        "dilutedEPS": 0.04,
        "ebit": 215.758,
        "grossIncome": 1349.201,
        "interestExpense": 70.413,
        "interestIncomeExpense": -70.413,
        "netIncome": 23.053,
        "netIncomeAfterTaxes": 23.053,
        "nonRecurringItems": -87.85,
        "period": "2017-06-30",
        "pretaxIncome": 62.467,
        "provisionforIncomeTaxes": 39.414,
        "researchDevelopment": 29.438,
        "revenue": 2621.388,
        "sgaExpense": 238.621,
        "totalOperatingExpense": 1133.443,
        "totalOtherIncomeExpenseNet": 4.972
      },
      {
        "costOfGoodsSold": 1215.371,
        "depreciationAmortization": 816.036,
        "dilutedAverageSharesOutstanding": 578.593,
        "dilutedEPS": 0.05,
        "ebit": 317.691,
        "grossIncome": 1411.952,
        "interestExpense": 71.515,
        "interestIncomeExpense": -71.515,
        "netIncome": 28.517,
        "netIncomeAfterTaxes": 28.517,
        "nonRecurringItems": -209.945,
        "period": "2017-03-31",
        "pretaxIncome": 39.382,
        "provisionforIncomeTaxes": 10.865,
        "researchDevelopment": 50.694,
        "revenue": 2627.323,
        "sgaExpense": 227.531,
        "totalOperatingExpense": 1094.261,
        "totalOtherIncomeExpenseNet": 3.151
      },
      {
        "costOfGoodsSold": 1107.329,
        "depreciationAmortization": 862.524,
        "dilutedAverageSharesOutstanding": 571.651,
        "dilutedEPS": -0.25,
        "ebit": 88.425,
        "grossIncome": 1190.676,
        "interestExpense": 71.325,
        "interestIncomeExpense": -71.325,
        "netIncome": -142.352,
        "netIncomeAfterTaxes": -142.352,
        "nonRecurringItems": -193.912,
        "period": "2016-12-31",
        "pretaxIncome": -194.01,
        "provisionforIncomeTaxes": -51.658,
        "researchDevelopment": 33.903,
        "revenue": 2298.005,
        "sgaExpense": 205.824,
        "totalOperatingExpense": 1102.251,
        "totalOtherIncomeExpenseNet": -17.198
      },
      {
        "costOfGoodsSold": 1016.432,
        "depreciationAmortization": 899.511,
        "dilutedAverageSharesOutstanding": 547.838,
        "dilutedEPS": -0.35,
        "ebit": -123.694,
        "grossIncome": 993.868,
        "interestExpense": 70.858,
        "interestIncomeExpense": -70.858,
        "netIncome": -190,
        "netIncomeAfterTaxes": -190,
        "nonRecurringItems": -69.786,
        "period": "2016-09-30",
        "pretaxIncome": -272.25,
        "provisionforIncomeTaxes": -82.25,
        "researchDevelopment": 31.745,
        "revenue": 2010.3,
        "sgaExpense": 186.306,
        "totalOperatingExpense": 1117.562,
        "totalOtherIncomeExpenseNet": -7.912
      },
      {
        "costOfGoodsSold": 912.136,
        "depreciationAmortization": 862.491,
        "dilutedAverageSharesOutstanding": 547.335,
        "dilutedEPS": -0.53,
        "ebit": -199.909,
        "grossIncome": 879.154,
        "interestExpense": 71.108,
        "interestIncomeExpense": -71.108,
        "netIncome": -292.558,
        "netIncomeAfterTaxes": -292.558,
        "nonRecurringItems": -88.264,
        "period": "2016-06-30",
        "pretaxIncome": -380.277,
        "provisionforIncomeTaxes": -87.719,
        "researchDevelopment": 25.387,
        "revenue": 1791.29,
        "sgaExpense": 191.185,
        "totalOperatingExpense": 1079.063,
        "totalOtherIncomeExpenseNet": -20.996
      },
      {
        "costOfGoodsSold": 807.197,
        "depreciationAmortization": 928.891,
        "dilutedAverageSharesOutstanding": 546.715,
        "dilutedEPS": -0.86,
        "ebit": -575.671,
        "grossIncome": 538.005,
        "interestExpense": 68.39,
        "interestIncomeExpense": -68.39,
        "netIncome": -471.776,
        "netIncomeAfterTaxes": -471.776,
        "nonRecurringItems": -62.47,
        "period": "2016-03-31",
        "pretaxIncome": -710.968,
        "provisionforIncomeTaxes": -239.192,
        "researchDevelopment": 23.575,
        "revenue": 1345.202,
        "sgaExpense": 161.21,
        "totalOperatingExpense": 1113.676,
        "totalOtherIncomeExpenseNet": -4.437
      },
      {
        "costOfGoodsSold": 963.697,
        "depreciationAmortization": 769.457,
        "dilutedAverageSharesOutstanding": 546.432,
        "dilutedEPS": -0.52,
        "ebit": -157.926,
        "grossIncome": 836.72,
        "interestExpense": 62.993,
        "interestIncomeExpense": -62.993,
        "netIncome": -284.296,
        "netIncomeAfterTaxes": -284.296,
        "nonRecurringItems": -171.827,
        "period": "2015-12-31",
        "pretaxIncome": -398.826,
        "provisionforIncomeTaxes": -114.53,
        "researchDevelopment": 28.675,
        "revenue": 1800.417,
        "sgaExpense": 196.514,
        "totalOperatingExpense": 994.646,
        "totalOtherIncomeExpenseNet": -6.08
      },
      {
        "costOfGoodsSold": 1143.615,
        "depreciationAmortization": 722.172,
        "dilutedAverageSharesOutstanding": 545.92,
        "dilutedEPS": -7.47,
        "ebit": 85.648,
        "grossIncome": 1029.998,
        "interestExpense": 60.571,
        "interestIncomeExpense": -60.571,
        "netIncome": -4075.739,
        "netIncomeAfterTaxes": -4075.739,
        "nonRecurringItems": -6308.605,
        "period": "2015-09-30",
        "pretaxIncome": -6274.921,
        "provisionforIncomeTaxes": -2199.182,
        "researchDevelopment": 25.542,
        "revenue": 2173.613,
        "sgaExpense": 196.636,
        "totalOperatingExpense": 944.35,
        "totalOtherIncomeExpenseNet": 8.607
      }
    ],
    "symbol": "EOG"
  }
}