{
  "symbol": "MMC",
  "statement": "ic",
  "frequency": "quarterly",
  "timestamp": "2025-09-19T14:03:35.429735",
  "data": {
    "financials": [
      {
        "dilutedAverageSharesOutstanding": 495,
        "dilutedEPS": 2.45,
        "ebit": 1905,
        "interestExpense": 243,
        "interestIncomeExpense": -231,
        "minorityInterest": -20,
        "netIncome": 1211,
        "netIncomeAfterTaxes": 1231,
        "nonRecurringItems": -76,
        "otherOperatingExpensesTotal": 1174,
        "period": "2025-06-30",
        "pretaxIncome": 1646,
        "provisionforIncomeTaxes": 415,
        "revenue": 6974,
        "sgaExpense": 3895,
        "totalOperatingExpense": 5069,
        "totalOtherIncomeExpenseNet": 48
      },
      {
        "dilutedAverageSharesOutstanding": 495,
        "dilutedEPS": 2.79,
        "ebit": 2115,
        "interestExpense": 245,
        "interestIncomeExpense": -221,
        "minorityInterest": -31,
        "netIncome": 1381,
        "netIncomeAfterTaxes": 1412,
        "nonRecurringItems": -110,
        "otherOperatingExpensesTotal": 1096,
        "period": "2025-03-31",
        "pretaxIncome": 1827,
        "provisionforIncomeTaxes": 415,
        "revenue": 7061,
        "sgaExpense": 3850,
        "totalOperatingExpense": 4946,
        "totalOtherIncomeExpenseNet": 43
      },
      {
        "dilutedAverageSharesOutstanding": 496,
        "dilutedEPS": 1.59,
        "ebit": 1348,
        "interestExpense": 231,
        "interestIncomeExpense": -200,
        "minorityInterest": -13,
        "netIncome": 788,
        "netIncomeAfterTaxes": 801,
        "nonRecurringItems": -206,
        "otherOperatingExpensesTotal": 1089,
        "period": "2024-12-31",
        "pretaxIncome": 1009,
        "provisionforIncomeTaxes": 208,
        "revenue": 6067,
        "sgaExpense": 3630,
        "totalOperatingExpense": 4719,
        "totalOtherIncomeExpenseNet": 67
      },
      {
        "dilutedAverageSharesOutstanding": 496,
        "dilutedEPS": 1.51,
        "ebit": 1182,
        "interestExpense": 154,
        "interestIncomeExpense": -141,
        "minorityInterest": -5,
        "netIncome": 747,
        "netIncomeAfterTaxes": 752,
        "nonRecurringItems": -74,
        "otherOperatingExpensesTotal": 1073,
        "period": "2024-09-30",
        "pretaxIncome": 1035,
        "provisionforIncomeTaxes": 283,
        "revenue": 5697,
        "sgaExpense": 3442,
        "totalOperatingExpense": 4515,
        "totalOtherIncomeExpenseNet": 68
      },
      {
        "dilutedAverageSharesOutstanding": 496,
        "dilutedEPS": 2.27,
        "ebit": 1707,
        "interestExpense": 156,
        "interestIncomeExpense": -143,
        "minorityInterest": -15,
        "netIncome": 1125,
        "netIncomeAfterTaxes": 1140,
        "nonRecurringItems": -65,
        "otherOperatingExpensesTotal": 1060,
        "period": "2024-06-30",
        "pretaxIncome": 1565,
        "provisionforIncomeTaxes": 425,
        "revenue": 6221,
        "sgaExpense": 3454,
        "totalOperatingExpense": 4514,
        "totalOtherIncomeExpenseNet": 66
      },
      {
        "dilutedAverageSharesOutstanding": 497,
        "dilutedEPS": 2.82,
        "ebit": 1970,
        "interestExpense": 159,
        "interestIncomeExpense": -121,
        "minorityInterest": -24,
        "netIncome": 1400,
        "netIncomeAfterTaxes": 1424,
        "nonRecurringItems": -45,
        "otherOperatingExpensesTotal": 1033,
        "period": "2024-03-31",
        "pretaxIncome": 1871,
        "provisionforIncomeTaxes": 447,
        "revenue": 6473,
        "sgaExpense": 3470,
        "totalOperatingExpense": 4503,
        "totalOtherIncomeExpenseNet": 67
      },
      {
        "dilutedAverageSharesOutstanding": 499,
        "dilutedEPS": 1.52,
        "ebit": 1234,
        "interestExpense": 151,
        "interestIncomeExpense": -114,
        "minorityInterest": -9,
        "netIncome": 756,
        "netIncomeAfterTaxes": 765,
        "nonRecurringItems": -131,
        "otherOperatingExpensesTotal": 1052,
        "period": "2023-12-31",
        "pretaxIncome": 1048,
        "provisionforIncomeTaxes": 283,
        "revenue": 5554,
        "sgaExpense": 3268,
        "totalOperatingExpense": 4320,
        "totalOtherIncomeExpenseNet": 59
      },
      {
        "dilutedAverageSharesOutstanding": 499,
        "dilutedEPS": 1.46,
        "ebit": 1048,
        "interestExpense": 145,
        "interestIncomeExpense": -128,
        "minorityInterest": -8,
        "netIncome": 730,
        "netIncomeAfterTaxes": 738,
        "nonRecurringItems": -52,
        "otherOperatingExpensesTotal": 1047,
        "period": "2023-09-30",
        "pretaxIncome": 930,
        "provisionforIncomeTaxes": 192,
        "revenue": 5382,
        "sgaExpense": 3287,
        "totalOperatingExpense": 4334,
        "totalOtherIncomeExpenseNet": 62
      },
      {
        "dilutedAverageSharesOutstanding": 499,
        "dilutedEPS": 2.07,
        "ebit": 1522,
        "interestExpense": 146,
        "interestIncomeExpense": -133,
        "minorityInterest": -12,
        "netIncome": 1035,
        "netIncomeAfterTaxes": 1047,
        "nonRecurringItems": -65,
        "otherOperatingExpensesTotal": 1017,
        "period": "2023-06-30",
        "pretaxIncome": 1384,
        "provisionforIncomeTaxes": 337,
        "revenue": 5876,
        "sgaExpense": 3337,
        "totalOperatingExpense": 4354,
        "totalOtherIncomeExpenseNet": 60
      },
      {
        "dilutedAverageSharesOutstanding": 500,
        "dilutedEPS": 2.47,
        "ebit": 1779,
        "interestExpense": 136,
        "interestIncomeExpense": -120,
        "minorityInterest": -17,
        "netIncome": 1235,
        "netIncomeAfterTaxes": 1252,
        "nonRecurringItems": -53,
        "otherOperatingExpensesTotal": 938,
        "period": "2023-03-31",
        "pretaxIncome": 1664,
        "provisionforIncomeTaxes": 412,
        "revenue": 5924,
        "sgaExpense": 3207,
        "totalOperatingExpense": 4145,
        "totalOtherIncomeExpenseNet": 58
      },
      {
        "dilutedAverageSharesOutstanding": 502,
        "dilutedEPS": 0.93,
        "ebit": 1011,
        "interestExpense": 127,
        "interestIncomeExpense": -124,
        "minorityInterest": -5,
        "netIncome": 466,
        "netIncomeAfterTaxes": 471,
        "nonRecurringItems": -331,
        "otherOperatingExpensesTotal": 973,
        "period": "2022-12-31",
        "pretaxIncome": 613,
        "provisionforIncomeTaxes": 142,
        "revenue": 5022,
        "sgaExpense": 3038,
        "totalOperatingExpense": 4011,
        "totalOtherIncomeExpenseNet": 57
      },
      {
        "dilutedAverageSharesOutstanding": 503,
        "dilutedEPS": 1.09,
        "ebit": 829,
        "interestExpense": 118,
        "interestIncomeExpense": -115,
        "minorityInterest": -6,
        "netIncome": 546,
        "netIncomeAfterTaxes": 552,
        "nonRecurringItems": -38,
        "otherOperatingExpensesTotal": 1018,
        "period": "2022-09-30",
        "pretaxIncome": 733,
        "provisionforIncomeTaxes": 181,
        "revenue": 4770,
        "sgaExpense": 2923,
        "totalOperatingExpense": 3941,
        "totalOtherIncomeExpenseNet": 57
      },
      {
        "dilutedAverageSharesOutstanding": 506,
        "dilutedEPS": 1.91,
        "ebit": 1392,
        "interestExpense": 114,
        "interestIncomeExpense": -111,
        "minorityInterest": -11,
        "netIncome": 967,
        "netIncomeAfterTaxes": 978,
        "nonRecurringItems": -28,
        "otherOperatingExpensesTotal": 977,
        "period": "2022-06-30",
        "pretaxIncome": 1312,
        "provisionforIncomeTaxes": 334,
        "revenue": 5379,
        "sgaExpense": 3010,
        "totalOperatingExpense": 3987,
        "totalOtherIncomeExpenseNet": 59
      },
      {
        "dilutedAverageSharesOutstanding": 509,
        "dilutedEPS": 2.1,
        "ebit": 1475,
        "interestExpense": 110,
        "interestIncomeExpense": -83,
        "minorityInterest": -15,
        "netIncome": 1071,
        "netIncomeAfterTaxes": 1086,
        "nonRecurringItems": -30,
        "otherOperatingExpensesTotal": 974,
        "period": "2022-03-31",
        "pretaxIncome": 1424,
        "provisionforIncomeTaxes": 338,
        "revenue": 5549,
        "sgaExpense": 3100,
        "totalOperatingExpense": 4074,
        "totalOtherIncomeExpenseNet": 62
      },
      {
        "dilutedAverageSharesOutstanding": 513,
        "dilutedEPS": 1.57,
        "ebit": 1018,
        "interestExpense": 109,
        "interestIncomeExpense": -91,
        "minorityInterest": -4,
        "netIncome": 803,
        "netIncomeAfterTaxes": 807,
        "nonRecurringItems": -32,
        "otherOperatingExpensesTotal": 1214,
        "period": "2021-12-31",
        "pretaxIncome": 961,
        "provisionforIncomeTaxes": 154,
        "revenue": 5137,
        "sgaExpense": 2905,
        "totalOperatingExpense": 4119,
        "totalOtherIncomeExpenseNet": 66
      },
      {
        "dilutedAverageSharesOutstanding": 513,
        "dilutedEPS": 1.05,
        "ebit": 759,
        "interestExpense": 107,
        "interestIncomeExpense": -93,
        "minorityInterest": -5,
        "netIncome": 537,
        "netIncomeAfterTaxes": 542,
        "nonRecurringItems": -19,
        "otherOperatingExpensesTotal": 971,
        "period": "2021-09-30",
        "pretaxIncome": 716,
        "provisionforIncomeTaxes": 174,
        "revenue": 4583,
        "sgaExpense": 2853,
        "totalOperatingExpense": 3824,
        "totalOtherIncomeExpenseNet": 69
      },
      {
        "dilutedAverageSharesOutstanding": 513,
        "dilutedEPS": 1.6,
        "ebit": 1247,
        "interestExpense": 110,
        "interestIncomeExpense": -90,
        "minorityInterest": -7,
        "netIncome": 820,
        "netIncomeAfterTaxes": 827,
        "nonRecurringItems": -19,
        "otherOperatingExpensesTotal": 910,
        "period": "2021-06-30",
        "pretaxIncome": 1209,
        "provisionforIncomeTaxes": 382,
        "revenue": 5017,
        "sgaExpense": 2860,
        "totalOperatingExpense": 3770,
        "totalOtherIncomeExpenseNet": 71
      },
      {
        "dilutedAverageSharesOutstanding": 514,
        "dilutedEPS": 1.91,
        "ebit": 1381,
        "interestExpense": 118,
        "interestIncomeExpense": -107,
        "minorityInterest": -15,
        "netIncome": 983,
        "netIncomeAfterTaxes": 998,
        "nonRecurringItems": -23,
        "otherOperatingExpensesTotal": 895,
        "period": "2021-03-31",
        "pretaxIncome": 1322,
        "provisionforIncomeTaxes": 324,
        "revenue": 5083,
        "sgaExpense": 2807,
        "totalOperatingExpense": 3702,
        "totalOtherIncomeExpenseNet": 71
      },
      {
        "dilutedAverageSharesOutstanding": 515,
        "dilutedEPS": 0.73,
        "ebit": 641,
        "interestExpense": 128,
        "interestIncomeExpense": -101,
        "minorityInterest": -5,
        "netIncome": 374,
        "netIncomeAfterTaxes": 379,
        "nonRecurringItems": -70,
        "otherOperatingExpensesTotal": 1125,
        "period": "2020-12-31",
        "pretaxIncome": 540,
        "provisionforIncomeTaxes": 161,
        "revenue": 4416,
        "sgaExpense": 2650,
        "totalOperatingExpense": 3775,
        "totalOtherIncomeExpenseNet": 70
      },
      {
        "dilutedAverageSharesOutstanding": 512,
        "dilutedEPS": 0.62,
        "ebit": 584,
        "interestExpense": 128,
        "interestIncomeExpense": -141,
        "minorityInterest": -4,
        "netIncome": 316,
        "netIncomeAfterTaxes": 320,
        "nonRecurringItems": -44,
        "otherOperatingExpensesTotal": 889,
        "period": "2020-09-30",
        "pretaxIncome": 459,
        "provisionforIncomeTaxes": 139,
        "revenue": 3968,
        "sgaExpense": 2495,
        "totalOperatingExpense": 3384,
        "totalOtherIncomeExpenseNet": 60
      },
      {
        "dilutedAverageSharesOutstanding": 511,
        "dilutedEPS": 1.12,
        "ebit": 942,
        "interestExpense": 132,
        "interestIncomeExpense": -161,
        "minorityInterest": -8,
        "netIncome": 572,
        "netIncomeAfterTaxes": 580,
        "nonRecurringItems": -57,
        "otherOperatingExpensesTotal": 818,
        "period": "2020-06-30",
        "pretaxIncome": 787,
        "provisionforIncomeTaxes": 207,
        "revenue": 4189,
        "sgaExpense": 2429,
        "totalOperatingExpense": 3247,
        "totalOtherIncomeExpenseNet": 63
      },
      {
        "dilutedAverageSharesOutstanding": 510,
        "dilutedEPS": 1.48,
        "ebit": 1150,
        "interestExpense": 127,
        "interestIncomeExpense": -127,
        "minorityInterest": -13,
        "netIncome": 754,
        "netIncomeAfterTaxes": 767,
        "nonRecurringItems": -80,
        "otherOperatingExpensesTotal": 946,
        "period": "2020-03-31",
        "pretaxIncome": 1007,
        "provisionforIncomeTaxes": 240,
        "revenue": 4651,
        "sgaExpense": 2555,
        "totalOperatingExpense": 3501,
        "totalOtherIncomeExpenseNet": 64
      },
      {
        "dilutedAverageSharesOutstanding": 511,
        "dilutedEPS": 0.77,
        "ebit": 735,
        "interestExpense": 130,
        "interestIncomeExpense": -123,
        "minorityInterest": -5,
        "netIncome": 391,
        "netIncomeAfterTaxes": 396,
        "nonRecurringItems": -143,
        "otherOperatingExpensesTotal": 1051,
        "period": "2019-12-31",
        "pretaxIncome": 531,
        "provisionforIncomeTaxes": 135,
        "revenue": 4264,
        "sgaExpense": 2478,
        "totalOperatingExpense": 3529,
        "totalOtherIncomeExpenseNet": 62
      },
      {
        "dilutedAverageSharesOutstanding": 511,
        "dilutedEPS": 0.59,
        "ebit": 544,
        "interestExpense": 133,
        "interestIncomeExpense": -122,
        "minorityInterest": -3,
        "netIncome": 303,
        "netIncomeAfterTaxes": 306,
        "nonRecurringItems": -77,
        "otherOperatingExpensesTotal": 987,
        "period": "2019-09-30",
        "pretaxIncome": 414,
        "provisionforIncomeTaxes": 108,
        "revenue": 3968,
        "sgaExpense": 2437,
        "totalOperatingExpense": 3424,
        "totalOtherIncomeExpenseNet": 69
      },
      {
        "dilutedAverageSharesOutstanding": 512,
        "dilutedEPS": 0.65,
        "ebit": 778,
        "interestExpense": 141,
        "interestIncomeExpense": -168,
        "minorityInterest": -12,
        "netIncome": 332,
        "netIncomeAfterTaxes": 344,
        "nonRecurringItems": -130,
        "otherOperatingExpensesTotal": 1034,
        "period": "2019-06-30",
        "pretaxIncome": 550,
        "provisionforIncomeTaxes": 206,
        "revenue": 4349,
        "sgaExpense": 2537,
        "totalOperatingExpense": 3571,
        "totalOtherIncomeExpenseNet": 70
      },
      {
        "dilutedAverageSharesOutstanding": 511,
        "dilutedEPS": 1.4,
        "ebit": 958,
        "interestExpense": 120,
        "interestIncomeExpense": -58,
        "minorityInterest": -11,
        "netIncome": 716,
        "netIncomeAfterTaxes": 727,
        "nonRecurringItems": -20,
        "otherOperatingExpensesTotal": 831,
        "period": "2019-03-31",
        "pretaxIncome": 944,
        "provisionforIncomeTaxes": 217,
        "revenue": 4071,
        "sgaExpense": 2282,
        "totalOperatingExpense": 3113,
        "totalOtherIncomeExpenseNet": 64
      },
      {
        "dilutedAverageSharesOutstanding": 508,
        "dilutedEPS": 0.31,
        "ebit": 621,
        "interestExpense": 92,
        "interestIncomeExpense": -418,
        "minorityInterest": -6,
        "netIncome": 153,
        "netIncomeAfterTaxes": 165,
        "otherOperatingExpensesTotal": 928,
        "period": "2018-12-31",
        "pretaxIncome": 224,
        "provisionforIncomeTaxes": 59,
        "revenue": 3712,
        "sgaExpense": 2163,
        "totalOperatingExpense": 3091,
        "totalOtherIncomeExpenseNet": 21
      },
      {
        "dilutedAverageSharesOutstanding": 510,
        "dilutedEPS": 0.54,
        "ebit": 541,
        "interestExpense": 69,
        "interestIncomeExpense": -219,
        "minorityInterest": -3,
        "netIncome": 276,
        "netIncomeAfterTaxes": 265,
        "otherOperatingExpensesTotal": 880,
        "period": "2018-09-30",
        "pretaxIncome": 385,
        "provisionforIncomeTaxes": 120,
        "revenue": 3504,
        "sgaExpense": 2083,
        "totalOperatingExpense": 2963,
        "totalOtherIncomeExpenseNet": 63
      },
      {
        "dilutedAverageSharesOutstanding": 512,
        "dilutedEPS": 1.04,
        "ebit": 691,
        "interestExpense": 68,
        "interestIncomeExpense": -37,
        "minorityInterest": -5,
        "netIncome": 531,
        "netIncomeAfterTaxes": 536,
        "otherOperatingExpensesTotal": 908,
        "period": "2018-06-30",
        "pretaxIncome": 719,
        "provisionforIncomeTaxes": 183,
        "revenue": 3734,
        "sgaExpense": 2135,
        "totalOperatingExpense": 3043,
        "totalOtherIncomeExpenseNet": 65
      },
      {
        "dilutedAverageSharesOutstanding": 514,
        "dilutedEPS": 1.35,
        "ebit": 908,
        "interestExpense": 61,
        "interestIncomeExpense": -58,
        "minorityInterest": -6,
        "netIncome": 690,
        "netIncomeAfterTaxes": 699,
        "otherOperatingExpensesTotal": 868,
        "period": "2018-03-31",
        "pretaxIncome": 916,
        "provisionforIncomeTaxes": 217,
        "revenue": 4000,
        "sgaExpense": 2224,
        "totalOperatingExpense": 3092,
        "totalOtherIncomeExpenseNet": 66
      },
      {
        "dilutedAverageSharesOutstanding": 516,
        "dilutedEPS": 0.05,
        "ebit": 670,
        "interestExpense": 59,
        "interestIncomeExpense": -44,
        "minorityInterest": -1,
        "netIncome": 29,
        "netIncomeAfterTaxes": 488,
        "otherOperatingExpensesTotal": 901,
        "period": "2017-12-31",
        "pretaxIncome": 642,
        "provisionforIncomeTaxes": 154,
        "revenue": 3685,
        "sgaExpense": 2114,
        "totalOperatingExpense": 3015,
        "totalOtherIncomeExpenseNet": 16
      },
      {
        "dilutedAverageSharesOutstanding": 519,
        "dilutedEPS": 0.76,
        "ebit": 535,
        "interestExpense": 60,
        "interestIncomeExpense": -60,
        "minorityInterest": -4,
        "netIncome": 393,
        "netIncomeAfterTaxes": 397,
        "otherOperatingExpensesTotal": 838,
        "period": "2017-09-30",
        "pretaxIncome": 537,
        "provisionforIncomeTaxes": 140,
        "revenue": 3341,
        "sgaExpense": 1968,
        "totalOperatingExpense": 2806,
        "totalOtherIncomeExpenseNet": 62
      },
      {
        "dilutedAverageSharesOutstanding": 520,
        "dilutedEPS": 0.96,
        "ebit": 701,
        "interestExpense": 60,
        "interestIncomeExpense": -53,
        "minorityInterest": -6,
        "netIncome": 501,
        "netIncomeAfterTaxes": 507,
        "otherOperatingExpensesTotal": 796,
        "period": "2017-06-30",
        "pretaxIncome": 711,
        "provisionforIncomeTaxes": 204,
        "revenue": 3495,
        "sgaExpense": 1998,
        "totalOperatingExpense": 2794,
        "totalOtherIncomeExpenseNet": 63
      },
      {
        "dilutedAverageSharesOutstanding": 522,
        "dilutedEPS": 1.09,
        "ebit": 749,
        "interestExpense": 58,
        "interestIncomeExpense": -56,
        "minorityInterest": -9,
        "netIncome": 569,
        "netIncomeAfterTaxes": 578,
        "otherOperatingExpensesTotal": 749,
        "period": "2017-03-31",
        "pretaxIncome": 753,
        "provisionforIncomeTaxes": 175,
        "revenue": 3503,
        "sgaExpense": 2005,
        "totalOperatingExpense": 2754,
        "totalOtherIncomeExpenseNet": 60
      },
      {
        "dilutedAverageSharesOutstanding": 521,
        "dilutedEPS": 0.84,
        "ebit": 400,
        "interestExpense": 48,
        "interestIncomeExpense": -45,
        "minorityInterest": -5,
        "netIncome": 436,
        "netIncomeAfterTaxes": 441,
        "otherOperatingExpensesTotal": 813,
        "period": "2016-12-31",
        "pretaxIncome": 588,
        "provisionforIncomeTaxes": 147,
        "revenue": 3364,
        "sgaExpense": 2151,
        "totalOperatingExpense": 2964,
        "totalOtherIncomeExpenseNet": 233
      },
      {
        "dilutedAverageSharesOutstanding": 523,
        "dilutedEPS": 0.72,
        "ebit": 572,
        "interestExpense": 47,
        "interestIncomeExpense": -47,
        "minorityInterest": -5,
        "netIncome": 379,
        "netIncomeAfterTaxes": 384,
        "otherOperatingExpensesTotal": 746,
        "period": "2016-09-30",
        "pretaxIncome": 525,
        "provisionforIncomeTaxes": 141,
        "revenue": 3135,
        "sgaExpense": 1817,
        "totalOperatingExpense": 2563
      },
      {
        "dilutedAverageSharesOutstanding": 525,
        "dilutedEPS": 0.9,
        "ebit": 726,
        "interestExpense": 48,
        "interestIncomeExpense": -45,
        "minorityInterest": -8,
        "netIncome": 472,
        "netIncomeAfterTaxes": 480,
        "otherOperatingExpensesTotal": 778,
        "period": "2016-06-30",
        "pretaxIncome": 681,
        "provisionforIncomeTaxes": 201,
        "revenue": 3376,
        "sgaExpense": 1872,
        "totalOperatingExpense": 2650
      },
      {
        "dilutedAverageSharesOutstanding": 526,
        "dilutedEPS": 0.91,
        "ebit": 733,
        "interestExpense": 46,
        "interestIncomeExpense": -47,
        "minorityInterest": -9,
        "netIncome": 481,
        "netIncomeAfterTaxes": 490,
        "otherOperatingExpensesTotal": 749,
        "period": "2016-03-31",
        "pretaxIncome": 686,
        "provisionforIncomeTaxes": 196,
        "revenue": 3336,
        "sgaExpense": 1854,
        "totalOperatingExpense": 2603
      },
      {
        "dilutedAverageSharesOutstanding": 524,
        "dilutedEPS": 0.71,
        "ebit": 594,
        "interestExpense": 46,
        "interestIncomeExpense": -43,
        "minorityInterest": -6,
        "netIncome": 375,
        "netIncomeAfterTaxes": 380,
        "nonRecurringItems": 0,
        "otherOperatingExpensesTotal": 844,
        "period": "2015-12-31",
        "pretaxIncome": 551,
        "provisionforIncomeTaxes": 171,
        "revenue": 3338,
        "sgaExpense": 1900,
        "totalOperatingExpense": 2744
      },
      {
        "dilutedAverageSharesOutstanding": 533,
        "dilutedEPS": 0.6,
        "ebit": 461,
        "interestExpense": 41,
        "interestIncomeExpense": -4,
        "minorityInterest": -8,
        "netIncome": 323,
        "netIncomeAfterTaxes": 329,
        "otherOperatingExpensesTotal": 776,
        "period": "2015-09-30",
        "pretaxIncome": 457,
        "provisionforIncomeTaxes": 128,
        "revenue": 3115,
        "sgaExpense": 1878,
        "totalOperatingExpense": 2654
      }
    ],
    "symbol": "MMC"
  }
}