{
  "symbol": "APH",
  "statement": "ic",
  "frequency": "quarterly",
  "timestamp": "2025-09-19T13:56:00.477748",
  "data": {
    "financials": [
      {
        "costOfGoodsSold": 3597,
        "dilutedAverageSharesOutstanding": 1272.2,
        "dilutedEPS": 0.8578,
        "ebit": 1430.8,
        "grossIncome": 2053.3,
        "interestExpense": 80.9,
        "interestIncomeExpense": -80.9,
        "minorityInterest": -9.5,
        "netIncome": 1091.3,
        "netIncomeAfterTaxes": 1100.8,
        "nonRecurringItems": -12,
        "period": "2025-06-30",
        "pretaxIncome": 1348.1,
        "provisionforIncomeTaxes": 247.3,
        "revenue": 5650.3,
        "sgaExpense": 622.5,
        "totalOperatingExpense": 622.5,
        "totalOtherIncomeExpenseNet": 10.2
      },
      {
        "costOfGoodsSold": 3167,
        "dilutedAverageSharesOutstanding": 1266.2,
        "dilutedEPS": 0.5827,
        "ebit": 1068.8,
        "grossIncome": 1644,
        "interestExpense": 76.5,
        "interestIncomeExpense": -76.5,
        "minorityInterest": -6.4,
        "netIncome": 737.8,
        "netIncomeAfterTaxes": 744.2,
        "nonRecurringItems": -44,
        "period": "2025-03-31",
        "pretaxIncome": 962.9,
        "provisionforIncomeTaxes": 218.7,
        "revenue": 4811,
        "sgaExpense": 575.2,
        "totalOperatingExpense": 575.2,
        "totalOtherIncomeExpenseNet": 14.6
      },
      {
        "costOfGoodsSold": 2837.1,
        "dilutedAverageSharesOutstanding": 1268.1,
        "dilutedEPS": 0.5884,
        "ebit": 965.7,
        "grossIncome": 1480.7,
        "interestExpense": 66.9,
        "interestIncomeExpense": -66.9,
        "minorityInterest": -5.8,
        "netIncome": 746.2,
        "netIncomeAfterTaxes": 752,
        "nonRecurringItems": -12,
        "period": "2024-12-31",
        "pretaxIncome": 910.3,
        "provisionforIncomeTaxes": 158.3,
        "revenue": 4317.8,
        "sgaExpense": 515,
        "totalOperatingExpense": 515,
        "totalOtherIncomeExpenseNet": 23.5
      },
      {
        "costOfGoodsSold": 2681.9,
        "dilutedAverageSharesOutstanding": 1265.5,
        "dilutedEPS": 0.48,
        "ebit": 864.9,
        "grossIncome": 1356.9,
        "interestExpense": 55.7,
        "interestIncomeExpense": -55.7,
        "minorityInterest": -4.5,
        "netIncome": 604.4,
        "netIncomeAfterTaxes": 608.9,
        "nonRecurringItems": -45.4,
        "period": "2024-09-30",
        "pretaxIncome": 775,
        "provisionforIncomeTaxes": 166.1,
        "revenue": 4038.8,
        "sgaExpense": 492,
        "totalOperatingExpense": 492,
        "totalOtherIncomeExpenseNet": 11.2
      },
      {
        "costOfGoodsSold": 2396.6,
        "dilutedAverageSharesOutstanding": 1264.9,
        "dilutedEPS": 0.41,
        "ebit": 768.8,
        "grossIncome": 1213.1,
        "interestExpense": 56.3,
        "interestIncomeExpense": -56.3,
        "minorityInterest": -3.9,
        "netIncome": 524.8,
        "netIncomeAfterTaxes": 528.7,
        "nonRecurringItems": -70,
        "period": "2024-06-30",
        "pretaxIncome": 663.8,
        "provisionforIncomeTaxes": 135.1,
        "revenue": 3609.7,
        "sgaExpense": 444.3,
        "totalOperatingExpense": 444.3,
        "totalOtherIncomeExpenseNet": 21.3
      },
      {
        "costOfGoodsSold": 2167.3,
        "dilutedAverageSharesOutstanding": 1255.8,
        "dilutedEPS": 0.44,
        "ebit": 684.8,
        "grossIncome": 1089,
        "interestExpense": 38.1,
        "interestIncomeExpense": -38.1,
        "minorityInterest": -3.3,
        "netIncome": 548.7,
        "netIncomeAfterTaxes": 552,
        "nonRecurringItems": 0,
        "period": "2024-03-31",
        "pretaxIncome": 662.7,
        "provisionforIncomeTaxes": 110.7,
        "revenue": 3256.3,
        "sgaExpense": 404.2,
        "totalOperatingExpense": 404.2,
        "totalOtherIncomeExpenseNet": 16
      },
      {
        "costOfGoodsSold": 2227.1,
        "dilutedAverageSharesOutstanding": 1244.2,
        "dilutedEPS": 0.41,
        "ebit": 706.2,
        "grossIncome": 1100.4,
        "interestExpense": 35,
        "interestIncomeExpense": -35,
        "minorityInterest": -4.7,
        "netIncome": 514.4,
        "netIncomeAfterTaxes": 519.1,
        "nonRecurringItems": -16.2,
        "period": "2023-12-31",
        "pretaxIncome": 665.4,
        "provisionforIncomeTaxes": 146.3,
        "revenue": 3327.5,
        "sgaExpense": 394.2,
        "totalOperatingExpense": 394.2,
        "totalOtherIncomeExpenseNet": 10.4
      },
      {
        "costOfGoodsSold": 2150.7,
        "dilutedAverageSharesOutstanding": 1244,
        "dilutedEPS": 0.41,
        "ebit": 666.9,
        "grossIncome": 1048.5,
        "interestExpense": 33.6,
        "interestIncomeExpense": -33.6,
        "minorityInterest": -4.4,
        "netIncome": 513.9,
        "netIncomeAfterTaxes": 518.3,
        "nonRecurringItems": -9,
        "period": "2023-09-30",
        "pretaxIncome": 633.5,
        "provisionforIncomeTaxes": 115.2,
        "revenue": 3199.2,
        "sgaExpense": 381.6,
        "totalOperatingExpense": 381.6,
        "totalOtherIncomeExpenseNet": 9.2
      },
      {
        "costOfGoodsSold": 2062.2,
        "dilutedAverageSharesOutstanding": 1236.4,
        "dilutedEPS": 0.37,
        "ebit": 623.9,
        "grossIncome": 991.7,
        "interestExpense": 35,
        "interestIncomeExpense": -35,
        "minorityInterest": -4.8,
        "netIncome": 460.5,
        "netIncomeAfterTaxes": 465.3,
        "nonRecurringItems": 1.4,
        "period": "2023-06-30",
        "pretaxIncome": 595.9,
        "provisionforIncomeTaxes": 130.6,
        "revenue": 3053.9,
        "sgaExpense": 367.8,
        "totalOperatingExpense": 367.8,
        "totalOtherIncomeExpenseNet": 5.6
      },
      {
        "costOfGoodsSold": 2030.6,
        "dilutedAverageSharesOutstanding": 1239.8,
        "dilutedEPS": 0.35,
        "ebit": 597.1,
        "grossIncome": 943.4,
        "interestExpense": 35.9,
        "interestIncomeExpense": -35.9,
        "minorityInterest": -3.5,
        "netIncome": 439.2,
        "netIncomeAfterTaxes": 442.7,
        "nonRecurringItems": -5.4,
        "period": "2023-03-31",
        "pretaxIncome": 559.9,
        "provisionforIncomeTaxes": 117.2,
        "revenue": 2974,
        "sgaExpense": 346.3,
        "totalOperatingExpense": 346.3,
        "totalOtherIncomeExpenseNet": 4.1
      },
      {
        "costOfGoodsSold": 2201.7,
        "dilutedAverageSharesOutstanding": 1239,
        "dilutedEPS": 0.41,
        "ebit": 675.6,
        "grossIncome": 1037.5,
        "interestExpense": 37.1,
        "interestIncomeExpense": -37.1,
        "minorityInterest": -3.5,
        "netIncome": 507.5,
        "netIncomeAfterTaxes": 511,
        "nonRecurringItems": -9.5,
        "period": "2022-12-31",
        "pretaxIncome": 632.4,
        "provisionforIncomeTaxes": 121.4,
        "revenue": 3239.2,
        "sgaExpense": 361.9,
        "totalOperatingExpense": 361.9,
        "totalOtherIncomeExpenseNet": 3.4
      },
      {
        "costOfGoodsSold": 2235.2,
        "dilutedAverageSharesOutstanding": 1238.6,
        "dilutedEPS": 0.4,
        "ebit": 693.1,
        "grossIncome": 1060,
        "interestExpense": 32.8,
        "interestIncomeExpense": -32.8,
        "minorityInterest": -3.9,
        "netIncome": 496.6,
        "netIncomeAfterTaxes": 500.5,
        "nonRecurringItems": -12,
        "period": "2022-09-30",
        "pretaxIncome": 650.9,
        "provisionforIncomeTaxes": 150.4,
        "revenue": 3295.2,
        "sgaExpense": 366.9,
        "totalOperatingExpense": 366.9,
        "totalOtherIncomeExpenseNet": 2.6
      },
      {
        "costOfGoodsSold": 2132.6,
        "dilutedAverageSharesOutstanding": 1239.4,
        "dilutedEPS": 0.38,
        "ebit": 648.8,
        "grossIncome": 1004.2,
        "interestExpense": 30.5,
        "interestIncomeExpense": -30.5,
        "minorityInterest": -3.6,
        "netIncome": 472.5,
        "netIncomeAfterTaxes": 476.1,
        "nonRecurringItems": 0,
        "period": "2022-06-30",
        "pretaxIncome": 620.6,
        "provisionforIncomeTaxes": 144.5,
        "revenue": 3136.8,
        "sgaExpense": 355.4,
        "totalOperatingExpense": 355.4,
        "totalOtherIncomeExpenseNet": 2.3
      },
      {
        "costOfGoodsSold": 2025.3,
        "dilutedAverageSharesOutstanding": 1251.2,
        "dilutedEPS": 0.34,
        "ebit": 589.8,
        "grossIncome": 926.6,
        "interestExpense": 28.1,
        "interestIncomeExpense": -28.1,
        "minorityInterest": -3.5,
        "netIncome": 425.7,
        "netIncomeAfterTaxes": 429.2,
        "period": "2022-03-31",
        "pretaxIncome": 563.4,
        "provisionforIncomeTaxes": 134.2,
        "revenue": 2951.9,
        "sgaExpense": 336.8,
        "totalOperatingExpense": 336.8,
        "totalOtherIncomeExpenseNet": 1.7
      },
      {
        "costOfGoodsSold": 2085.6,
        "dilutedAverageSharesOutstanding": 1256.4,
        "dilutedEPS": 0.36,
        "ebit": 607.9,
        "grossIncome": 941.2,
        "interestExpense": 28.8,
        "interestIncomeExpense": -28.8,
        "minorityInterest": -3.8,
        "netIncome": 465,
        "netIncomeAfterTaxes": 457.7,
        "nonRecurringItems": -15,
        "period": "2021-12-31",
        "pretaxIncome": 564,
        "provisionforIncomeTaxes": 106.3,
        "revenue": 3026.8,
        "sgaExpense": 333.3,
        "totalOperatingExpense": 333.3,
        "totalOtherIncomeExpenseNet": -0.1
      },
      {
        "costOfGoodsSold": 1928.6,
        "dilutedAverageSharesOutstanding": 1251.6,
        "dilutedEPS": 0.33,
        "ebit": 571.2,
        "grossIncome": 889.9,
        "interestExpense": 29,
        "interestIncomeExpense": -29,
        "minorityInterest": -2.9,
        "netIncome": 426.5,
        "netIncomeAfterTaxes": 421.7,
        "nonRecurringItems": 0,
        "period": "2021-09-30",
        "pretaxIncome": 542.2,
        "provisionforIncomeTaxes": 120.5,
        "revenue": 2818.5,
        "sgaExpense": 318.7,
        "totalOperatingExpense": 318.7,
        "totalOtherIncomeExpenseNet": 0
      },
      {
        "costOfGoodsSold": 1810.7,
        "dilutedAverageSharesOutstanding": 1247.6,
        "dilutedEPS": 0.29,
        "ebit": 531.6,
        "grossIncome": 843.2,
        "interestExpense": 29.1,
        "interestIncomeExpense": -29.1,
        "minorityInterest": -1.8,
        "netIncome": 369.8,
        "netIncomeAfterTaxes": 369,
        "nonRecurringItems": -55.4,
        "period": "2021-06-30",
        "pretaxIncome": 447.1,
        "provisionforIncomeTaxes": 78.1,
        "revenue": 2653.9,
        "sgaExpense": 311.6,
        "totalOperatingExpense": 311.6,
        "totalOtherIncomeExpenseNet": 0
      },
      {
        "costOfGoodsSold": 1649.6,
        "dilutedAverageSharesOutstanding": 1248.2,
        "dilutedEPS": 0.26,
        "ebit": 464.8,
        "grossIncome": 727.5,
        "interestExpense": 28.6,
        "interestIncomeExpense": -28.6,
        "minorityInterest": -2.2,
        "netIncome": 329.6,
        "netIncomeAfterTaxes": 331.8,
        "period": "2021-03-31",
        "pretaxIncome": 435.9,
        "provisionforIncomeTaxes": 104.1,
        "revenue": 2377.1,
        "sgaExpense": 262.7,
        "totalOperatingExpense": 262.7,
        "totalOtherIncomeExpenseNet": -0.3
      },
      {
        "costOfGoodsSold": 1660.4,
        "dilutedAverageSharesOutstanding": 1245.6,
        "dilutedEPS": 0.29,
        "ebit": 499.8,
        "grossIncome": 765.6,
        "interestExpense": 28.3,
        "interestIncomeExpense": -28.3,
        "minorityInterest": -3.2,
        "netIncome": 357,
        "netIncomeAfterTaxes": 360.2,
        "nonRecurringItems": -11.5,
        "period": "2020-12-31",
        "pretaxIncome": 460.2,
        "provisionforIncomeTaxes": 100,
        "revenue": 2426,
        "sgaExpense": 265.8,
        "totalOperatingExpense": 265.8,
        "totalOtherIncomeExpenseNet": 0.2
      },
      {
        "costOfGoodsSold": 1588.5,
        "dilutedAverageSharesOutstanding": 1232.8,
        "dilutedEPS": 0.28,
        "ebit": 475.8,
        "grossIncome": 734.9,
        "interestExpense": 28,
        "interestIncomeExpense": -28,
        "minorityInterest": -2.9,
        "netIncome": 346.6,
        "netIncomeAfterTaxes": 349.5,
        "nonRecurringItems": 0,
        "period": "2020-09-30",
        "pretaxIncome": 448.8,
        "provisionforIncomeTaxes": 99.3,
        "revenue": 2323.4,
        "sgaExpense": 259.1,
        "totalOperatingExpense": 259.1,
        "totalOtherIncomeExpenseNet": 1
      },
      {
        "costOfGoodsSold": 1383.7,
        "dilutedAverageSharesOutstanding": 1216,
        "dilutedEPS": 0.21,
        "ebit": 357.4,
        "grossIncome": 603.8,
        "interestExpense": 30.2,
        "interestIncomeExpense": -30.2,
        "minorityInterest": -2.8,
        "netIncome": 257.7,
        "netIncomeAfterTaxes": 260.5,
        "nonRecurringItems": 0,
        "period": "2020-06-30",
        "pretaxIncome": 328.5,
        "provisionforIncomeTaxes": 68,
        "revenue": 1987.5,
        "sgaExpense": 246.4,
        "totalOperatingExpense": 246.4,
        "totalOtherIncomeExpenseNet": 1.3
      },
      {
        "costOfGoodsSold": 1302.2,
        "dilutedAverageSharesOutstanding": 1226,
        "dilutedEPS": 0.2,
        "ebit": 316.9,
        "grossIncome": 559.8,
        "interestExpense": 28.8,
        "interestIncomeExpense": -28.8,
        "minorityInterest": -1.1,
        "netIncome": 242.1,
        "netIncomeAfterTaxes": 243.2,
        "nonRecurringItems": 0,
        "period": "2020-03-31",
        "pretaxIncome": 289.2,
        "provisionforIncomeTaxes": 46,
        "revenue": 1862,
        "sgaExpense": 242.9,
        "totalOperatingExpense": 242.9,
        "totalOtherIncomeExpenseNet": 1.1
      },
      {
        "costOfGoodsSold": 1472.3,
        "dilutedAverageSharesOutstanding": 1232.8,
        "dilutedEPS": 0.26,
        "ebit": 429.8,
        "grossIncome": 678.7,
        "interestExpense": 28.1,
        "interestIncomeExpense": -28.1,
        "minorityInterest": -2.1,
        "netIncome": 318.7,
        "netIncomeAfterTaxes": 320.8,
        "nonRecurringItems": 0,
        "period": "2019-12-31",
        "pretaxIncome": 402.7,
        "provisionforIncomeTaxes": 81.9,
        "revenue": 2151,
        "sgaExpense": 248.9,
        "totalOperatingExpense": 248.9,
        "totalOtherIncomeExpenseNet": 1
      },
      {
        "costOfGoodsSold": 1438.7,
        "dilutedAverageSharesOutstanding": 1224.8,
        "dilutedEPS": 0.23,
        "ebit": 413.6,
        "grossIncome": 661.9,
        "interestExpense": 29.7,
        "interestIncomeExpense": -29.7,
        "minorityInterest": -2,
        "netIncome": 280.3,
        "netIncomeAfterTaxes": 282.3,
        "nonRecurringItems": -14.3,
        "period": "2019-09-30",
        "pretaxIncome": 374.1,
        "provisionforIncomeTaxes": 91.8,
        "revenue": 2100.6,
        "sgaExpense": 248.3,
        "totalOperatingExpense": 248.3,
        "totalOtherIncomeExpenseNet": 4.5
      },
      {
        "costOfGoodsSold": 1367.7,
        "dilutedAverageSharesOutstanding": 1234.8,
        "dilutedEPS": 0.23,
        "ebit": 408.4,
        "grossIncome": 647.6,
        "interestExpense": 30,
        "interestIncomeExpense": -30,
        "minorityInterest": -2.5,
        "netIncome": 288.4,
        "netIncomeAfterTaxes": 290.9,
        "nonRecurringItems": -8.9,
        "period": "2019-06-30",
        "pretaxIncome": 369.6,
        "provisionforIncomeTaxes": 78.7,
        "revenue": 2015.3,
        "sgaExpense": 239.2,
        "totalOperatingExpense": 239.2,
        "totalOtherIncomeExpenseNet": 0.1
      },
      {
        "costOfGoodsSold": 1330.7,
        "dilutedAverageSharesOutstanding": 1234.4,
        "dilutedEPS": 0.22,
        "ebit": 392.7,
        "grossIncome": 627.8,
        "interestExpense": 29.7,
        "interestIncomeExpense": -29.7,
        "minorityInterest": -2.4,
        "netIncome": 267.5,
        "netIncomeAfterTaxes": 269.9,
        "nonRecurringItems": -16.5,
        "period": "2019-03-31",
        "pretaxIncome": 349.5,
        "provisionforIncomeTaxes": 79.6,
        "revenue": 1958.5,
        "sgaExpense": 235.1,
        "totalOperatingExpense": 235.1,
        "totalOtherIncomeExpenseNet": 3
      },
      {
        "costOfGoodsSold": 1509.7,
        "dilutedAverageSharesOutstanding": 1238.4,
        "dilutedEPS": 0.29,
        "ebit": 466.1,
        "grossIncome": 715,
        "interestExpense": 26.4,
        "interestIncomeExpense": -26.4,
        "minorityInterest": -3.1,
        "netIncome": 338.1,
        "netIncomeAfterTaxes": 367.2,
        "nonRecurringItems": -8.5,
        "period": "2018-12-31",
        "pretaxIncome": 431.9,
        "provisionforIncomeTaxes": 64.7,
        "revenue": 2224.7,
        "sgaExpense": 248.9,
        "totalOperatingExpense": 248.9,
        "totalOtherIncomeExpenseNet": 0.7
      },
      {
        "costOfGoodsSold": 1440.8,
        "dilutedAverageSharesOutstanding": 1249.6,
        "dilutedEPS": 0.26,
        "ebit": 444.2,
        "grossIncome": 688.2,
        "interestExpense": 24.8,
        "interestIncomeExpense": -24.8,
        "minorityInterest": -3,
        "netIncome": 316.6,
        "netIncomeAfterTaxes": 326.6,
        "nonRecurringItems": 0,
        "period": "2018-09-30",
        "pretaxIncome": 419.6,
        "provisionforIncomeTaxes": 93,
        "revenue": 2129,
        "sgaExpense": 244,
        "totalOperatingExpense": 244,
        "totalOtherIncomeExpenseNet": 0.2
      },
      {
        "costOfGoodsSold": 1336.6,
        "dilutedAverageSharesOutstanding": 1249.2,
        "dilutedEPS": 0.22,
        "ebit": 408.2,
        "grossIncome": 644.8,
        "interestExpense": 26,
        "interestIncomeExpense": -26,
        "minorityInterest": -3,
        "netIncome": 284.8,
        "netIncomeAfterTaxes": 341.8,
        "nonRecurringItems": 0,
        "period": "2018-06-30",
        "pretaxIncome": 382.3,
        "provisionforIncomeTaxes": 40.5,
        "revenue": 1981.4,
        "sgaExpense": 236.6,
        "totalOperatingExpense": 236.6,
        "totalOtherIncomeExpenseNet": 0.1
      },
      {
        "costOfGoodsSold": 1260,
        "dilutedAverageSharesOutstanding": 1264,
        "dilutedEPS": 0.21,
        "ebit": 376.9,
        "grossIncome": 606.9,
        "interestExpense": 24.5,
        "interestIncomeExpense": -24.5,
        "minorityInterest": -2.7,
        "netIncome": 265.6,
        "netIncomeAfterTaxes": 268.3,
        "period": "2018-03-31",
        "pretaxIncome": 354.7,
        "provisionforIncomeTaxes": 86.4,
        "revenue": 1866.9,
        "sgaExpense": 230,
        "totalOperatingExpense": 230,
        "totalOtherIncomeExpenseNet": 2.3
      },
      {
        "costOfGoodsSold": 1308.6,
        "dilutedAverageSharesOutstanding": 1221.6,
        "dilutedEPS": -0.08,
        "ebit": 399.4,
        "grossIncome": 635.3,
        "interestExpense": 25,
        "interestIncomeExpense": -25,
        "minorityInterest": -3,
        "netIncome": -103.4,
        "netIncomeAfterTaxes": 298.1,
        "nonRecurringItems": 0,
        "period": "2017-12-31",
        "pretaxIncome": 378.6,
        "provisionforIncomeTaxes": 80.5,
        "revenue": 1943.9,
        "sgaExpense": 235.9,
        "totalOperatingExpense": 235.9,
        "totalOtherIncomeExpenseNet": 4.2
      },
      {
        "costOfGoodsSold": 1234.7,
        "dilutedAverageSharesOutstanding": 1262.8,
        "dilutedEPS": 0.22,
        "ebit": 377.9,
        "grossIncome": 606.1,
        "interestExpense": 24.6,
        "interestIncomeExpense": -24.6,
        "minorityInterest": -2.8,
        "netIncome": 277.5,
        "netIncomeAfterTaxes": 280.3,
        "nonRecurringItems": 0,
        "period": "2017-09-30",
        "pretaxIncome": 358.4,
        "provisionforIncomeTaxes": 78.1,
        "revenue": 1840.8,
        "sgaExpense": 228.2,
        "totalOperatingExpense": 228.2,
        "totalOtherIncomeExpenseNet": 5.1
      },
      {
        "costOfGoodsSold": 1113.9,
        "dilutedAverageSharesOutstanding": 1264.4,
        "dilutedEPS": 0.2,
        "ebit": 340.2,
        "grossIncome": 552.6,
        "interestExpense": 23.4,
        "interestIncomeExpense": -23.4,
        "minorityInterest": -2.1,
        "netIncome": 251.5,
        "netIncomeAfterTaxes": 253.6,
        "nonRecurringItems": -4,
        "period": "2017-06-30",
        "pretaxIncome": 317.2,
        "provisionforIncomeTaxes": 63.6,
        "revenue": 1666.5,
        "sgaExpense": 212.4,
        "totalOperatingExpense": 212.4,
        "totalOtherIncomeExpenseNet": 4.4
      },
      {
        "costOfGoodsSold": 1044.2,
        "dilutedAverageSharesOutstanding": 1265.6,
        "dilutedEPS": 0.18,
        "ebit": 314.1,
        "grossIncome": 515.9,
        "interestExpense": 19.3,
        "interestIncomeExpense": -19.3,
        "minorityInterest": -2.4,
        "netIncome": 224.9,
        "netIncomeAfterTaxes": 227.3,
        "nonRecurringItems": 0,
        "period": "2017-03-31",
        "pretaxIncome": 298.4,
        "provisionforIncomeTaxes": 71.1,
        "revenue": 1560.1,
        "sgaExpense": 201.8,
        "totalOperatingExpense": 201.8,
        "totalOtherIncomeExpenseNet": 3.6
      },
      {
        "costOfGoodsSold": 1105.1,
        "dilutedAverageSharesOutstanding": 1262,
        "dilutedEPS": 0.19,
        "ebit": 339.1,
        "grossIncome": 546,
        "interestExpense": 18.4,
        "interestIncomeExpense": -18.4,
        "minorityInterest": -2.9,
        "netIncome": 235.4,
        "netIncomeAfterTaxes": 238.3,
        "nonRecurringItems": 0,
        "period": "2016-12-31",
        "pretaxIncome": 324.2,
        "provisionforIncomeTaxes": 85.9,
        "revenue": 1651.1,
        "sgaExpense": 206.9,
        "totalOperatingExpense": 206.9,
        "totalOtherIncomeExpenseNet": 3.5
      },
      {
        "costOfGoodsSold": 1098.6,
        "dilutedAverageSharesOutstanding": 1262.8,
        "dilutedEPS": 0.18,
        "ebit": 332.6,
        "grossIncome": 537.3,
        "interestExpense": 18.1,
        "interestIncomeExpense": -18.1,
        "minorityInterest": -2.8,
        "netIncome": 224.3,
        "netIncomeAfterTaxes": 227.1,
        "nonRecurringItems": -6.3,
        "period": "2016-09-30",
        "pretaxIncome": 310.5,
        "provisionforIncomeTaxes": 83.4,
        "revenue": 1635.9,
        "sgaExpense": 204.7,
        "totalOperatingExpense": 204.7,
        "totalOtherIncomeExpenseNet": 2.3
      },
      {
        "costOfGoodsSold": 1050.9,
        "dilutedAverageSharesOutstanding": 1261.6,
        "dilutedEPS": 0.16,
        "ebit": 300.3,
        "grossIncome": 497.3,
        "interestExpense": 18,
        "interestIncomeExpense": -18,
        "minorityInterest": -2.2,
        "netIncome": 206.5,
        "netIncomeAfterTaxes": 208.7,
        "nonRecurringItems": 0,
        "period": "2016-06-30",
        "pretaxIncome": 284,
        "provisionforIncomeTaxes": 75.3,
        "revenue": 1548.2,
        "sgaExpense": 197,
        "totalOperatingExpense": 197,
        "totalOtherIncomeExpenseNet": 1.7
      },
      {
        "costOfGoodsSold": 992,
        "dilutedAverageSharesOutstanding": 1256.8,
        "dilutedEPS": 0.12,
        "ebit": 269.7,
        "grossIncome": 459.2,
        "interestExpense": 18.1,
        "interestIncomeExpense": -18.1,
        "minorityInterest": -1.8,
        "netIncome": 156.6,
        "netIncomeAfterTaxes": 158.4,
        "nonRecurringItems": -30.3,
        "period": "2016-03-31",
        "pretaxIncome": 222.3,
        "provisionforIncomeTaxes": 63.9,
        "revenue": 1451.2,
        "sgaExpense": 189.5,
        "totalOperatingExpense": 189.5,
        "totalOtherIncomeExpenseNet": 1
      },
      {
        "costOfGoodsSold": 972.1,
        "dilutedAverageSharesOutstanding": 1261.091,
        "dilutedEPS": 0.16,
        "ebit": 289,
        "grossIncome": 458.4,
        "interestExpense": 17.2,
        "interestIncomeExpense": -17.2,
        "minorityInterest": -2.4,
        "netIncome": 200.2,
        "netIncomeAfterTaxes": 202.6,
        "nonRecurringItems": 0,
        "period": "2015-12-31",
        "pretaxIncome": 275.7,
        "provisionforIncomeTaxes": 73.1,
        "revenue": 1430.5,
        "sgaExpense": 169.4,
        "totalOperatingExpense": 169.4,
        "totalOtherIncomeExpenseNet": 3.9
      },
      {
        "costOfGoodsSold": 995.6,
        "dilutedAverageSharesOutstanding": 1263.546,
        "dilutedEPS": 0.16,
        "ebit": 294.8,
        "grossIncome": 464,
        "interestExpense": 17,
        "interestIncomeExpense": -17,
        "minorityInterest": -2.8,
        "netIncome": 204.5,
        "netIncomeAfterTaxes": 207.3,
        "nonRecurringItems": 0,
        "period": "2015-09-30",
        "pretaxIncome": 282,
        "provisionforIncomeTaxes": 74.7,
        "revenue": 1459.6,
        "sgaExpense": 169.2,
        "totalOperatingExpense": 169.2,
        "totalOtherIncomeExpenseNet": 4.2
      }
    ],
    "symbol": "APH"
  }
}