{
  "symbol": "IBKR",
  "statement": "ic",
  "frequency": "quarterly",
  "timestamp": "2025-09-19T14:02:06.325865",
  "data": {
    "financials": [
      {
        "costOfGoodsSold": 1147,
        "dilutedAverageSharesOutstanding": 441.4399,
        "dilutedEPS": 0.51,
        "ebit": 1104,
        "grossIncome": 1364,
        "minorityInterest": -782,
        "netIncome": 224,
        "netIncomeAfterTaxes": 1006,
        "period": "2025-06-30",
        "pretaxIncome": 1104,
        "provisionforIncomeTaxes": 98,
        "revenue": 2511,
        "sgaExpense": 260,
        "totalOperatingExpense": 260
      },
      {
        "costOfGoodsSold": 1069,
        "dilutedAverageSharesOutstanding": 439.463,
        "dilutedEPS": 0.48,
        "ebit": 1055,
        "grossIncome": 1306,
        "minorityInterest": -751,
        "netIncome": 213,
        "netIncomeAfterTaxes": 964,
        "period": "2025-03-31",
        "pretaxIncome": 1055,
        "provisionforIncomeTaxes": 91,
        "revenue": 2375,
        "sgaExpense": 251,
        "totalOperatingExpense": 251
      },
      {
        "costOfGoodsSold": 1171,
        "dilutedAverageSharesOutstanding": 435.564,
        "dilutedEPS": 0.5,
        "ebit": 1040,
        "grossIncome": 1272,
        "minorityInterest": -752,
        "netIncome": 217,
        "netIncomeAfterTaxes": 969,
        "period": "2024-12-31",
        "pretaxIncome": 1040,
        "provisionforIncomeTaxes": 71,
        "revenue": 2443,
        "sgaExpense": 232,
        "totalOperatingExpense": 232
      },
      {
        "costOfGoodsSold": 1202,
        "dilutedAverageSharesOutstanding": 438.1455,
        "dilutedEPS": 0.42,
        "ebit": 909,
        "grossIncome": 1249,
        "minorityInterest": -650,
        "netIncome": 184,
        "netIncomeAfterTaxes": 834,
        "period": "2024-09-30",
        "pretaxIncome": 909,
        "provisionforIncomeTaxes": 75,
        "revenue": 2451,
        "sgaExpense": 340,
        "totalOperatingExpense": 340
      },
      {
        "costOfGoodsSold": 1151,
        "dilutedAverageSharesOutstanding": 434.5074,
        "dilutedEPS": 0.41,
        "ebit": 880,
        "grossIncome": 1115,
        "minorityInterest": -630,
        "netIncome": 179,
        "netIncomeAfterTaxes": 809,
        "period": "2024-06-30",
        "pretaxIncome": 880,
        "provisionforIncomeTaxes": 71,
        "revenue": 2266,
        "sgaExpense": 235,
        "totalOperatingExpense": 235
      },
      {
        "costOfGoodsSold": 1114,
        "dilutedAverageSharesOutstanding": 432.5978,
        "dilutedEPS": 0.4,
        "ebit": 866,
        "grossIncome": 1102,
        "minorityInterest": -620,
        "netIncome": 175,
        "netIncomeAfterTaxes": 795,
        "period": "2024-03-31",
        "pretaxIncome": 866,
        "provisionforIncomeTaxes": 71,
        "revenue": 2216,
        "sgaExpense": 236,
        "totalOperatingExpense": 236
      },
      {
        "costOfGoodsSold": 1065,
        "dilutedAverageSharesOutstanding": 431.3352,
        "dilutedEPS": 0.37,
        "ebit": 816,
        "grossIncome": 1039,
        "minorityInterest": -579,
        "netIncome": 160,
        "netIncomeAfterTaxes": 739,
        "period": "2023-12-31",
        "pretaxIncome": 816,
        "provisionforIncomeTaxes": 77,
        "revenue": 2104,
        "sgaExpense": 223,
        "totalOperatingExpense": 223
      },
      {
        "costOfGoodsSold": 1008,
        "dilutedAverageSharesOutstanding": 428.0457,
        "dilutedEPS": 0.39,
        "ebit": 840,
        "grossIncome": 1047,
        "minorityInterest": -605,
        "netIncome": 167,
        "netIncomeAfterTaxes": 772,
        "period": "2023-09-30",
        "pretaxIncome": 840,
        "provisionforIncomeTaxes": 68,
        "revenue": 2055,
        "sgaExpense": 207,
        "totalOperatingExpense": 207
      },
      {
        "costOfGoodsSold": 944,
        "dilutedAverageSharesOutstanding": 417.8549,
        "dilutedEPS": 0.3,
        "ebit": 652,
        "grossIncome": 907,
        "minorityInterest": -476,
        "netIncome": 125,
        "netIncomeAfterTaxes": 601,
        "period": "2023-06-30",
        "pretaxIncome": 652,
        "provisionforIncomeTaxes": 51,
        "revenue": 1851,
        "sgaExpense": 255,
        "totalOperatingExpense": 255
      },
      {
        "costOfGoodsSold": 805,
        "dilutedAverageSharesOutstanding": 416.1703,
        "dilutedEPS": 0.36,
        "ebit": 761,
        "grossIncome": 961,
        "minorityInterest": -552,
        "netIncome": 148,
        "netIncomeAfterTaxes": 700,
        "period": "2023-03-31",
        "pretaxIncome": 761,
        "provisionforIncomeTaxes": 61,
        "revenue": 1766,
        "sgaExpense": 200,
        "totalOperatingExpense": 200
      },
      {
        "costOfGoodsSold": 636,
        "dilutedAverageSharesOutstanding": 405.1984,
        "dilutedEPS": 0.34,
        "ebit": 689,
        "grossIncome": 886,
        "minorityInterest": -497,
        "netIncome": 136,
        "netIncomeAfterTaxes": 633,
        "period": "2022-12-31",
        "pretaxIncome": 689,
        "provisionforIncomeTaxes": 56,
        "revenue": 1522,
        "sgaExpense": 197,
        "totalOperatingExpense": 197
      },
      {
        "costOfGoodsSold": 396,
        "dilutedAverageSharesOutstanding": 410.2219,
        "dilutedEPS": 0.24,
        "ebit": 523,
        "grossIncome": 704,
        "minorityInterest": -384,
        "netIncome": 99,
        "netIncomeAfterTaxes": 483,
        "period": "2022-09-30",
        "pretaxIncome": 523,
        "provisionforIncomeTaxes": 40,
        "revenue": 1100,
        "sgaExpense": 181,
        "totalOperatingExpense": 181
      },
      {
        "costOfGoodsSold": 189,
        "dilutedAverageSharesOutstanding": 398.7824,
        "dilutedEPS": 0.18,
        "ebit": 392,
        "grossIncome": 579,
        "minorityInterest": -288,
        "netIncome": 72,
        "netIncomeAfterTaxes": 360,
        "period": "2022-06-30",
        "pretaxIncome": 392,
        "provisionforIncomeTaxes": 32,
        "revenue": 768,
        "sgaExpense": 187,
        "totalOperatingExpense": 187
      },
      {
        "costOfGoodsSold": 121,
        "dilutedAverageSharesOutstanding": 396.8991,
        "dilutedEPS": 0.18,
        "ebit": 394,
        "grossIncome": 574,
        "minorityInterest": -293,
        "netIncome": 73,
        "netIncomeAfterTaxes": 366,
        "period": "2022-03-31",
        "pretaxIncome": 394,
        "provisionforIncomeTaxes": 28,
        "revenue": 695,
        "sgaExpense": 180,
        "totalOperatingExpense": 180
      },
      {
        "costOfGoodsSold": 108,
        "dilutedAverageSharesOutstanding": 396.0994,
        "dilutedEPS": 0.17,
        "ebit": 373,
        "grossIncome": 550,
        "minorityInterest": -271,
        "netIncome": 67,
        "netIncomeAfterTaxes": 338,
        "period": "2021-12-31",
        "pretaxIncome": 373,
        "provisionforIncomeTaxes": 35,
        "revenue": 658,
        "sgaExpense": 177,
        "totalOperatingExpense": 177
      },
      {
        "costOfGoodsSold": 112,
        "dilutedAverageSharesOutstanding": 387.9599,
        "dilutedEPS": 0.11,
        "ebit": 234,
        "grossIncome": 403,
        "minorityInterest": -164,
        "netIncome": 42,
        "netIncomeAfterTaxes": 206,
        "period": "2021-09-30",
        "pretaxIncome": 234,
        "provisionforIncomeTaxes": 28,
        "revenue": 515,
        "sgaExpense": 169,
        "totalOperatingExpense": 169
      },
      {
        "costOfGoodsSold": 87,
        "dilutedAverageSharesOutstanding": 368.7967,
        "dilutedEPS": 0.25,
        "ebit": 541,
        "grossIncome": 700,
        "minorityInterest": -414,
        "netIncome": 92,
        "netIncomeAfterTaxes": 506,
        "period": "2021-06-30",
        "pretaxIncome": 541,
        "provisionforIncomeTaxes": 35,
        "revenue": 787,
        "sgaExpense": 159,
        "totalOperatingExpense": 159
      },
      {
        "costOfGoodsSold": 153,
        "dilutedAverageSharesOutstanding": 367.0646,
        "dilutedEPS": 0.29,
        "ebit": 639,
        "grossIncome": 825,
        "minorityInterest": -479,
        "netIncome": 107,
        "netIncomeAfterTaxes": 586,
        "period": "2021-03-31",
        "pretaxIncome": 639,
        "provisionforIncomeTaxes": 53,
        "revenue": 978,
        "sgaExpense": 186,
        "totalOperatingExpense": 186
      },
      {
        "costOfGoodsSold": 121,
        "dilutedAverageSharesOutstanding": 351.2969,
        "dilutedEPS": 0.2,
        "ebit": 392,
        "grossIncome": 533,
        "minorityInterest": -309,
        "netIncome": 71,
        "netIncomeAfterTaxes": 380,
        "period": "2020-12-31",
        "pretaxIncome": 392,
        "provisionforIncomeTaxes": 12,
        "revenue": 654,
        "sgaExpense": 141,
        "totalOperatingExpense": 141
      },
      {
        "costOfGoodsSold": 119,
        "dilutedAverageSharesOutstanding": 316.4826,
        "dilutedEPS": 0.15,
        "ebit": 334,
        "grossIncome": 474,
        "minorityInterest": -256,
        "netIncome": 46,
        "netIncomeAfterTaxes": 302,
        "period": "2020-09-30",
        "pretaxIncome": 334,
        "provisionforIncomeTaxes": 32,
        "revenue": 593,
        "sgaExpense": 140,
        "totalOperatingExpense": 140
      },
      {
        "costOfGoodsSold": 124,
        "dilutedAverageSharesOutstanding": 312.1259,
        "dilutedEPS": 0.1,
        "ebit": 222,
        "grossIncome": 463,
        "minorityInterest": -175,
        "netIncome": 32,
        "netIncomeAfterTaxes": 207,
        "period": "2020-06-30",
        "pretaxIncome": 222,
        "provisionforIncomeTaxes": 15,
        "revenue": 587,
        "sgaExpense": 241,
        "totalOperatingExpense": 241
      },
      {
        "costOfGoodsSold": 190,
        "dilutedAverageSharesOutstanding": 310.2739,
        "dilutedEPS": 0.15,
        "ebit": 308,
        "grossIncome": 455,
        "minorityInterest": -244,
        "netIncome": 46,
        "netIncomeAfterTaxes": 290,
        "period": "2020-03-31",
        "pretaxIncome": 308,
        "provisionforIncomeTaxes": 18,
        "revenue": 645,
        "sgaExpense": 147,
        "totalOperatingExpense": 147
      },
      {
        "costOfGoodsSold": 190,
        "dilutedAverageSharesOutstanding": 309.456,
        "dilutedEPS": 0.14,
        "ebit": 321,
        "grossIncome": 450,
        "interestIncomeExpense": -9,
        "minorityInterest": -250,
        "netIncome": 44,
        "netIncomeAfterTaxes": 294,
        "period": "2019-12-31",
        "pretaxIncome": 312,
        "provisionforIncomeTaxes": 18,
        "revenue": 640,
        "sgaExpense": 129,
        "totalOperatingExpense": 129
      },
      {
        "costOfGoodsSold": 245,
        "dilutedAverageSharesOutstanding": 309.3959,
        "dilutedEPS": 0.12,
        "ebit": 288,
        "grossIncome": 405,
        "interestIncomeExpense": -7,
        "minorityInterest": -225,
        "netIncome": 36,
        "netIncomeAfterTaxes": 261,
        "period": "2019-09-30",
        "pretaxIncome": 281,
        "provisionforIncomeTaxes": 20,
        "revenue": 650,
        "sgaExpense": 117,
        "totalOperatingExpense": 117
      },
      {
        "costOfGoodsSold": 236,
        "dilutedAverageSharesOutstanding": 306.3797,
        "dilutedEPS": 0.1,
        "ebit": 285,
        "grossIncome": 410,
        "interestIncomeExpense": -60,
        "minorityInterest": -178,
        "netIncome": 32,
        "netIncomeAfterTaxes": 210,
        "period": "2019-06-30",
        "pretaxIncome": 225,
        "provisionforIncomeTaxes": 15,
        "revenue": 646,
        "sgaExpense": 125,
        "totalOperatingExpense": 125
      },
      {
        "costOfGoodsSold": 223,
        "dilutedAverageSharesOutstanding": 303.91,
        "dilutedEPS": 0.16,
        "ebit": 223,
        "grossIncome": 381,
        "interestIncomeExpense": 116,
        "minorityInterest": -275,
        "netIncome": 49,
        "netIncomeAfterTaxes": 324,
        "period": "2019-03-31",
        "pretaxIncome": 339,
        "provisionforIncomeTaxes": 15,
        "revenue": 604,
        "sgaExpense": 158,
        "totalOperatingExpense": 158
      },
      {
        "costOfGoodsSold": 215,
        "dilutedAverageSharesOutstanding": 303.3142,
        "dilutedEPS": 0.14,
        "ebit": 300,
        "grossIncome": 410,
        "interestIncomeExpense": 9,
        "minorityInterest": -247,
        "netIncome": 43,
        "netIncomeAfterTaxes": 290,
        "nonRecurringItems": 0,
        "period": "2018-12-31",
        "pretaxIncome": 309,
        "provisionforIncomeTaxes": 19,
        "revenue": 625,
        "sgaExpense": 110,
        "totalOperatingExpense": 110
      },
      {
        "costOfGoodsSold": 176,
        "dilutedAverageSharesOutstanding": 301.4404,
        "dilutedEPS": 0.13,
        "ebit": 272,
        "grossIncome": 378,
        "interestIncomeExpense": 4,
        "minorityInterest": -219,
        "netIncome": 39,
        "netIncomeAfterTaxes": 258,
        "period": "2018-09-30",
        "pretaxIncome": 276,
        "provisionforIncomeTaxes": 18,
        "revenue": 554,
        "sgaExpense": 106,
        "totalOperatingExpense": 106
      },
      {
        "costOfGoodsSold": 174,
        "dilutedAverageSharesOutstanding": 293.318,
        "dilutedEPS": 0.14,
        "ebit": 262,
        "grossIncome": 370,
        "interestIncomeExpense": 9,
        "minorityInterest": -217,
        "netIncome": 41,
        "netIncomeAfterTaxes": 258,
        "period": "2018-06-30",
        "pretaxIncome": 271,
        "provisionforIncomeTaxes": 13,
        "revenue": 544,
        "sgaExpense": 108,
        "totalOperatingExpense": 108
      },
      {
        "costOfGoodsSold": 167,
        "dilutedAverageSharesOutstanding": 290.0498,
        "dilutedEPS": 0.16,
        "ebit": 338,
        "grossIncome": 452,
        "interestIncomeExpense": 2,
        "minorityInterest": -273,
        "netIncome": 46,
        "netIncomeAfterTaxes": 319,
        "period": "2018-03-31",
        "pretaxIncome": 340,
        "provisionforIncomeTaxes": 21,
        "revenue": 619,
        "sgaExpense": 114,
        "totalOperatingExpense": 114
      },
      {
        "costOfGoodsSold": 134,
        "dilutedAverageSharesOutstanding": 285.9634,
        "dilutedEPS": 0,
        "ebit": 277,
        "grossIncome": 372,
        "interestIncomeExpense": -6,
        "minorityInterest": -166,
        "netIncome": -2,
        "netIncomeAfterTaxes": 341,
        "nonRecurringItems": 93,
        "period": "2017-12-31",
        "pretaxIncome": 364,
        "provisionforIncomeTaxes": 23,
        "revenue": 506,
        "sgaExpense": 95,
        "totalOperatingExpense": 95
      },
      {
        "costOfGoodsSold": 122,
        "dilutedAverageSharesOutstanding": 287.8939,
        "dilutedEPS": 0.11,
        "ebit": 263,
        "grossIncome": 360,
        "interestIncomeExpense": 5,
        "minorityInterest": -216,
        "netIncome": 31,
        "netIncomeAfterTaxes": 247,
        "period": "2017-09-30",
        "pretaxIncome": 268,
        "provisionforIncomeTaxes": 21,
        "revenue": 482,
        "sgaExpense": 97,
        "totalOperatingExpense": 97
      },
      {
        "costOfGoodsSold": 114,
        "dilutedAverageSharesOutstanding": 280.2537,
        "dilutedEPS": 0.08,
        "ebit": 204,
        "grossIncome": 324,
        "interestIncomeExpense": 0,
        "minorityInterest": -164,
        "netIncome": 23,
        "netIncomeAfterTaxes": 187,
        "period": "2017-06-30",
        "pretaxIncome": 204,
        "provisionforIncomeTaxes": 17,
        "revenue": 438,
        "sgaExpense": 120,
        "totalOperatingExpense": 120
      },
      {
        "costOfGoodsSold": 96,
        "dilutedAverageSharesOutstanding": 276.6305,
        "dilutedEPS": 0.09,
        "ebit": 211,
        "grossIncome": 311,
        "interestIncomeExpense": 2,
        "minorityInterest": -171,
        "netIncome": 24,
        "netIncomeAfterTaxes": 195,
        "period": "2017-03-31",
        "pretaxIncome": 213,
        "provisionforIncomeTaxes": 18,
        "revenue": 407,
        "sgaExpense": 100,
        "totalOperatingExpense": 100
      },
      {
        "costOfGoodsSold": 83,
        "dilutedAverageSharesOutstanding": 275.9256,
        "dilutedEPS": 0.01,
        "ebit": 28,
        "grossIncome": 132,
        "minorityInterest": -17,
        "netIncome": 4,
        "netIncomeAfterTaxes": 21,
        "period": "2016-12-31",
        "pretaxIncome": 28,
        "provisionforIncomeTaxes": 7,
        "revenue": 215,
        "sgaExpense": 104,
        "totalOperatingExpense": 104
      },
      {
        "costOfGoodsSold": 83,
        "dilutedAverageSharesOutstanding": 273.8809,
        "dilutedEPS": 0.07,
        "ebit": 183,
        "grossIncome": 283,
        "minorityInterest": -148,
        "netIncome": 20,
        "netIncomeAfterTaxes": 168,
        "period": "2016-09-30",
        "pretaxIncome": 183,
        "provisionforIncomeTaxes": 15,
        "revenue": 366,
        "sgaExpense": 100,
        "totalOperatingExpense": 100
      },
      {
        "costOfGoodsSold": 77,
        "dilutedAverageSharesOutstanding": 265.8836,
        "dilutedEPS": 0.1,
        "ebit": 213,
        "grossIncome": 310,
        "minorityInterest": -173,
        "netIncome": 27,
        "netIncomeAfterTaxes": 200,
        "period": "2016-06-30",
        "pretaxIncome": 213,
        "provisionforIncomeTaxes": 13,
        "revenue": 387,
        "sgaExpense": 97,
        "totalOperatingExpense": 97
      },
      {
        "costOfGoodsSold": 80,
        "dilutedAverageSharesOutstanding": 261.0236,
        "dilutedEPS": 0.13,
        "ebit": 337,
        "grossIncome": 427,
        "minorityInterest": -277,
        "netIncome": 33,
        "netIncomeAfterTaxes": 310,
        "period": "2016-03-31",
        "pretaxIncome": 337,
        "provisionforIncomeTaxes": 27,
        "revenue": 507,
        "sgaExpense": 90,
        "totalOperatingExpense": 90
      },
      {
        "costOfGoodsSold": 72,
        "dilutedAverageSharesOutstanding": 260.3936,
        "dilutedEPS": 0.07,
        "ebit": 127,
        "grossIncome": 217,
        "minorityInterest": -104,
        "netIncome": 17,
        "netIncomeAfterTaxes": 121,
        "period": "2015-12-31",
        "pretaxIncome": 127,
        "provisionforIncomeTaxes": 6,
        "revenue": 289,
        "sgaExpense": 90,
        "totalOperatingExpense": 90
      },
      {
        "costOfGoodsSold": 79,
        "dilutedAverageSharesOutstanding": 256.1149,
        "dilutedEPS": 0.09,
        "ebit": 202,
        "grossIncome": 296,
        "minorityInterest": -160,
        "netIncome": 22,
        "netIncomeAfterTaxes": 182,
        "period": "2015-09-30",
        "pretaxIncome": 202,
        "provisionforIncomeTaxes": 20,
        "revenue": 375,
        "sgaExpense": 94,
        "totalOperatingExpense": 94
      }
    ],
    "symbol": "IBKR"
  }
}