{
  "symbol": "NUE",
  "statement": "ic",
  "frequency": "annual",
  "timestamp": "2025-09-19T14:04:51.413159",
  "data": {
    "financials": [
      {
        "costOfGoodsSold": 26614,
        "dilutedAverageSharesOutstanding": 238.5,
        "dilutedEPS": 8.4612,
        "ebit": 2979,
        "gainLossOnDispositionOfAssets": -137,
        "grossIncome": 4120,
        "interestExpense": 228,
        "interestIncomeExpense": 60,
        "minorityInterest": -292,
        "netIncome": 2018,
        "netIncomeAfterTaxes": 2319,
        "period": "2024-12-31",
        "pretaxIncome": 2902,
        "provisionforIncomeTaxes": 583,
        "revenue": 30734,
        "sgaExpense": 1141,
        "totalOperatingExpense": 1141,
        "year": 2024
      },
      {
        "costOfGoodsSold": 26872.357,
        "dilutedAverageSharesOutstanding": 250.412,
        "dilutedEPS": 18,
        "ebit": 6230.342,
        "grossIncome": 7841.144,
        "interestExpense": 245.954,
        "interestIncomeExpense": 42.415,
        "minorityInterest": -387.99,
        "netIncome": 4507.855,
        "netIncomeAfterTaxes": 4912.791,
        "nonRecurringItems": 0,
        "period": "2023-12-31",
        "pretaxIncome": 6272.757,
        "provisionforIncomeTaxes": 1359.966,
        "revenue": 34713.501,
        "sgaExpense": 1610.802,
        "totalOperatingExpense": 1610.802,
        "year": 2023
      },
      {
        "costOfGoodsSold": 28985.521,
        "dilutedAverageSharesOutstanding": 263.176,
        "dilutedEPS": 28.79,
        "ebit": 10506.102,
        "grossIncome": 12526.946,
        "interestExpense": 218.911,
        "interestIncomeExpense": -159.502,
        "minorityInterest": -472.303,
        "netIncome": 7576.165,
        "netIncomeAfterTaxes": 8079.64,
        "nonRecurringItems": -101.756,
        "period": "2022-12-31",
        "pretaxIncome": 10244.844,
        "provisionforIncomeTaxes": 2165.204,
        "revenue": 41512.467,
        "sgaExpense": 2020.844,
        "totalOperatingExpense": 2020.844,
        "year": 2022
      },
      {
        "costOfGoodsSold": 25437.022,
        "dilutedAverageSharesOutstanding": 293.39,
        "dilutedEPS": 23.16,
        "ebit": 9318.805,
        "grossIncome": 11046.917,
        "interestExpense": 163.121,
        "interestIncomeExpense": -55.786,
        "minorityInterest": -294.909,
        "netIncome": 6795.15,
        "netIncomeAfterTaxes": 7122.37,
        "nonRecurringItems": -62.161,
        "period": "2021-12-31",
        "pretaxIncome": 9200.858,
        "provisionforIncomeTaxes": 2078.488,
        "revenue": 36483.939,
        "sgaExpense": 1728.112,
        "totalOperatingExpense": 1728.112,
        "year": 2021
      },
      {
        "costOfGoodsSold": 17890.749,
        "dilutedAverageSharesOutstanding": 303.271,
        "dilutedEPS": 2.36,
        "ebit": 1631.109,
        "grossIncome": 2248.909,
        "interestExpense": 166.613,
        "interestIncomeExpense": -163.731,
        "minorityInterest": -114.558,
        "netIncome": 717.114,
        "netIncomeAfterTaxes": 836.028,
        "nonRecurringItems": -631.84,
        "period": "2020-12-31",
        "pretaxIncome": 835.538,
        "provisionforIncomeTaxes": -0.49,
        "revenue": 20139.658,
        "sgaExpense": 617.8,
        "totalOperatingExpense": 617.8,
        "year": 2020
      },
      {
        "costOfGoodsSold": 19888.498,
        "dilutedAverageSharesOutstanding": 305.503,
        "dilutedEPS": 4.14,
        "ebit": 1967.837,
        "grossIncome": 2700.36,
        "interestExpense": 157.358,
        "interestIncomeExpense": -118.114,
        "minorityInterest": -99.767,
        "netIncome": 1264.108,
        "netIncomeAfterTaxes": 1370.91,
        "nonRecurringItems": -66.916,
        "period": "2019-12-31",
        "pretaxIncome": 1782.807,
        "provisionforIncomeTaxes": 411.897,
        "revenue": 22588.858,
        "sgaExpense": 732.523,
        "totalOperatingExpense": 732.523,
        "year": 2019
      },
      {
        "costOfGoodsSold": 20786.484,
        "dilutedAverageSharesOutstanding": 316.733,
        "dilutedEPS": 7.44,
        "ebit": 3420.073,
        "grossIncome": 4280.795,
        "interestExpense": 161.256,
        "interestIncomeExpense": -80.682,
        "minorityInterest": -120.317,
        "netIncome": 2351.423,
        "netIncomeAfterTaxes": 2486.884,
        "nonRecurringItems": -110,
        "period": "2018-12-31",
        "pretaxIncome": 3229.391,
        "provisionforIncomeTaxes": 742.507,
        "revenue": 25067.279,
        "sgaExpense": 860.722,
        "totalOperatingExpense": 860.722,
        "year": 2018
      },
      {
        "costOfGoodsSold": 17663.146,
        "dilutedAverageSharesOutstanding": 320.773,
        "dilutedEPS": 4.09,
        "ebit": 1901.716,
        "grossIncome": 2589.247,
        "interestExpense": 187.282,
        "interestIncomeExpense": -151.759,
        "minorityInterest": -61.883,
        "netIncome": 1314.139,
        "netIncomeAfterTaxes": 1205.371,
        "nonRecurringItems": 0,
        "period": "2017-12-31",
        "pretaxIncome": 1749.957,
        "provisionforIncomeTaxes": 544.586,
        "revenue": 20252.393,
        "sgaExpense": 687.531,
        "totalOperatingExpense": 687.531,
        "year": 2017
      },
      {
        "costOfGoodsSold": 14169.322,
        "dilutedAverageSharesOutstanding": 319.822,
        "dilutedEPS": 2.48,
        "ebit": 1442.039,
        "grossIncome": 2038.8,
        "interestExpense": 181.179,
        "interestIncomeExpense": -143.38,
        "minorityInterest": -104.145,
        "netIncome": 793.639,
        "netIncomeAfterTaxes": 900.416,
        "nonRecurringItems": 0,
        "period": "2016-12-31",
        "pretaxIncome": 1298.659,
        "provisionforIncomeTaxes": 398.243,
        "revenue": 16208.122,
        "sgaExpense": 596.761,
        "totalOperatingExpense": 596.761,
        "year": 2016
      },
      {
        "costOfGoodsSold": 15324.874,
        "dilutedAverageSharesOutstanding": 320.679,
        "dilutedEPS": 0.25,
        "ebit": 655.413,
        "grossIncome": 1114.402,
        "interestExpense": 177.543,
        "interestIncomeExpense": -168.714,
        "minorityInterest": -112.306,
        "netIncome": 79.21,
        "netIncomeAfterTaxes": 193.03,
        "nonRecurringItems": -244.833,
        "period": "2015-12-31",
        "pretaxIncome": 241.866,
        "provisionforIncomeTaxes": 48.836,
        "revenue": 16439.276,
        "sgaExpense": 458.989,
        "totalOperatingExpense": 458.989,
        "year": 2015
      }
    ],
    "symbol": "NUE"
  }
}