{
  "symbol": "EIX",
  "statement": "ic",
  "frequency": "annual",
  "timestamp": "2025-09-19T13:59:37.392563",
  "data": {
    "financials": [
      {
        "costOfGoodsSold": 5209,
        "depreciationAmortization": 2866,
        "dilutedAverageSharesOutstanding": 388,
        "dilutedEPS": 3.3119,
        "ebit": 3778,
        "grossIncome": 12387,
        "interestExpense": 1869,
        "interestIncomeExpense": -1610,
        "netIncome": 1284,
        "netIncomeAfterTaxes": 1546,
        "nonRecurringItems": -848,
        "operationsMaintenance": 5119,
        "otherOperatingExpensesTotal": 624,
        "period": "2024-12-31",
        "pretaxIncome": 1563,
        "provisionforIncomeTaxes": 17,
        "revenue": 17596,
        "totalOperatingExpense": 8609,
        "totalOtherIncomeExpenseNet": 243,
        "year": 2024
      },
      {
        "costOfGoodsSold": 5486,
        "depreciationAmortization": 2635,
        "dilutedAverageSharesOutstanding": 385,
        "dilutedEPS": 3.1091,
        "ebit": 3508,
        "grossIncome": 10852,
        "interestExpense": 1612,
        "interestIncomeExpense": -1351,
        "netIncome": 1197,
        "netIncomeAfterTaxes": 1407,
        "nonRecurringItems": -881,
        "operationsMaintenance": 4138,
        "otherOperatingExpensesTotal": 571,
        "period": "2023-12-31",
        "pretaxIncome": 1515,
        "provisionforIncomeTaxes": 108,
        "revenue": 16338,
        "totalOperatingExpense": 7344,
        "totalOtherIncomeExpenseNet": 239,
        "year": 2023
      },
      {
        "costOfGoodsSold": 6375,
        "depreciationAmortization": 2561,
        "dilutedAverageSharesOutstanding": 383,
        "dilutedEPS": 1.5979,
        "ebit": 3059,
        "grossIncome": 10845,
        "interestExpense": 1169,
        "interestIncomeExpense": -1084,
        "netIncome": 612,
        "netIncomeAfterTaxes": 824,
        "nonRecurringItems": -1581,
        "operationsMaintenance": 4724,
        "otherOperatingExpensesTotal": 501,
        "period": "2022-12-31",
        "pretaxIncome": 662,
        "provisionforIncomeTaxes": -162,
        "revenue": 17220,
        "totalOperatingExpense": 7786,
        "totalOtherIncomeExpenseNet": 268,
        "year": 2022
      },
      {
        "costOfGoodsSold": 5540,
        "depreciationAmortization": 2218,
        "dilutedAverageSharesOutstanding": 380,
        "dilutedEPS": 1.9974,
        "ebit": 3037,
        "grossIncome": 9365,
        "interestExpense": 925,
        "interestIncomeExpense": -916,
        "netIncome": 759,
        "netIncomeAfterTaxes": 925,
        "nonRecurringItems": -1562,
        "operationsMaintenance": 3645,
        "otherOperatingExpensesTotal": 465,
        "period": "2021-12-31",
        "pretaxIncome": 789,
        "provisionforIncomeTaxes": -136,
        "revenue": 14905,
        "totalOperatingExpense": 6328,
        "totalOtherIncomeExpenseNet": 230,
        "year": 2021
      },
      {
        "costOfGoodsSold": 4932,
        "depreciationAmortization": 1967,
        "dilutedAverageSharesOutstanding": 374,
        "dilutedEPS": 1.98,
        "ebit": 2765,
        "grossIncome": 8646,
        "interestExpense": 902,
        "interestIncomeExpense": -882,
        "netIncome": 739,
        "netIncomeAfterTaxes": 871,
        "nonRecurringItems": -1548,
        "operationsMaintenance": 3609,
        "otherOperatingExpensesTotal": 305,
        "period": "2020-12-31",
        "pretaxIncome": 566,
        "provisionforIncomeTaxes": -305,
        "revenue": 13578,
        "totalOperatingExpense": 5881,
        "totalOtherIncomeExpenseNet": 231,
        "year": 2020
      },
      {
        "costOfGoodsSold": 4839,
        "depreciationAmortization": 1730,
        "dilutedAverageSharesOutstanding": 341,
        "dilutedEPS": 3.77,
        "ebit": 2366,
        "grossIncome": 7508,
        "interestExpense": 841,
        "interestIncomeExpense": -804,
        "minorityInterest": 0,
        "netIncome": 1284,
        "netIncomeAfterTaxes": 1405,
        "nonRecurringItems": -591,
        "operationsMaintenance": 3018,
        "otherOperatingExpensesTotal": 394,
        "period": "2019-12-31",
        "pretaxIncome": 1127,
        "provisionforIncomeTaxes": -278,
        "revenue": 12347,
        "totalOperatingExpense": 5142,
        "totalOtherIncomeExpenseNet": 156,
        "year": 2019
      },
      {
        "costOfGoodsSold": 5406,
        "depreciationAmortization": 1871,
        "dilutedAverageSharesOutstanding": 326,
        "dilutedEPS": -1.29,
        "ebit": 2195,
        "grossIncome": 7251,
        "interestExpense": 734,
        "interestIncomeExpense": -710,
        "minorityInterest": 14,
        "netIncome": -423,
        "netIncomeAfterTaxes": -350,
        "nonRecurringItems": -2747,
        "operationsMaintenance": 2797,
        "otherOperatingExpensesTotal": 388,
        "period": "2018-12-31",
        "pretaxIncome": -1089,
        "provisionforIncomeTaxes": -739,
        "revenue": 12657,
        "totalOperatingExpense": 5056,
        "totalOtherIncomeExpenseNet": 173,
        "year": 2018
      },
      {
        "costOfGoodsSold": 4873,
        "depreciationAmortization": 2041,
        "dilutedAverageSharesOutstanding": 328,
        "dilutedEPS": 1.72,
        "ebit": 2194,
        "grossIncome": 7447,
        "interestExpense": 639,
        "interestIncomeExpense": -632,
        "minorityInterest": 21,
        "netIncome": 565,
        "netIncomeAfterTaxes": 1134,
        "nonRecurringItems": -738,
        "operationsMaintenance": 2844,
        "otherOperatingExpensesTotal": 368,
        "period": "2017-12-31",
        "pretaxIncome": 949,
        "provisionforIncomeTaxes": -185,
        "revenue": 12320,
        "totalOperatingExpense": 5253,
        "totalOtherIncomeExpenseNet": 125,
        "year": 2017
      },
      {
        "costOfGoodsSold": 4527,
        "depreciationAmortization": 2007,
        "dilutedAverageSharesOutstanding": 330,
        "dilutedEPS": 3.97,
        "ebit": 2083,
        "grossIncome": 7342,
        "interestExpense": 581,
        "interestIncomeExpense": -578,
        "minorityInterest": 9,
        "netIncome": 1311,
        "netIncomeAfterTaxes": 1413,
        "nonRecurringItems": -21,
        "operationsMaintenance": 2898,
        "otherOperatingExpensesTotal": 354,
        "period": "2016-12-31",
        "pretaxIncome": 1590,
        "provisionforIncomeTaxes": 177,
        "revenue": 11869,
        "totalOperatingExpense": 5259,
        "totalOtherIncomeExpenseNet": 106,
        "year": 2016
      },
      {
        "costOfGoodsSold": 4266,
        "depreciationAmortization": 1919,
        "dilutedAverageSharesOutstanding": 329,
        "dilutedEPS": 3.1,
        "ebit": 2013,
        "grossIncome": 7258,
        "interestExpense": 555,
        "interestIncomeExpense": -555,
        "minorityInterest": 16,
        "netIncome": 1020,
        "netIncomeAfterTaxes": 1082,
        "nonRecurringItems": -5,
        "operationsMaintenance": 2990,
        "otherOperatingExpensesTotal": 336,
        "period": "2015-12-31",
        "pretaxIncome": 1568,
        "provisionforIncomeTaxes": 486,
        "revenue": 11524,
        "totalOperatingExpense": 5245,
        "totalOtherIncomeExpenseNet": 115,
        "year": 2015
      }
    ],
    "symbol": "EIX"
  }
}