{
  "symbol": "MAS",
  "statement": "ic",
  "frequency": "annual",
  "timestamp": "2025-09-19T14:03:38.780540",
  "data": {
    "financials": [
      {
        "costOfGoodsSold": 4997,
        "dilutedAverageSharesOutstanding": 219,
        "dilutedEPS": 3.7534,
        "ebit": 1363,
        "grossIncome": 2831,
        "interestExpense": 99,
        "interestIncomeExpense": -99,
        "minorityInterest": -52,
        "netIncome": 822,
        "netIncomeAfterTaxes": 874,
        "nonRecurringItems": -88,
        "period": "2024-12-31",
        "pretaxIncome": 1161,
        "provisionforIncomeTaxes": 287,
        "revenue": 7828,
        "sgaExpense": 1468,
        "totalOperatingExpense": 1468,
        "totalOtherIncomeExpenseNet": -15,
        "year": 2024
      },
      {
        "costOfGoodsSold": 5131,
        "dilutedAverageSharesOutstanding": 226,
        "dilutedEPS": 4.0177,
        "ebit": 1363,
        "grossIncome": 2836,
        "interestExpense": 106,
        "interestIncomeExpense": -98,
        "minorityInterest": -52,
        "netIncome": 908,
        "netIncomeAfterTaxes": 960,
        "nonRecurringItems": -15,
        "period": "2023-12-31",
        "pretaxIncome": 1238,
        "provisionforIncomeTaxes": 278,
        "revenue": 7967,
        "sgaExpense": 1473,
        "totalOperatingExpense": 1473,
        "totalOtherIncomeExpenseNet": -12,
        "year": 2023
      },
      {
        "costOfGoodsSold": 5967,
        "dilutedAverageSharesOutstanding": 232,
        "dilutedEPS": 3.63,
        "ebit": 1323,
        "grossIncome": 2713,
        "interestExpense": 108,
        "interestIncomeExpense": -115,
        "minorityInterest": -61,
        "netIncome": 842,
        "netIncomeAfterTaxes": 905,
        "nonRecurringItems": -3,
        "period": "2022-12-31",
        "pretaxIncome": 1193,
        "provisionforIncomeTaxes": 288,
        "revenue": 8680,
        "sgaExpense": 1390,
        "totalOperatingExpense": 1390,
        "totalOtherIncomeExpenseNet": -12,
        "year": 2022
      },
      {
        "costOfGoodsSold": 5512,
        "dilutedAverageSharesOutstanding": 251,
        "dilutedEPS": 1.62,
        "ebit": 1450,
        "grossIncome": 2863,
        "interestExpense": 110,
        "interestIncomeExpense": -82,
        "minorityInterest": -68,
        "netIncome": 406,
        "netIncomeAfterTaxes": 478,
        "nonRecurringItems": -247,
        "period": "2021-12-31",
        "pretaxIncome": 688,
        "provisionforIncomeTaxes": 210,
        "revenue": 8375,
        "sgaExpense": 1413,
        "totalOperatingExpense": 1413,
        "totalOtherIncomeExpenseNet": -433,
        "year": 2021
      },
      {
        "costOfGoodsSold": 4601,
        "dilutedAverageSharesOutstanding": 264,
        "dilutedEPS": 4.6,
        "ebit": 1295,
        "grossIncome": 2587,
        "interestExpense": 144,
        "interestIncomeExpense": -138,
        "minorityInterest": -52,
        "netIncome": 1215,
        "netIncomeAfterTaxes": 862,
        "nonRecurringItems": 0,
        "period": "2020-12-31",
        "pretaxIncome": 1131,
        "provisionforIncomeTaxes": 269,
        "revenue": 7188,
        "sgaExpense": 1292,
        "totalOperatingExpense": 1292,
        "totalOtherIncomeExpenseNet": -26,
        "year": 2020
      },
      {
        "costOfGoodsSold": 4336,
        "dilutedAverageSharesOutstanding": 288,
        "dilutedEPS": 3.22,
        "ebit": 1097,
        "grossIncome": 2371,
        "interestExpense": 159,
        "interestIncomeExpense": -153,
        "minorityInterest": -45,
        "netIncome": 929,
        "netIncomeAfterTaxes": 684,
        "nonRecurringItems": -9,
        "period": "2019-12-31",
        "pretaxIncome": 914,
        "provisionforIncomeTaxes": 230,
        "revenue": 6707,
        "sgaExpense": 1274,
        "totalOperatingExpense": 1274,
        "totalOtherIncomeExpenseNet": -21,
        "year": 2019
      },
      {
        "costOfGoodsSold": 4327,
        "dilutedAverageSharesOutstanding": 307,
        "dilutedEPS": 2.36,
        "ebit": 1077,
        "grossIncome": 2327,
        "interestExpense": 156,
        "interestIncomeExpense": -155,
        "minorityInterest": -50,
        "netIncome": 727,
        "netIncomeAfterTaxes": 686,
        "nonRecurringItems": 0,
        "period": "2018-12-31",
        "pretaxIncome": 907,
        "provisionforIncomeTaxes": 221,
        "revenue": 6654,
        "sgaExpense": 1250,
        "totalOperatingExpense": 1250,
        "totalOtherIncomeExpenseNet": -15,
        "year": 2018
      },
      {
        "costOfGoodsSold": 3794,
        "dilutedAverageSharesOutstanding": 318,
        "dilutedEPS": 1.66,
        "ebit": 1029,
        "grossIncome": 2220,
        "interestExpense": 279,
        "interestIncomeExpense": -271,
        "minorityInterest": -47,
        "netIncome": 528,
        "netIncomeAfterTaxes": 456,
        "nonRecurringItems": -15,
        "period": "2017-12-31",
        "pretaxIncome": 718,
        "provisionforIncomeTaxes": 262,
        "revenue": 6014,
        "sgaExpense": 1191,
        "totalOperatingExpense": 1191,
        "totalOtherIncomeExpenseNet": -25,
        "year": 2017
      },
      {
        "costOfGoodsSold": 4899,
        "depreciationAmortization": 25,
        "dilutedAverageSharesOutstanding": 330,
        "dilutedEPS": 1.48,
        "ebit": 1087,
        "grossIncome": 2462,
        "interestExpense": 229,
        "interestIncomeExpense": -218,
        "minorityInterest": -43,
        "netIncome": 487,
        "netIncomeAfterTaxes": 536,
        "nonRecurringItems": 0,
        "period": "2016-12-31",
        "pretaxIncome": 832,
        "provisionforIncomeTaxes": 296,
        "revenue": 7361,
        "sgaExpense": 1350,
        "totalOperatingExpense": 1375,
        "totalOtherIncomeExpenseNet": -37,
        "year": 2016
      },
      {
        "costOfGoodsSold": 4889,
        "depreciationAmortization": 20,
        "dilutedAverageSharesOutstanding": 341,
        "dilutedEPS": 1.03,
        "ebit": 926,
        "grossIncome": 2253,
        "interestExpense": 225,
        "interestIncomeExpense": -228,
        "minorityInterest": -39,
        "netIncome": 350,
        "netIncomeAfterTaxes": 396,
        "nonRecurringItems": -12,
        "period": "2015-12-31",
        "pretaxIncome": 689,
        "provisionforIncomeTaxes": 293,
        "revenue": 7142,
        "sgaExpense": 1307,
        "totalOperatingExpense": 1327,
        "totalOtherIncomeExpenseNet": 3,
        "year": 2015
      }
    ],
    "symbol": "MAS"
  }
}