{
  "symbol": "DOV",
  "statement": "ic",
  "frequency": "quarterly",
  "timestamp": "2025-09-19T13:59:20.945064",
  "data": {
    "financials": [
      {
        "costOfGoodsSold": 1221.194,
        "dilutedAverageSharesOutstanding": 137.974,
        "dilutedEPS": 2.0303,
        "ebit": 368.126,
        "grossIncome": 828.398,
        "interestExpense": 26.791,
        "interestIncomeExpense": -8.856,
        "netIncome": 279.064,
        "netIncomeAfterTaxes": 280.13,
        "nonRecurringItems": -11.353,
        "period": "2025-06-30",
        "pretaxIncome": 352.097,
        "provisionforIncomeTaxes": 71.967,
        "revenue": 2049.592,
        "sgaExpense": 460.272,
        "totalOperatingExpense": 460.272,
        "totalOtherIncomeExpenseNet": 4.18
      },
      {
        "costOfGoodsSold": 1116.239,
        "dilutedAverageSharesOutstanding": 138.26,
        "dilutedEPS": 1.66,
        "ebit": 304.619,
        "grossIncome": 749.82,
        "interestExpense": 27.608,
        "interestIncomeExpense": -7.354,
        "netIncome": 230.821,
        "netIncomeAfterTaxes": 239.241,
        "nonRecurringItems": -5.842,
        "period": "2025-03-31",
        "pretaxIncome": 295.381,
        "provisionforIncomeTaxes": 56.14,
        "revenue": 1866.059,
        "sgaExpense": 445.201,
        "totalOperatingExpense": 445.201,
        "totalOtherIncomeExpenseNet": 3.958
      },
      {
        "costOfGoodsSold": 1173.057,
        "dilutedAverageSharesOutstanding": 138.294,
        "dilutedEPS": 10.38,
        "ebit": 323.245,
        "grossIncome": 756.809,
        "interestExpense": 28.304,
        "interestIncomeExpense": -5.159,
        "netIncome": 1435.983,
        "netIncomeAfterTaxes": 238.383,
        "nonRecurringItems": -28.296,
        "period": "2024-12-31",
        "pretaxIncome": 303.65,
        "provisionforIncomeTaxes": 65.267,
        "revenue": 1929.866,
        "sgaExpense": 433.564,
        "totalOperatingExpense": 433.564,
        "totalOtherIncomeExpenseNet": 13.86
      },
      {
        "costOfGoodsSold": 1212.587,
        "dilutedAverageSharesOutstanding": 138.223,
        "dilutedEPS": 2.51,
        "ebit": 347.454,
        "grossIncome": 770.955,
        "interestExpense": 34.128,
        "interestIncomeExpense": -28.952,
        "netIncome": 347.1,
        "netIncomeAfterTaxes": 312.896,
        "nonRecurringItems": 54.796,
        "period": "2024-09-30",
        "pretaxIncome": 386.33,
        "provisionforIncomeTaxes": 73.434,
        "revenue": 1983.542,
        "sgaExpense": 423.501,
        "totalOperatingExpense": 423.501,
        "totalOtherIncomeExpenseNet": 13.032
      },
      {
        "costOfGoodsSold": 1351.478,
        "dilutedAverageSharesOutstanding": 138.404,
        "dilutedEPS": 2.0362,
        "ebit": 378.511,
        "grossIncome": 826.784,
        "interestExpense": 32.374,
        "interestIncomeExpense": -28.294,
        "netIncome": 281.822,
        "netIncomeAfterTaxes": 281.822,
        "nonRecurringItems": -9.8,
        "period": "2024-06-30",
        "pretaxIncome": 353.289,
        "provisionforIncomeTaxes": 71.467,
        "revenue": 2178.262,
        "sgaExpense": 448.273,
        "totalOperatingExpense": 448.273,
        "totalOtherIncomeExpenseNet": 12.872
      },
      {
        "costOfGoodsSold": 1322.763,
        "dilutedAverageSharesOutstanding": 139.869,
        "dilutedEPS": 4.5201,
        "ebit": 312.786,
        "grossIncome": 771.178,
        "interestExpense": 36.365,
        "interestIncomeExpense": -31.608,
        "netIncome": 632.221,
        "netIncomeAfterTaxes": 632.221,
        "nonRecurringItems": 511.288,
        "period": "2024-03-31",
        "pretaxIncome": 798.882,
        "provisionforIncomeTaxes": 166.661,
        "revenue": 2093.941,
        "sgaExpense": 458.392,
        "totalOperatingExpense": 458.392,
        "totalOtherIncomeExpenseNet": 6.416
      },
      {
        "costOfGoodsSold": 1310.995,
        "dilutedAverageSharesOutstanding": 140.587,
        "dilutedEPS": 2.1073,
        "ebit": 371.113,
        "grossIncome": 794.762,
        "interestExpense": 30.897,
        "interestIncomeExpense": -25.954,
        "netIncome": 296.262,
        "netIncomeAfterTaxes": 296.262,
        "nonRecurringItems": -16.641,
        "period": "2023-12-31",
        "pretaxIncome": 329.231,
        "provisionforIncomeTaxes": 32.969,
        "revenue": 2105.757,
        "sgaExpense": 423.649,
        "totalOperatingExpense": 423.649,
        "totalOtherIncomeExpenseNet": 0.713
      },
      {
        "costOfGoodsSold": 1359.055,
        "dilutedAverageSharesOutstanding": 140.615,
        "dilutedEPS": 2.0606,
        "ebit": 377.689,
        "grossIncome": 794.213,
        "interestExpense": 32.39,
        "interestIncomeExpense": -28.581,
        "netIncome": 289.753,
        "netIncomeAfterTaxes": 289.753,
        "nonRecurringItems": -4.919,
        "period": "2023-09-30",
        "pretaxIncome": 354.462,
        "provisionforIncomeTaxes": 64.709,
        "revenue": 2153.268,
        "sgaExpense": 416.524,
        "totalOperatingExpense": 416.524,
        "totalOtherIncomeExpenseNet": 10.273
      },
      {
        "costOfGoodsSold": 1335.568,
        "dilutedAverageSharesOutstanding": 140.578,
        "dilutedEPS": 1.7232,
        "ebit": 340.895,
        "grossIncome": 764.518,
        "interestExpense": 33.804,
        "interestIncomeExpense": -31.151,
        "netIncome": 242.239,
        "netIncomeAfterTaxes": 242.239,
        "nonRecurringItems": -16.399,
        "period": "2023-06-30",
        "pretaxIncome": 300.023,
        "provisionforIncomeTaxes": 57.784,
        "revenue": 2100.086,
        "sgaExpense": 423.623,
        "totalOperatingExpense": 423.623,
        "totalOtherIncomeExpenseNet": 6.678
      },
      {
        "costOfGoodsSold": 1328.531,
        "dilutedAverageSharesOutstanding": 140.616,
        "dilutedEPS": 1.6255,
        "ebit": 327.081,
        "grossIncome": 750.492,
        "interestExpense": 34.214,
        "interestIncomeExpense": -32.123,
        "netIncome": 228.574,
        "netIncomeAfterTaxes": 228.574,
        "nonRecurringItems": -12.476,
        "period": "2023-03-31",
        "pretaxIncome": 286.29,
        "provisionforIncomeTaxes": 57.716,
        "revenue": 2079.023,
        "sgaExpense": 423.411,
        "totalOperatingExpense": 423.411,
        "totalOtherIncomeExpenseNet": 3.808
      },
      {
        "costOfGoodsSold": 1369.323,
        "dilutedAverageSharesOutstanding": 141.141,
        "dilutedEPS": 1.8675,
        "ebit": 363.417,
        "grossIncome": 769.858,
        "interestExpense": 33.126,
        "interestIncomeExpense": -31.664,
        "netIncome": 263.579,
        "netIncomeAfterTaxes": 263.579,
        "nonRecurringItems": -10.699,
        "period": "2022-12-31",
        "pretaxIncome": 323.413,
        "provisionforIncomeTaxes": 59.834,
        "revenue": 2139.181,
        "sgaExpense": 406.441,
        "totalOperatingExpense": 406.441,
        "totalOtherIncomeExpenseNet": 2.359
      },
      {
        "costOfGoodsSold": 1383.459,
        "dilutedAverageSharesOutstanding": 143.257,
        "dilutedEPS": 1.9966,
        "ebit": 377.726,
        "grossIncome": 774.832,
        "interestExpense": 29.789,
        "interestIncomeExpense": -28.545,
        "netIncome": 286.026,
        "netIncomeAfterTaxes": 286.026,
        "nonRecurringItems": -7.315,
        "period": "2022-09-30",
        "pretaxIncome": 353.033,
        "provisionforIncomeTaxes": 67.007,
        "revenue": 2158.291,
        "sgaExpense": 397.106,
        "totalOperatingExpense": 397.106,
        "totalOtherIncomeExpenseNet": 11.167
      },
      {
        "costOfGoodsSold": 1376.395,
        "dilutedAverageSharesOutstanding": 144.669,
        "dilutedEPS": 2,
        "ebit": 361.159,
        "grossIncome": 782.32,
        "interestExpense": 26.989,
        "interestIncomeExpense": -26.04,
        "netIncome": 289.618,
        "netIncomeAfterTaxes": 267.018,
        "nonRecurringItems": -4.309,
        "period": "2022-06-30",
        "pretaxIncome": 335.356,
        "provisionforIncomeTaxes": 68.338,
        "revenue": 2158.715,
        "sgaExpense": 421.161,
        "totalOperatingExpense": 421.161,
        "totalOtherIncomeExpenseNet": 4.546
      },
      {
        "costOfGoodsSold": 1308.5,
        "dilutedAverageSharesOutstanding": 145.329,
        "dilutedEPS": 1.5562,
        "ebit": 307.508,
        "grossIncome": 743.401,
        "interestExpense": 26.552,
        "interestIncomeExpense": -25.777,
        "netIncome": 226.153,
        "netIncomeAfterTaxes": 226.153,
        "nonRecurringItems": -8.157,
        "period": "2022-03-31",
        "pretaxIncome": 275.703,
        "provisionforIncomeTaxes": 49.55,
        "revenue": 2051.901,
        "sgaExpense": 435.893,
        "totalOperatingExpense": 435.893,
        "totalOtherIncomeExpenseNet": 2.129
      },
      {
        "costOfGoodsSold": 1265.793,
        "dilutedAverageSharesOutstanding": 145.432,
        "dilutedEPS": 2.4945,
        "ebit": 288.846,
        "grossIncome": 723.442,
        "interestExpense": 26.402,
        "interestIncomeExpense": -25.049,
        "netIncome": 362.785,
        "netIncomeAfterTaxes": 362.785,
        "nonRecurringItems": 200.294,
        "period": "2021-12-31",
        "pretaxIncome": 460.713,
        "provisionforIncomeTaxes": 97.928,
        "revenue": 1989.235,
        "sgaExpense": 434.596,
        "totalOperatingExpense": 434.596,
        "totalOtherIncomeExpenseNet": -3.378
      },
      {
        "costOfGoodsSold": 1261.496,
        "dilutedAverageSharesOutstanding": 145.44,
        "dilutedEPS": 1.8135,
        "ebit": 346.816,
        "grossIncome": 756.773,
        "interestExpense": 26.433,
        "interestIncomeExpense": -24.967,
        "netIncome": 263.756,
        "netIncomeAfterTaxes": 263.756,
        "nonRecurringItems": -4.79,
        "period": "2021-09-30",
        "pretaxIncome": 327.519,
        "provisionforIncomeTaxes": 63.763,
        "revenue": 2018.269,
        "sgaExpense": 409.957,
        "totalOperatingExpense": 409.957,
        "totalOtherIncomeExpenseNet": 10.46
      },
      {
        "costOfGoodsSold": 1254.665,
        "dilutedAverageSharesOutstanding": 145.118,
        "dilutedEPS": 1.8227,
        "ebit": 353.566,
        "grossIncome": 777.011,
        "interestExpense": 26.661,
        "interestIncomeExpense": -25.719,
        "netIncome": 264.508,
        "netIncomeAfterTaxes": 264.508,
        "nonRecurringItems": -9.436,
        "period": "2021-06-30",
        "pretaxIncome": 323.344,
        "provisionforIncomeTaxes": 58.836,
        "revenue": 2031.676,
        "sgaExpense": 423.445,
        "totalOperatingExpense": 423.445,
        "totalOtherIncomeExpenseNet": 4.933
      },
      {
        "costOfGoodsSold": 1142.4,
        "dilutedAverageSharesOutstanding": 144.9,
        "dilutedEPS": 1.61,
        "ebit": 319,
        "grossIncome": 725.5,
        "interestExpense": 26.823,
        "interestIncomeExpense": -26.1,
        "netIncome": 232.8,
        "netIncomeAfterTaxes": 232.8,
        "nonRecurringItems": -6.4,
        "period": "2021-03-31",
        "pretaxIncome": 289.3,
        "provisionforIncomeTaxes": 56.5,
        "revenue": 1867.9,
        "sgaExpense": 406.5,
        "totalOperatingExpense": 406.6,
        "totalOtherIncomeExpenseNet": 2.8
      },
      {
        "costOfGoodsSold": 1121.9,
        "dilutedAverageSharesOutstanding": 145.6,
        "dilutedEPS": 1.25,
        "ebit": 264,
        "grossIncome": 658.5,
        "interestExpense": 28.234,
        "interestIncomeExpense": -27.5,
        "netIncome": 182.1,
        "netIncomeAfterTaxes": 182.1,
        "nonRecurringItems": -18.1,
        "period": "2020-12-31",
        "pretaxIncome": 220.4,
        "provisionforIncomeTaxes": 38.3,
        "revenue": 1780.4,
        "sgaExpense": 394.5,
        "totalOperatingExpense": 394.5,
        "totalOtherIncomeExpenseNet": 2
      },
      {
        "costOfGoodsSold": 1086.8,
        "dilutedAverageSharesOutstanding": 145.3,
        "dilutedEPS": 1.38,
        "ebit": 283.6,
        "grossIncome": 661.4,
        "interestExpense": 27.724,
        "interestIncomeExpense": -26.8,
        "netIncome": 200.3,
        "netIncomeAfterTaxes": 200.3,
        "nonRecurringItems": -7.3,
        "period": "2020-09-30",
        "pretaxIncome": 251,
        "provisionforIncomeTaxes": 50.7,
        "revenue": 1748.3,
        "sgaExpense": 377.8,
        "totalOperatingExpense": 377.8,
        "totalOtherIncomeExpenseNet": 1.4
      },
      {
        "costOfGoodsSold": 940,
        "dilutedAverageSharesOutstanding": 145,
        "dilutedEPS": 0.86,
        "ebit": 197.2,
        "grossIncome": 559.2,
        "interestExpense": 28.711,
        "interestIncomeExpense": -28,
        "netIncome": 124.8,
        "netIncomeAfterTaxes": 124.8,
        "nonRecurringItems": -13.1,
        "period": "2020-06-30",
        "pretaxIncome": 156.8,
        "provisionforIncomeTaxes": 32.1,
        "revenue": 1499.2,
        "sgaExpense": 362,
        "totalOperatingExpense": 362,
        "totalOtherIncomeExpenseNet": 0.7
      },
      {
        "costOfGoodsSold": 1042.2,
        "dilutedAverageSharesOutstanding": 145.8,
        "dilutedEPS": 1.21,
        "ebit": 232.7,
        "grossIncome": 613.8,
        "interestExpense": 27.268,
        "interestIncomeExpense": -26.1,
        "netIncome": 176.3,
        "netIncomeAfterTaxes": 176.3,
        "nonRecurringItems": -0.8,
        "period": "2020-03-31",
        "pretaxIncome": 213.5,
        "provisionforIncomeTaxes": 37.2,
        "revenue": 1655.9,
        "sgaExpense": 381.1,
        "totalOperatingExpense": 381.1,
        "totalOtherIncomeExpenseNet": 7.7
      },
      {
        "costOfGoodsSold": 1119.8,
        "dilutedAverageSharesOutstanding": 146.8,
        "dilutedEPS": 1.15,
        "ebit": 262.9,
        "grossIncome": 655.8,
        "interestExpense": 30.846,
        "interestIncomeExpense": -29.4,
        "netIncome": 168.1,
        "netIncomeAfterTaxes": 168.1,
        "nonRecurringItems": -38.4,
        "period": "2019-12-31",
        "pretaxIncome": 197,
        "provisionforIncomeTaxes": 28.9,
        "revenue": 1775.6,
        "sgaExpense": 392.9,
        "totalOperatingExpense": 392.8,
        "totalOtherIncomeExpenseNet": 1.9
      },
      {
        "costOfGoodsSold": 1149.8,
        "dilutedAverageSharesOutstanding": 147.1,
        "dilutedEPS": 1.4,
        "ebit": 286,
        "grossIncome": 675.6,
        "interestExpense": 31.41,
        "interestIncomeExpense": -30.1,
        "netIncome": 206,
        "netIncomeAfterTaxes": 206,
        "nonRecurringItems": -3.3,
        "period": "2019-09-30",
        "pretaxIncome": 257.9,
        "provisionforIncomeTaxes": 51.9,
        "revenue": 1825.3,
        "sgaExpense": 389.5,
        "totalOperatingExpense": 389.5,
        "totalOtherIncomeExpenseNet": 5.4
      },
      {
        "costOfGoodsSold": 1136.9,
        "dilutedAverageSharesOutstanding": 147.2,
        "dilutedEPS": 1.35,
        "ebit": 281.7,
        "grossIncome": 673.8,
        "interestExpense": 31.754,
        "interestIncomeExpense": -30.8,
        "netIncome": 198.1,
        "netIncomeAfterTaxes": 198.1,
        "nonRecurringItems": -5.7,
        "period": "2019-06-30",
        "pretaxIncome": 249.7,
        "provisionforIncomeTaxes": 51.7,
        "revenue": 1810.7,
        "sgaExpense": 392.1,
        "totalOperatingExpense": 392.1,
        "totalOtherIncomeExpenseNet": 4.6
      },
      {
        "costOfGoodsSold": 1100,
        "dilutedAverageSharesOutstanding": 146.9,
        "dilutedEPS": 0.72,
        "ebit": 218,
        "grossIncome": 624.7,
        "interestExpense": 31.808,
        "interestIncomeExpense": -30.9,
        "netIncome": 105.7,
        "netIncomeAfterTaxes": 105.7,
        "nonRecurringItems": -49.9,
        "period": "2019-03-31",
        "pretaxIncome": 138.3,
        "provisionforIncomeTaxes": 32.6,
        "revenue": 1724.8,
        "sgaExpense": 406.7,
        "totalOperatingExpense": 406.7,
        "totalOtherIncomeExpenseNet": 1.1
      },
      {
        "costOfGoodsSold": 1155,
        "dilutedAverageSharesOutstanding": 148.2,
        "dilutedEPS": 0.95,
        "ebit": 240.9,
        "grossIncome": 653.9,
        "interestExpense": 32.015,
        "interestIncomeExpense": -29.8,
        "netIncome": 141.6,
        "netIncomeAfterTaxes": 155.1,
        "nonRecurringItems": -22.1,
        "period": "2018-12-31",
        "pretaxIncome": 186.7,
        "provisionforIncomeTaxes": 31.6,
        "revenue": 1809,
        "sgaExpense": 413.1,
        "totalOperatingExpense": 413.1,
        "totalOtherIncomeExpenseNet": -2.3
      },
      {
        "costOfGoodsSold": 1097.3,
        "dilutedAverageSharesOutstanding": 149.5,
        "dilutedEPS": 1.05,
        "ebit": 244.3,
        "grossIncome": 650.1,
        "interestExpense": 31.192,
        "interestIncomeExpense": -29.1,
        "netIncome": 157.3,
        "netIncomeAfterTaxes": 157.3,
        "nonRecurringItems": -24.2,
        "period": "2018-09-30",
        "pretaxIncome": 193,
        "provisionforIncomeTaxes": 35.7,
        "revenue": 1747.4,
        "sgaExpense": 405.8,
        "totalOperatingExpense": 405.8,
        "totalOtherIncomeExpenseNet": 2.1
      },
      {
        "costOfGoodsSold": 1130.7,
        "dilutedAverageSharesOutstanding": 153.9,
        "dilutedEPS": 0.9,
        "ebit": 244.6,
        "grossIncome": 667.4,
        "interestExpense": 32.125,
        "interestIncomeExpense": -29.6,
        "netIncome": 140,
        "netIncomeAfterTaxes": 166.5,
        "nonRecurringItems": -8.1,
        "period": "2018-06-30",
        "pretaxIncome": 211.4,
        "provisionforIncomeTaxes": 45,
        "revenue": 1798.1,
        "sgaExpense": 422.8,
        "totalOperatingExpense": 422.8,
        "totalOtherIncomeExpenseNet": 4.5
      },
      {
        "costOfGoodsSold": 1032.5,
        "dilutedAverageSharesOutstanding": 154.5,
        "dilutedEPS": 0.85,
        "ebit": 172,
        "grossIncome": 605.2,
        "interestExpense": 35.64,
        "interestIncomeExpense": -33.6,
        "netIncome": 131.4,
        "netIncomeAfterTaxes": 109.4,
        "nonRecurringItems": -4.2,
        "period": "2018-03-31",
        "pretaxIncome": 134.3,
        "provisionforIncomeTaxes": 24.8,
        "revenue": 1637.7,
        "sgaExpense": 433.1,
        "totalOperatingExpense": 433.2,
        "totalOtherIncomeExpenseNet": 0
      },
      {
        "costOfGoodsSold": 1092.1,
        "dilutedAverageSharesOutstanding": 158.3,
        "dilutedEPS": 1.87,
        "ebit": 224.7,
        "grossIncome": 660.5,
        "interestExpense": 36.363,
        "interestIncomeExpense": -34.5,
        "netIncome": 296.4,
        "netIncomeAfterTaxes": 238.7,
        "nonRecurringItems": 73.1,
        "period": "2017-12-31",
        "pretaxIncome": 264.1,
        "provisionforIncomeTaxes": 25.4,
        "revenue": 1752.5,
        "sgaExpense": 435.8,
        "totalOperatingExpense": 435.7,
        "totalOtherIncomeExpenseNet": 0.8
      },
      {
        "costOfGoodsSold": 1096.7,
        "dilutedAverageSharesOutstanding": 157.6,
        "dilutedEPS": 1.13,
        "ebit": 243.7,
        "grossIncome": 651,
        "interestExpense": 35.372,
        "interestIncomeExpense": -33.6,
        "netIncome": 178.9,
        "netIncomeAfterTaxes": 159.5,
        "nonRecurringItems": -4.5,
        "period": "2017-09-30",
        "pretaxIncome": 206.8,
        "provisionforIncomeTaxes": 47.3,
        "revenue": 1747.8,
        "sgaExpense": 407.4,
        "totalOperatingExpense": 407.4,
        "totalOtherIncomeExpenseNet": 1.2
      },
      {
        "costOfGoodsSold": 1083.1,
        "dilutedAverageSharesOutstanding": 157.5,
        "dilutedEPS": 1.04,
        "ebit": 234.6,
        "grossIncome": 654.3,
        "interestExpense": 36.854,
        "interestIncomeExpense": -34.5,
        "netIncome": 164.1,
        "netIncomeAfterTaxes": 142.5,
        "nonRecurringItems": -1.8,
        "period": "2017-06-30",
        "pretaxIncome": 198.1,
        "provisionforIncomeTaxes": 55.6,
        "revenue": 1737.4,
        "sgaExpense": 419.6,
        "totalOperatingExpense": 419.6,
        "totalOtherIncomeExpenseNet": -0.3
      },
      {
        "costOfGoodsSold": 1003.3,
        "dilutedAverageSharesOutstanding": 157.5,
        "dilutedEPS": 1.09,
        "ebit": 156.1,
        "grossIncome": 579.9,
        "interestExpense": 36.359,
        "interestIncomeExpense": -33.8,
        "netIncome": 172.2,
        "netIncomeAfterTaxes": 155.1,
        "nonRecurringItems": 84.1,
        "period": "2017-03-31",
        "pretaxIncome": 206.9,
        "provisionforIncomeTaxes": 51.8,
        "revenue": 1583.2,
        "sgaExpense": 423.8,
        "totalOperatingExpense": 423.8,
        "totalOtherIncomeExpenseNet": 0.4
      },
      {
        "costOfGoodsSold": 1156.5,
        "dilutedAverageSharesOutstanding": 156.9,
        "dilutedEPS": 1.03,
        "ebit": 173,
        "grossIncome": 621.5,
        "interestExpense": 35.515,
        "interestIncomeExpense": -36.3,
        "netIncome": 161.2,
        "netIncomeAfterTaxes": 161.2,
        "nonRecurringItems": 76.5,
        "period": "2016-12-31",
        "pretaxIncome": 216,
        "provisionforIncomeTaxes": 54.9,
        "revenue": 1778,
        "sgaExpense": 448.6,
        "totalOperatingExpense": 448.5,
        "totalOtherIncomeExpenseNet": 2.9
      },
      {
        "costOfGoodsSold": 1073.2,
        "dilutedAverageSharesOutstanding": 156.8,
        "dilutedEPS": 0.83,
        "ebit": 218.4,
        "grossIncome": 634.6,
        "interestExpense": 33.789,
        "interestIncomeExpense": -30.8,
        "netIncome": 130.1,
        "netIncomeAfterTaxes": 130.1,
        "nonRecurringItems": -7.7,
        "period": "2016-09-30",
        "pretaxIncome": 181.2,
        "provisionforIncomeTaxes": 51.1,
        "revenue": 1707.8,
        "sgaExpense": 416.1,
        "totalOperatingExpense": 416.1,
        "totalOtherIncomeExpenseNet": 1.2
      },
      {
        "costOfGoodsSold": 1050.8,
        "dilutedAverageSharesOutstanding": 156.6,
        "dilutedEPS": 0.76,
        "ebit": 203,
        "grossIncome": 635.5,
        "interestExpense": 33.779,
        "interestIncomeExpense": -31,
        "netIncome": 118.3,
        "netIncomeAfterTaxes": 118.3,
        "nonRecurringItems": -9.2,
        "period": "2016-06-30",
        "pretaxIncome": 164.5,
        "provisionforIncomeTaxes": 46.2,
        "revenue": 1686.3,
        "sgaExpense": 432.5,
        "totalOperatingExpense": 432.5,
        "totalOtherIncomeExpenseNet": 1.7
      },
      {
        "costOfGoodsSold": 1027.2,
        "dilutedAverageSharesOutstanding": 156.2,
        "dilutedEPS": 0.64,
        "ebit": 160.2,
        "grossIncome": 595.1,
        "interestExpense": 33.318,
        "interestIncomeExpense": -29.7,
        "netIncome": 99.4,
        "netIncomeAfterTaxes": 99.4,
        "nonRecurringItems": -3.2,
        "period": "2016-03-31",
        "pretaxIncome": 127.6,
        "provisionforIncomeTaxes": 28.3,
        "revenue": 1622.3,
        "sgaExpense": 434.9,
        "totalOperatingExpense": 434.8,
        "totalOtherIncomeExpenseNet": 0.3
      },
      {
        "costOfGoodsSold": 1073.5,
        "dilutedAverageSharesOutstanding": 155.9,
        "dilutedEPS": 0.9,
        "ebit": 215.9,
        "grossIncome": 621.1,
        "interestExpense": 32.52,
        "interestIncomeExpense": -33.8,
        "netIncome": 141.8,
        "netIncomeAfterTaxes": 136.6,
        "nonRecurringItems": -18.7,
        "period": "2015-12-31",
        "pretaxIncome": 169.5,
        "provisionforIncomeTaxes": 32.9,
        "revenue": 1694.6,
        "sgaExpense": 405.2,
        "totalOperatingExpense": 405.2,
        "totalOtherIncomeExpenseNet": 6.1
      },
      {
        "costOfGoodsSold": 1111,
        "dilutedAverageSharesOutstanding": 156.6,
        "dilutedEPS": 1.19,
        "ebit": 288.4,
        "grossIncome": 676.6,
        "interestExpense": 33.098,
        "interestIncomeExpense": -31,
        "netIncome": 186.1,
        "netIncomeAfterTaxes": 186.5,
        "nonRecurringItems": -11.2,
        "period": "2015-09-30",
        "pretaxIncome": 245.3,
        "provisionforIncomeTaxes": 58.8,
        "revenue": 1787.6,
        "sgaExpense": 388.1,
        "totalOperatingExpense": 388.2,
        "totalOtherIncomeExpenseNet": -0.9
      }
    ],
    "symbol": "DOV"
  }
}