{
  "symbol": "ERIE",
  "statement": "ic",
  "frequency": "annual",
  "timestamp": "2025-09-19T13:59:58.613060",
  "data": {
    "financials": [
      {
        "costOfGoodsSold": 3118.66,
        "dilutedAverageSharesOutstanding": 58.4071,
        "dilutedEPS": 10.2781,
        "ebit": 676.455,
        "grossIncome": 676.455,
        "interestIncomeExpense": 73.384,
        "netIncome": 600.314,
        "netIncomeAfterTaxes": 600.314,
        "nonRecurringItems": -4.124,
        "period": "2024-12-31",
        "pretaxIncome": 757.279,
        "provisionforIncomeTaxes": 156.965,
        "revenue": 3795.115,
        "totalOperatingExpense": 0,
        "totalOtherIncomeExpenseNet": 11.564,
        "year": 2024
      },
      {
        "costOfGoodsSold": 2748.684,
        "dilutedAverageSharesOutstanding": 58.4002,
        "dilutedEPS": 7.638,
        "ebit": 520.256,
        "grossIncome": 520.256,
        "interestIncomeExpense": 38.734,
        "netIncome": 446.061,
        "netIncomeAfterTaxes": 446.061,
        "nonRecurringItems": -9.766,
        "period": "2023-12-31",
        "pretaxIncome": 561.936,
        "provisionforIncomeTaxes": 115.875,
        "revenue": 3268.94,
        "totalOperatingExpense": 0,
        "totalOtherIncomeExpenseNet": 12.712,
        "year": 2023
      },
      {
        "costOfGoodsSold": 2463.9,
        "dilutedAverageSharesOutstanding": 58.4,
        "dilutedEPS": 5.11,
        "ebit": 376.2,
        "grossIncome": 376.2,
        "interestExpense": 2.009,
        "interestIncomeExpense": -0.7,
        "netIncome": 298.6,
        "netIncomeAfterTaxes": 298.6,
        "nonRecurringItems": -0.7,
        "period": "2022-12-31",
        "pretaxIncome": 376.5,
        "provisionforIncomeTaxes": 77.9,
        "revenue": 2840.1,
        "totalOperatingExpense": 0,
        "totalOtherIncomeExpenseNet": 1.6,
        "year": 2022
      },
      {
        "costOfGoodsSold": 2315.9,
        "dilutedAverageSharesOutstanding": 58.4,
        "dilutedEPS": 5.1,
        "ebit": 318.1,
        "grossIncome": 318.1,
        "interestExpense": 4.132,
        "interestIncomeExpense": 63,
        "netIncome": 297.9,
        "netIncomeAfterTaxes": 297.9,
        "nonRecurringItems": 0.2,
        "period": "2021-12-31",
        "pretaxIncome": 376.4,
        "provisionforIncomeTaxes": 78.5,
        "revenue": 2634,
        "totalOperatingExpense": 0,
        "totalOtherIncomeExpenseNet": -4.9,
        "year": 2021
      },
      {
        "costOfGoodsSold": 2198.3,
        "dilutedAverageSharesOutstanding": 58.4,
        "dilutedEPS": 5.02,
        "ebit": 338.2,
        "grossIncome": 338.2,
        "interestExpense": 0.731,
        "interestIncomeExpense": 35.4,
        "netIncome": 293.3,
        "netIncomeAfterTaxes": 293.3,
        "nonRecurringItems": -3.3,
        "period": "2020-12-31",
        "pretaxIncome": 368.5,
        "provisionforIncomeTaxes": 75.2,
        "revenue": 2536.5,
        "totalOperatingExpense": 0,
        "totalOtherIncomeExpenseNet": -1.8,
        "year": 2020
      },
      {
        "costOfGoodsSold": 2120,
        "dilutedAverageSharesOutstanding": 58.4,
        "dilutedEPS": 5.42,
        "ebit": 357.3,
        "grossIncome": 357.3,
        "interestExpense": 0.856,
        "interestIncomeExpense": 39.3,
        "netIncome": 316.8,
        "netIncomeAfterTaxes": 316.8,
        "nonRecurringItems": -0.2,
        "period": "2019-12-31",
        "pretaxIncome": 396.7,
        "provisionforIncomeTaxes": 79.9,
        "revenue": 2477.3,
        "totalOperatingExpense": 0,
        "totalOtherIncomeExpenseNet": 0.3,
        "year": 2019
      },
      {
        "costOfGoodsSold": 2037.9,
        "dilutedAverageSharesOutstanding": 58.4,
        "dilutedEPS": 4.93,
        "ebit": 344.4,
        "grossIncome": 344.3,
        "interestExpense": 2.46,
        "interestIncomeExpense": 24.9,
        "netIncome": 288.2,
        "netIncomeAfterTaxes": 288.2,
        "nonRecurringItems": -1.6,
        "period": "2018-12-31",
        "pretaxIncome": 371.3,
        "provisionforIncomeTaxes": 83.1,
        "revenue": 2382.2,
        "totalOperatingExpense": 0,
        "totalOtherIncomeExpenseNet": 3.6,
        "year": 2018
      },
      {
        "costOfGoodsSold": 1401.5,
        "dilutedAverageSharesOutstanding": 58.4,
        "dilutedEPS": 3.37,
        "ebit": 290.3,
        "grossIncome": 290.3,
        "interestExpense": 1.238,
        "interestIncomeExpense": 27.5,
        "netIncome": 197,
        "netIncomeAfterTaxes": 207.1,
        "nonRecurringItems": -0.2,
        "period": "2017-12-31",
        "pretaxIncome": 315.7,
        "provisionforIncomeTaxes": 108.6,
        "revenue": 1691.8,
        "totalOperatingExpense": 0,
        "totalOtherIncomeExpenseNet": -1.9,
        "year": 2017
      },
      {
        "dilutedAverageSharesOutstanding": 58.5,
        "dilutedEPS": 3.59,
        "ebit": 292.3,
        "interestExpense": 0.101,
        "interestIncomeExpense": 28.1,
        "netIncome": 210.4,
        "netIncomeAfterTaxes": 210.4,
        "nonRecurringItems": -0.4,
        "otherOperatingExpensesTotal": 1090.9,
        "period": "2016-12-31",
        "pretaxIncome": 320.1,
        "provisionforIncomeTaxes": 109.7,
        "revenue": 1596.6,
        "sgaExpense": 213.4,
        "totalOperatingExpense": 1304.3,
        "year": 2016
      },
      {
        "dilutedAverageSharesOutstanding": 58.6,
        "dilutedEPS": 2.98,
        "ebit": 232.6,
        "interestIncomeExpense": 35.3,
        "netIncome": 174.7,
        "netIncomeAfterTaxes": 174.7,
        "nonRecurringItems": -1.6,
        "otherOperatingExpensesTotal": 1046.3,
        "period": "2015-12-31",
        "pretaxIncome": 266.2,
        "provisionforIncomeTaxes": 91.6,
        "revenue": 1505.5,
        "sgaExpense": 226.7,
        "totalOperatingExpense": 1272.9,
        "year": 2015
      }
    ],
    "symbol": "ERIE"
  }
}