{
  "symbol": "FOX",
  "statement": "ic",
  "frequency": "quarterly",
  "timestamp": "2025-09-19T14:00:43.631874",
  "data": {
    "financials": [
      {
        "costOfGoodsSold": 1759,
        "depreciationAmortization": 102,
        "dilutedAverageSharesOutstanding": 458,
        "dilutedEPS": 1.5655,
        "ebit": 836,
        "gainLossOnDispositionOfAssets": 0,
        "grossIncome": 1528,
        "interestExpense": 90,
        "interestIncomeExpense": 225,
        "minorityInterest": -2,
        "netIncome": 717,
        "netIncomeAfterTaxes": 719,
        "nonRecurringItems": -99,
        "period": "2025-06-30",
        "pretaxIncome": 959,
        "provisionforIncomeTaxes": 240,
        "revenue": 3287,
        "sgaExpense": 590,
        "totalOperatingExpense": 692,
        "totalOtherIncomeExpenseNet": -3
      },
      {
        "costOfGoodsSold": 2965,
        "depreciationAmortization": 95,
        "dilutedAverageSharesOutstanding": 461,
        "dilutedEPS": 0.7505,
        "ebit": 760,
        "grossIncome": 1406,
        "interestExpense": 94,
        "interestIncomeExpense": -228,
        "minorityInterest": -8,
        "netIncome": 346,
        "netIncomeAfterTaxes": 354,
        "nonRecurringItems": -55,
        "period": "2025-03-31",
        "pretaxIncome": 474,
        "provisionforIncomeTaxes": 120,
        "revenue": 4371,
        "sgaExpense": 551,
        "totalOperatingExpense": 646,
        "totalOtherIncomeExpenseNet": -3
      },
      {
        "costOfGoodsSold": 3776,
        "depreciationAmortization": 97,
        "dilutedAverageSharesOutstanding": 462,
        "dilutedEPS": 0.8074,
        "ebit": 680,
        "grossIncome": 1302,
        "interestExpense": 117,
        "interestIncomeExpense": 7,
        "minorityInterest": -15,
        "netIncome": 373,
        "netIncomeAfterTaxes": 388,
        "nonRecurringItems": -170,
        "period": "2024-12-31",
        "pretaxIncome": 515,
        "provisionforIncomeTaxes": 127,
        "revenue": 5078,
        "sgaExpense": 525,
        "totalOperatingExpense": 622,
        "totalOtherIncomeExpenseNet": -2
      },
      {
        "costOfGoodsSold": 2018,
        "depreciationAmortization": 91,
        "dilutedAverageSharesOutstanding": 464,
        "dilutedEPS": 1.7823,
        "ebit": 953,
        "grossIncome": 1546,
        "interestExpense": 102,
        "interestIncomeExpense": 189,
        "minorityInterest": -5,
        "netIncome": 827,
        "netIncomeAfterTaxes": 832,
        "nonRecurringItems": -26,
        "period": "2024-09-30",
        "pretaxIncome": 1113,
        "provisionforIncomeTaxes": 281,
        "revenue": 3564,
        "sgaExpense": 502,
        "totalOperatingExpense": 593,
        "totalOtherIncomeExpenseNet": -3
      },
      {
        "costOfGoodsSold": 1784,
        "depreciationAmortization": 98,
        "dilutedAverageSharesOutstanding": 468,
        "dilutedEPS": 0.68,
        "ebit": 671,
        "gainLossOnDispositionOfAssets": 166,
        "grossIncome": 1308,
        "interestExpense": 96,
        "interestIncomeExpense": -337,
        "minorityInterest": -1,
        "netIncome": 319,
        "netIncomeAfterTaxes": 320,
        "nonRecurringItems": -43,
        "period": "2024-06-30",
        "pretaxIncome": 451,
        "provisionforIncomeTaxes": 131,
        "revenue": 3092,
        "sgaExpense": 539,
        "totalOperatingExpense": 637,
        "totalOtherIncomeExpenseNet": -6
      },
      {
        "costOfGoodsSold": 2050,
        "depreciationAmortization": 98,
        "dilutedAverageSharesOutstanding": 475,
        "dilutedEPS": 1.4,
        "ebit": 789,
        "grossIncome": 1397,
        "interestExpense": 99,
        "interestIncomeExpense": 193,
        "minorityInterest": -38,
        "netIncome": 666,
        "netIncomeAfterTaxes": 704,
        "nonRecurringItems": -15,
        "period": "2024-03-31",
        "pretaxIncome": 961,
        "provisionforIncomeTaxes": 257,
        "revenue": 3447,
        "sgaExpense": 510,
        "totalOperatingExpense": 608,
        "totalOtherIncomeExpenseNet": -6
      },
      {
        "costOfGoodsSold": 3393,
        "depreciationAmortization": 97,
        "dilutedAverageSharesOutstanding": 482,
        "dilutedEPS": 0.2261,
        "ebit": 249,
        "grossIncome": 841,
        "interestExpense": 119,
        "interestIncomeExpense": -94,
        "minorityInterest": -6,
        "netIncome": 109,
        "netIncomeAfterTaxes": 115,
        "nonRecurringItems": -7,
        "period": "2023-12-31",
        "pretaxIncome": 131,
        "provisionforIncomeTaxes": 16,
        "revenue": 4234,
        "sgaExpense": 495,
        "totalOperatingExpense": 592,
        "totalOtherIncomeExpenseNet": -17
      },
      {
        "costOfGoodsSold": 1862,
        "depreciationAmortization": 96,
        "dilutedAverageSharesOutstanding": 494,
        "dilutedEPS": 0.82,
        "ebit": 769,
        "grossIncome": 1345,
        "interestExpense": 91,
        "interestIncomeExpense": -213,
        "minorityInterest": -8,
        "netIncome": 407,
        "netIncomeAfterTaxes": 415,
        "nonRecurringItems": -5,
        "period": "2023-09-30",
        "pretaxIncome": 561,
        "provisionforIncomeTaxes": 146,
        "revenue": 3207,
        "sgaExpense": 480,
        "totalOperatingExpense": 576,
        "totalOtherIncomeExpenseNet": 10
      },
      {
        "costOfGoodsSold": 1778,
        "depreciationAmortization": 103,
        "dilutedAverageSharesOutstanding": 507,
        "dilutedEPS": 0.74,
        "ebit": 628,
        "grossIncome": 1254,
        "interestExpense": 87,
        "interestIncomeExpense": 51,
        "minorityInterest": 6,
        "netIncome": 375,
        "netIncomeAfterTaxes": 369,
        "nonRecurringItems": -176,
        "period": "2023-06-30",
        "pretaxIncome": 505,
        "provisionforIncomeTaxes": 136,
        "revenue": 3032,
        "sgaExpense": 523,
        "totalOperatingExpense": 626,
        "totalOtherIncomeExpenseNet": 2
      },
      {
        "costOfGoodsSold": 2727,
        "depreciationAmortization": 106,
        "dilutedAverageSharesOutstanding": 521,
        "dilutedEPS": -0.1,
        "ebit": 723,
        "grossIncome": 1357,
        "interestExpense": 86,
        "interestIncomeExpense": 127,
        "minorityInterest": -4,
        "netIncome": -54,
        "netIncomeAfterTaxes": -50,
        "nonRecurringItems": -891,
        "period": "2023-03-31",
        "pretaxIncome": -51,
        "provisionforIncomeTaxes": -1,
        "revenue": 4084,
        "sgaExpense": 528,
        "totalOperatingExpense": 634,
        "totalOtherIncomeExpenseNet": -10
      },
      {
        "costOfGoodsSold": 3528,
        "depreciationAmortization": 103,
        "dilutedAverageSharesOutstanding": 543,
        "dilutedEPS": 0.58,
        "ebit": 424,
        "grossIncome": 1077,
        "interestExpense": 89,
        "interestIncomeExpense": 54,
        "minorityInterest": -8,
        "netIncome": 313,
        "netIncomeAfterTaxes": 321,
        "nonRecurringItems": -33,
        "period": "2022-12-31",
        "pretaxIncome": 437,
        "provisionforIncomeTaxes": 116,
        "revenue": 4605,
        "sgaExpense": 550,
        "totalOperatingExpense": 653,
        "totalOtherIncomeExpenseNet": -8
      },
      {
        "costOfGoodsSold": 1656,
        "depreciationAmortization": 99,
        "dilutedAverageSharesOutstanding": 552,
        "dilutedEPS": 1.1,
        "ebit": 989,
        "grossIncome": 1536,
        "interestExpense": 87,
        "interestIncomeExpense": -47,
        "minorityInterest": -8,
        "netIncome": 605,
        "netIncomeAfterTaxes": 613,
        "nonRecurringItems": -77,
        "period": "2022-09-30",
        "pretaxIncome": 845,
        "provisionforIncomeTaxes": 232,
        "revenue": 3192,
        "sgaExpense": 448,
        "totalOperatingExpense": 547,
        "totalOtherIncomeExpenseNet": -20
      },
      {
        "costOfGoodsSold": 1715,
        "depreciationAmortization": 99,
        "dilutedAverageSharesOutstanding": 562.2,
        "dilutedEPS": 0.54,
        "ebit": 667,
        "grossIncome": 1318,
        "interestExpense": 86,
        "interestIncomeExpense": -179,
        "minorityInterest": -2,
        "netIncome": 306,
        "netIncomeAfterTaxes": 308,
        "nonRecurringItems": -38,
        "period": "2022-06-30",
        "pretaxIncome": 447,
        "provisionforIncomeTaxes": 139,
        "revenue": 3033,
        "sgaExpense": 552,
        "totalOperatingExpense": 651,
        "totalOtherIncomeExpenseNet": -3
      },
      {
        "costOfGoodsSold": 2164,
        "depreciationAmortization": 92,
        "dilutedAverageSharesOutstanding": 566,
        "dilutedEPS": 0.5,
        "ebit": 714,
        "grossIncome": 1291,
        "interestExpense": 91,
        "interestIncomeExpense": -282,
        "minorityInterest": -7,
        "netIncome": 283,
        "netIncomeAfterTaxes": 290,
        "nonRecurringItems": -39,
        "period": "2022-03-31",
        "pretaxIncome": 390,
        "provisionforIncomeTaxes": 100,
        "revenue": 3455,
        "sgaExpense": 485,
        "totalOperatingExpense": 577,
        "totalOtherIncomeExpenseNet": -3
      },
      {
        "costOfGoodsSold": 3667,
        "depreciationAmortization": 93,
        "dilutedAverageSharesOutstanding": 569,
        "dilutedEPS": -0.15,
        "ebit": 213,
        "grossIncome": 774,
        "interestExpense": 97,
        "interestIncomeExpense": -262,
        "minorityInterest": -12,
        "netIncome": -85,
        "netIncomeAfterTaxes": -73,
        "nonRecurringItems": -43,
        "period": "2021-12-31",
        "pretaxIncome": -95,
        "provisionforIncomeTaxes": -22,
        "revenue": 4441,
        "sgaExpense": 468,
        "totalOperatingExpense": 561,
        "totalOtherIncomeExpenseNet": -3
      },
      {
        "costOfGoodsSold": 1571,
        "depreciationAmortization": 79,
        "dilutedAverageSharesOutstanding": 578,
        "dilutedEPS": 1.21,
        "ebit": 980,
        "grossIncome": 1474,
        "interestExpense": 97,
        "interestIncomeExpense": -34,
        "minorityInterest": -7,
        "netIncome": 701,
        "netIncomeAfterTaxes": 708,
        "nonRecurringItems": -12,
        "period": "2021-09-30",
        "pretaxIncome": 952,
        "provisionforIncomeTaxes": 244,
        "revenue": 3045,
        "sgaExpense": 415,
        "totalOperatingExpense": 494,
        "totalOtherIncomeExpenseNet": 18
      },
      {
        "costOfGoodsSold": 1638,
        "depreciationAmortization": 84,
        "dilutedAverageSharesOutstanding": 586,
        "dilutedEPS": 0.43,
        "ebit": 628,
        "grossIncome": 1252,
        "interestExpense": 99,
        "interestIncomeExpense": -224,
        "minorityInterest": -19,
        "netIncome": 253,
        "netIncomeAfterTaxes": 272,
        "nonRecurringItems": -31,
        "period": "2021-06-30",
        "pretaxIncome": 357,
        "provisionforIncomeTaxes": 85,
        "revenue": 2890,
        "sgaExpense": 540,
        "totalOperatingExpense": 624,
        "totalOtherIncomeExpenseNet": -16
      },
      {
        "costOfGoodsSold": 1885,
        "depreciationAmortization": 78,
        "dilutedAverageSharesOutstanding": 593,
        "dilutedEPS": 0.96,
        "ebit": 815,
        "grossIncome": 1330,
        "interestExpense": 98,
        "interestIncomeExpense": -55,
        "minorityInterest": -15,
        "netIncome": 567,
        "netIncomeAfterTaxes": 582,
        "nonRecurringItems": -17,
        "period": "2021-03-31",
        "pretaxIncome": 778,
        "provisionforIncomeTaxes": 196,
        "revenue": 3215,
        "sgaExpense": 437,
        "totalOperatingExpense": 515,
        "totalOtherIncomeExpenseNet": 35
      },
      {
        "costOfGoodsSold": 3346,
        "depreciationAmortization": 70,
        "dilutedAverageSharesOutstanding": 598,
        "dilutedEPS": 0.37,
        "ebit": 229,
        "grossIncome": 741,
        "interestExpense": 99,
        "interestIncomeExpense": 123,
        "minorityInterest": -6,
        "netIncome": 224,
        "netIncomeAfterTaxes": 230,
        "nonRecurringItems": -33,
        "period": "2020-12-31",
        "pretaxIncome": 304,
        "provisionforIncomeTaxes": 74,
        "revenue": 4087,
        "sgaExpense": 442,
        "totalOperatingExpense": 512,
        "totalOtherIncomeExpenseNet": -15
      },
      {
        "costOfGoodsSold": 1168,
        "depreciationAmortization": 68,
        "dilutedAverageSharesOutstanding": 605,
        "dilutedEPS": 1.83,
        "ebit": 1093,
        "grossIncome": 1549,
        "interestExpense": 99,
        "interestIncomeExpense": 23,
        "minorityInterest": -11,
        "netIncome": 1106,
        "netIncomeAfterTaxes": 1117,
        "nonRecurringItems": 416,
        "period": "2020-09-30",
        "pretaxIncome": 1479,
        "provisionforIncomeTaxes": 362,
        "revenue": 2717,
        "sgaExpense": 388,
        "totalOperatingExpense": 456,
        "totalOtherIncomeExpenseNet": -53
      },
      {
        "costOfGoodsSold": 1187,
        "depreciationAmortization": 94,
        "dilutedAverageSharesOutstanding": 607,
        "dilutedEPS": 0.2,
        "ebit": 643,
        "grossIncome": 1231,
        "interestExpense": 100,
        "interestIncomeExpense": 101,
        "minorityInterest": -23,
        "netIncome": 122,
        "netIncomeAfterTaxes": 145,
        "nonRecurringItems": -523,
        "period": "2020-06-30",
        "pretaxIncome": 200,
        "provisionforIncomeTaxes": 55,
        "revenue": 2418,
        "sgaExpense": 494,
        "totalOperatingExpense": 588,
        "totalOtherIncomeExpenseNet": -21
      },
      {
        "costOfGoodsSold": 2061,
        "depreciationAmortization": 57,
        "dilutedAverageSharesOutstanding": 612,
        "dilutedEPS": 0.13,
        "ebit": 858,
        "grossIncome": 1379,
        "interestExpense": 89,
        "interestIncomeExpense": -648,
        "minorityInterest": -12,
        "netIncome": 78,
        "netIncomeAfterTaxes": 90,
        "nonRecurringItems": -47,
        "period": "2020-03-31",
        "pretaxIncome": 145,
        "provisionforIncomeTaxes": 55,
        "revenue": 3440,
        "sgaExpense": 464,
        "totalOperatingExpense": 521,
        "totalOtherIncomeExpenseNet": -18
      },
      {
        "costOfGoodsSold": 3091,
        "depreciationAmortization": 57,
        "dilutedAverageSharesOutstanding": 620,
        "dilutedEPS": 0.48,
        "ebit": 199,
        "grossIncome": 687,
        "interestExpense": 90,
        "interestIncomeExpense": 246,
        "minorityInterest": -14,
        "netIncome": 300,
        "netIncomeAfterTaxes": 314,
        "nonRecurringItems": -29,
        "period": "2019-12-31",
        "pretaxIncome": 419,
        "provisionforIncomeTaxes": 105,
        "revenue": 3778,
        "sgaExpense": 431,
        "totalOperatingExpense": 488,
        "totalOtherIncomeExpenseNet": 3
      },
      {
        "costOfGoodsSold": 1468,
        "depreciationAmortization": 50,
        "dilutedAverageSharesOutstanding": 624,
        "dilutedEPS": 0.8,
        "ebit": 797,
        "grossIncome": 1199,
        "interestExpense": 90,
        "interestIncomeExpense": -30,
        "minorityInterest": -14,
        "netIncome": 499,
        "netIncomeAfterTaxes": 513,
        "nonRecurringItems": -54,
        "period": "2019-09-30",
        "pretaxIncome": 700,
        "provisionforIncomeTaxes": 187,
        "revenue": 2667,
        "sgaExpense": 352,
        "totalOperatingExpense": 402,
        "totalOtherIncomeExpenseNet": -13
      },
      {
        "costOfGoodsSold": 1358,
        "depreciationAmortization": 60,
        "dilutedAverageSharesOutstanding": 621,
        "dilutedEPS": 0.73,
        "ebit": 640,
        "grossIncome": 1155,
        "interestExpense": 91,
        "interestIncomeExpense": 67,
        "minorityInterest": -11,
        "netIncome": 454,
        "netIncomeAfterTaxes": 465,
        "nonRecurringItems": -28,
        "period": "2019-06-30",
        "pretaxIncome": 656,
        "provisionforIncomeTaxes": 191,
        "revenue": 2513,
        "sgaExpense": 455,
        "totalOperatingExpense": 515,
        "totalOtherIncomeExpenseNet": -23
      },
      {
        "costOfGoodsSold": 1660,
        "depreciationAmortization": 58,
        "dilutedAverageSharesOutstanding": 621,
        "dilutedEPS": 0.85,
        "ebit": 698,
        "grossIncome": 1092,
        "interestExpense": 81,
        "interestIncomeExpense": 142,
        "minorityInterest": -10,
        "netIncome": 529,
        "netIncomeAfterTaxes": 539,
        "nonRecurringItems": -135,
        "period": "2019-03-31",
        "pretaxIncome": 706,
        "provisionforIncomeTaxes": 167,
        "revenue": 2752,
        "sgaExpense": 336,
        "totalOperatingExpense": 394,
        "totalOtherIncomeExpenseNet": 1
      },
      {
        "costOfGoodsSold": 2818,
        "depreciationAmortization": 51,
        "dilutedAverageSharesOutstanding": 620.6,
        "dilutedEPS": 0.01,
        "ebit": 385,
        "grossIncome": 765,
        "interestIncomeExpense": -255,
        "minorityInterest": -16,
        "netIncome": 8,
        "netIncomeAfterTaxes": 24,
        "nonRecurringItems": -59,
        "period": "2018-12-31",
        "pretaxIncome": 31,
        "provisionforIncomeTaxes": 7,
        "revenue": 3583,
        "sgaExpense": 329,
        "totalOperatingExpense": 380,
        "totalOtherIncomeExpenseNet": -40
      },
      {
        "costOfGoodsSold": 1491,
        "depreciationAmortization": 43,
        "dilutedAverageSharesOutstanding": 620.6,
        "dilutedEPS": 0.97,
        "ebit": 708,
        "grossIncome": 1050,
        "interestIncomeExpense": 183,
        "minorityInterest": -11,
        "netIncome": 604,
        "netIncomeAfterTaxes": 615,
        "nonRecurringItems": -49,
        "period": "2018-09-30",
        "pretaxIncome": 831,
        "provisionforIncomeTaxes": 216,
        "revenue": 2541,
        "sgaExpense": 299,
        "totalOperatingExpense": 342,
        "totalOtherIncomeExpenseNet": -11
      },
      {
        "costOfGoodsSold": 1451,
        "depreciationAmortization": 45,
        "dilutedAverageSharesOutstanding": 619.4,
        "dilutedEPS": 0.76,
        "ebit": 585,
        "grossIncome": 943,
        "minorityInterest": -9,
        "netIncome": 471,
        "netIncomeAfterTaxes": -127,
        "nonRecurringItems": -5,
        "period": "2018-06-30",
        "pretaxIncome": 593,
        "provisionforIncomeTaxes": 720,
        "revenue": 2394,
        "sgaExpense": 313,
        "totalOperatingExpense": 358,
        "totalOtherIncomeExpenseNet": 13
      },
      {
        "costOfGoodsSold": 1444,
        "depreciationAmortization": 43,
        "dilutedAverageSharesOutstanding": 621,
        "dilutedEPS": 0.74,
        "ebit": 652,
        "grossIncome": 1019,
        "interestIncomeExpense": 0,
        "minorityInterest": -9,
        "netIncome": 457,
        "netIncomeAfterTaxes": 466,
        "nonRecurringItems": 18,
        "period": "2018-03-31",
        "pretaxIncome": 654,
        "provisionforIncomeTaxes": 188,
        "revenue": 2463,
        "sgaExpense": 324,
        "totalOperatingExpense": 367,
        "totalOtherIncomeExpenseNet": -16
      },
      {
        "costOfGoodsSold": 2346,
        "depreciationAmortization": 42,
        "dilutedAverageSharesOutstanding": 620.6,
        "dilutedEPS": 1.4,
        "ebit": 411,
        "grossIncome": 762,
        "minorityInterest": -13,
        "netIncome": 869,
        "netIncomeAfterTaxes": 275,
        "period": "2017-12-31",
        "pretaxIncome": 312,
        "provisionforIncomeTaxes": 37,
        "revenue": 3108,
        "sgaExpense": 309,
        "totalOperatingExpense": 351,
        "totalOtherIncomeExpenseNet": -99
      },
      {
        "costOfGoodsSold": 1264,
        "depreciationAmortization": 41,
        "dilutedAverageSharesOutstanding": 620.6,
        "dilutedEPS": 0.63,
        "ebit": 620,
        "grossIncome": 924,
        "minorityInterest": -10,
        "netIncome": 390,
        "netIncomeAfterTaxes": 400,
        "nonRecurringItems": -1,
        "period": "2017-09-30",
        "pretaxIncome": 611,
        "provisionforIncomeTaxes": 211,
        "revenue": 2188,
        "sgaExpense": 263,
        "totalOperatingExpense": 304,
        "totalOtherIncomeExpenseNet": -8
      }
    ],
    "symbol": "FOXA"
  }
}