{
  "symbol": "MA",
  "statement": "ic",
  "frequency": "annual",
  "timestamp": "2025-09-19T14:03:40.439057",
  "data": {
    "financials": [
      {
        "depreciationAmortization": 897,
        "dilutedAverageSharesOutstanding": 927,
        "dilutedEPS": 13.89,
        "ebit": 16517,
        "interestExpense": 646,
        "interestIncomeExpense": -413,
        "netIncome": 12874,
        "netIncomeAfterTaxes": 12874,
        "nonRecurringItems": -870,
        "period": "2024-12-31",
        "pretaxIncome": 15254,
        "provisionforIncomeTaxes": 2380,
        "revenue": 28167,
        "sgaExpense": 10753,
        "totalOperatingExpense": 11650,
        "totalOtherIncomeExpenseNet": 20,
        "year": 2024
      },
      {
        "depreciationAmortization": 799,
        "dilutedAverageSharesOutstanding": 946,
        "dilutedEPS": 11.83,
        "ebit": 14630,
        "interestExpense": 575,
        "interestIncomeExpense": -445,
        "netIncome": 11195,
        "netIncomeAfterTaxes": 11195,
        "nonRecurringItems": -539,
        "period": "2023-12-31",
        "pretaxIncome": 13639,
        "provisionforIncomeTaxes": 2444,
        "revenue": 25098,
        "sgaExpense": 9669,
        "totalOperatingExpense": 10468,
        "totalOtherIncomeExpenseNet": -7,
        "year": 2023
      },
      {
        "depreciationAmortization": 750,
        "dilutedAverageSharesOutstanding": 971,
        "dilutedEPS": 10.23,
        "ebit": 12789,
        "interestExpense": 471,
        "interestIncomeExpense": -657,
        "netIncome": 9930,
        "netIncomeAfterTaxes": 9930,
        "nonRecurringItems": -423,
        "period": "2022-12-31",
        "pretaxIncome": 11732,
        "provisionforIncomeTaxes": 1802,
        "revenue": 22237,
        "sgaExpense": 8698,
        "totalOperatingExpense": 9448,
        "totalOtherIncomeExpenseNet": 23,
        "year": 2022
      },
      {
        "depreciationAmortization": 726,
        "dilutedAverageSharesOutstanding": 992,
        "dilutedEPS": 8.76,
        "ebit": 10227,
        "interestExpense": 431,
        "interestIncomeExpense": 174,
        "netIncome": 8687,
        "netIncomeAfterTaxes": 8687,
        "nonRecurringItems": -94,
        "period": "2021-12-31",
        "pretaxIncome": 10307,
        "provisionforIncomeTaxes": 1620,
        "revenue": 18884,
        "sgaExpense": 7931,
        "totalOperatingExpense": 8657,
        "totalOtherIncomeExpenseNet": 0,
        "year": 2021
      },
      {
        "depreciationAmortization": 580,
        "dilutedAverageSharesOutstanding": 1006,
        "dilutedEPS": 6.37,
        "ebit": 8163,
        "interestExpense": 380,
        "interestIncomeExpense": -335,
        "netIncome": 6411,
        "netIncomeAfterTaxes": 6411,
        "nonRecurringItems": -73,
        "period": "2020-12-31",
        "pretaxIncome": 7760,
        "provisionforIncomeTaxes": 1349,
        "revenue": 15301,
        "sgaExpense": 6558,
        "totalOperatingExpense": 7138,
        "totalOtherIncomeExpenseNet": 5,
        "year": 2020
      },
      {
        "depreciationAmortization": 522,
        "dilutedAverageSharesOutstanding": 1022,
        "dilutedEPS": 7.94,
        "ebit": 9735,
        "interestExpense": 224,
        "interestIncomeExpense": -31,
        "netIncome": 8118,
        "netIncomeAfterTaxes": 8091,
        "nonRecurringItems": 0,
        "period": "2019-12-31",
        "pretaxIncome": 9731,
        "provisionforIncomeTaxes": 1640,
        "revenue": 16883,
        "sgaExpense": 6626,
        "totalOperatingExpense": 7148,
        "totalOtherIncomeExpenseNet": 27,
        "year": 2019
      },
      {
        "depreciationAmortization": 459,
        "dilutedAverageSharesOutstanding": 1047.065,
        "dilutedEPS": 5.59,
        "ebit": 8321,
        "interestExpense": 186,
        "interestIncomeExpense": 25,
        "netIncome": 5859,
        "netIncomeAfterTaxes": 5784,
        "nonRecurringItems": -1128,
        "period": "2018-12-31",
        "pretaxIncome": 7204,
        "provisionforIncomeTaxes": 1420,
        "revenue": 14950,
        "sgaExpense": 6170,
        "totalOperatingExpense": 6629,
        "totalOtherIncomeExpenseNet": -14,
        "year": 2018
      },
      {
        "depreciationAmortization": 436,
        "dilutedAverageSharesOutstanding": 1072.066,
        "dilutedEPS": 3.65,
        "ebit": 6818,
        "interestExpense": 154,
        "interestIncomeExpense": -279,
        "netIncome": 3915,
        "netIncomeAfterTaxes": 4788,
        "nonRecurringItems": -15,
        "period": "2017-12-31",
        "pretaxIncome": 6522,
        "provisionforIncomeTaxes": 1734,
        "revenue": 12497,
        "sgaExpense": 5243,
        "totalOperatingExpense": 5679,
        "totalOtherIncomeExpenseNet": -2,
        "year": 2017
      },
      {
        "depreciationAmortization": 373,
        "dilutedAverageSharesOutstanding": 1101.068,
        "dilutedEPS": 3.69,
        "ebit": 5918,
        "interestExpense": 95,
        "interestIncomeExpense": -92,
        "netIncome": 4059,
        "netIncomeAfterTaxes": 4059,
        "nonRecurringItems": -117,
        "period": "2016-12-31",
        "pretaxIncome": 5646,
        "provisionforIncomeTaxes": 1587,
        "revenue": 10776,
        "sgaExpense": 4485,
        "totalOperatingExpense": 4858,
        "totalOtherIncomeExpenseNet": -63,
        "year": 2016
      },
      {
        "depreciationAmortization": 366,
        "dilutedAverageSharesOutstanding": 1137.07,
        "dilutedEPS": 3.35,
        "ebit": 5006,
        "interestExpense": 61,
        "interestIncomeExpense": 97,
        "netIncome": 3808,
        "netIncomeAfterTaxes": 3808,
        "nonRecurringItems": -61,
        "period": "2015-12-31",
        "pretaxIncome": 4958,
        "provisionforIncomeTaxes": 1150,
        "revenue": 9667,
        "sgaExpense": 4295,
        "totalOperatingExpense": 4661,
        "totalOtherIncomeExpenseNet": -84,
        "year": 2015
      }
    ],
    "symbol": "MA"
  }
}