{
  "symbol": "ICE",
  "statement": "ic",
  "frequency": "quarterly",
  "timestamp": "2025-09-19T14:02:08.230005",
  "data": {
    "financials": [
      {
        "costOfGoodsSold": 719,
        "depreciationAmortization": 395,
        "dilutedAverageSharesOutstanding": 575,
        "dilutedEPS": 1.48,
        "ebit": 1307,
        "grossIncome": 2543,
        "interestExpense": 201,
        "interestIncomeExpense": -176,
        "minorityInterest": -14,
        "netIncome": 851,
        "netIncomeAfterTaxes": 865,
        "nonRecurringItems": -10,
        "period": "2025-06-30",
        "pretaxIncome": 1132,
        "provisionforIncomeTaxes": 267,
        "revenue": 3262,
        "sgaExpense": 841,
        "totalOperatingExpense": 1236,
        "totalOtherIncomeExpenseNet": 11
      },
      {
        "costOfGoodsSold": 756,
        "depreciationAmortization": 389,
        "dilutedAverageSharesOutstanding": 577,
        "dilutedEPS": 1.38,
        "ebit": 1253,
        "grossIncome": 2473,
        "interestExpense": 206,
        "interestIncomeExpense": -212,
        "minorityInterest": -15,
        "netIncome": 797,
        "netIncomeAfterTaxes": 812,
        "nonRecurringItems": -32,
        "period": "2025-03-31",
        "pretaxIncome": 1067,
        "provisionforIncomeTaxes": 255,
        "revenue": 3229,
        "sgaExpense": 831,
        "totalOperatingExpense": 1220,
        "totalOtherIncomeExpenseNet": 58
      },
      {
        "costOfGoodsSold": 707,
        "depreciationAmortization": 389,
        "dilutedAverageSharesOutstanding": 576,
        "dilutedEPS": 1.21,
        "ebit": 1093,
        "grossIncome": 2323,
        "interestExpense": 213,
        "interestIncomeExpense": -179,
        "minorityInterest": -11,
        "netIncome": 698,
        "netIncomeAfterTaxes": 709,
        "nonRecurringItems": -16,
        "period": "2024-12-31",
        "pretaxIncome": 905,
        "provisionforIncomeTaxes": 196,
        "revenue": 3030,
        "sgaExpense": 841,
        "totalOperatingExpense": 1230,
        "totalOtherIncomeExpenseNet": 7
      },
      {
        "costOfGoodsSold": 684,
        "depreciationAmortization": 386,
        "dilutedAverageSharesOutstanding": 577,
        "dilutedEPS": 1.14,
        "ebit": 1140,
        "grossIncome": 2349,
        "interestExpense": 223,
        "interestIncomeExpense": -205,
        "minorityInterest": -14,
        "netIncome": 657,
        "netIncomeAfterTaxes": 671,
        "nonRecurringItems": -37,
        "period": "2024-09-30",
        "pretaxIncome": 898,
        "provisionforIncomeTaxes": 227,
        "revenue": 3033,
        "sgaExpense": 823,
        "totalOperatingExpense": 1209
      },
      {
        "costOfGoodsSold": 580,
        "depreciationAmortization": 381,
        "dilutedAverageSharesOutstanding": 575,
        "dilutedEPS": 1.1,
        "ebit": 1081,
        "grossIncome": 2317,
        "interestExpense": 233,
        "interestIncomeExpense": -200,
        "minorityInterest": -7,
        "netIncome": 632,
        "netIncomeAfterTaxes": 639,
        "nonRecurringItems": -15,
        "period": "2024-06-30",
        "pretaxIncome": 861,
        "provisionforIncomeTaxes": 222,
        "revenue": 2897,
        "sgaExpense": 855,
        "totalOperatingExpense": 1236,
        "totalOtherIncomeExpenseNet": -5
      },
      {
        "costOfGoodsSold": 511,
        "depreciationAmortization": 381,
        "dilutedAverageSharesOutstanding": 575,
        "dilutedEPS": 1.33,
        "ebit": 1099,
        "grossIncome": 2290,
        "interestExpense": 241,
        "interestIncomeExpense": -218,
        "minorityInterest": -16,
        "netIncome": 767,
        "netIncomeAfterTaxes": 783,
        "nonRecurringItems": -36,
        "period": "2024-03-31",
        "pretaxIncome": 964,
        "provisionforIncomeTaxes": 181,
        "revenue": 2801,
        "sgaExpense": 810,
        "totalOperatingExpense": 1191,
        "totalOtherIncomeExpenseNet": 119
      },
      {
        "costOfGoodsSold": 465,
        "depreciationAmortization": 379,
        "dilutedAverageSharesOutstanding": 574,
        "dilutedEPS": 0.65,
        "ebit": 993,
        "grossIncome": 2201,
        "interestExpense": 251,
        "interestIncomeExpense": -254,
        "minorityInterest": -17,
        "netIncome": 373,
        "netIncomeAfterTaxes": 390,
        "nonRecurringItems": -68,
        "period": "2023-12-31",
        "pretaxIncome": 516,
        "provisionforIncomeTaxes": 126,
        "revenue": 2666,
        "sgaExpense": 829,
        "totalOperatingExpense": 1208,
        "totalOtherIncomeExpenseNet": -155
      },
      {
        "costOfGoodsSold": 426,
        "depreciationAmortization": 309,
        "dilutedAverageSharesOutstanding": 565,
        "dilutedEPS": 0.96,
        "ebit": 1000,
        "grossIncome": 2003,
        "interestExpense": 206,
        "interestIncomeExpense": -141,
        "minorityInterest": -18,
        "netIncome": 541,
        "netIncomeAfterTaxes": 559,
        "nonRecurringItems": -155,
        "period": "2023-09-30",
        "pretaxIncome": 682,
        "provisionforIncomeTaxes": 123,
        "revenue": 2429,
        "sgaExpense": 694,
        "totalOperatingExpense": 1003,
        "totalOtherIncomeExpenseNet": -22
      },
      {
        "costOfGoodsSold": 448,
        "depreciationAmortization": 267,
        "dilutedAverageSharesOutstanding": 561,
        "dilutedEPS": 1.42,
        "ebit": 980,
        "grossIncome": 1888,
        "interestExpense": 175,
        "interestIncomeExpense": -107,
        "minorityInterest": -16,
        "netIncome": 799,
        "netIncomeAfterTaxes": 815,
        "nonRecurringItems": -25,
        "period": "2023-06-30",
        "pretaxIncome": 847,
        "provisionforIncomeTaxes": 32,
        "revenue": 2336,
        "sgaExpense": 641,
        "totalOperatingExpense": 908,
        "totalOtherIncomeExpenseNet": -1
      },
      {
        "costOfGoodsSold": 576,
        "depreciationAmortization": 260,
        "dilutedAverageSharesOutstanding": 561,
        "dilutedEPS": 1.17,
        "ebit": 990,
        "grossIncome": 1896,
        "interestExpense": 176,
        "interestIncomeExpense": -121,
        "minorityInterest": -19,
        "netIncome": 655,
        "netIncomeAfterTaxes": 674,
        "nonRecurringItems": -21,
        "period": "2023-03-31",
        "pretaxIncome": 849,
        "provisionforIncomeTaxes": 175,
        "revenue": 2472,
        "sgaExpense": 646,
        "totalOperatingExpense": 906,
        "totalOtherIncomeExpenseNet": 1
      },
      {
        "costOfGoodsSold": 609,
        "depreciationAmortization": 263,
        "dilutedAverageSharesOutstanding": 561,
        "dilutedEPS": 0.76,
        "ebit": 876,
        "grossIncome": 1768,
        "interestExpense": 176,
        "interestIncomeExpense": -310,
        "minorityInterest": -15,
        "netIncome": 425,
        "netIncomeAfterTaxes": 440,
        "nonRecurringItems": -12,
        "period": "2022-12-31",
        "pretaxIncome": 564,
        "provisionforIncomeTaxes": 124,
        "revenue": 2377,
        "sgaExpense": 629,
        "totalOperatingExpense": 892,
        "totalOtherIncomeExpenseNet": 10
      },
      {
        "costOfGoodsSold": 576,
        "depreciationAmortization": 258,
        "dilutedAverageSharesOutstanding": 558,
        "dilutedEPS": -0.34,
        "ebit": 932,
        "grossIncome": 1811,
        "interestExpense": 176,
        "interestIncomeExpense": -1243,
        "minorityInterest": -16,
        "netIncome": -191,
        "netIncomeAfterTaxes": -175,
        "nonRecurringItems": -19,
        "period": "2022-09-30",
        "pretaxIncome": -327,
        "provisionforIncomeTaxes": -152,
        "revenue": 2387,
        "sgaExpense": 621,
        "totalOperatingExpense": 879,
        "totalOtherIncomeExpenseNet": 3
      },
      {
        "costOfGoodsSold": 599,
        "depreciationAmortization": 256,
        "dilutedAverageSharesOutstanding": 560,
        "dilutedEPS": 0.99,
        "ebit": 922,
        "grossIncome": 1814,
        "interestExpense": 161,
        "interestIncomeExpense": -172,
        "minorityInterest": -11,
        "netIncome": 555,
        "netIncomeAfterTaxes": 566,
        "nonRecurringItems": -53,
        "period": "2022-06-30",
        "pretaxIncome": 739,
        "provisionforIncomeTaxes": 173,
        "revenue": 2413,
        "sgaExpense": 636,
        "totalOperatingExpense": 892,
        "totalOtherIncomeExpenseNet": 42
      },
      {
        "costOfGoodsSold": 560,
        "depreciationAmortization": 254,
        "dilutedAverageSharesOutstanding": 564,
        "dilutedEPS": 1.16,
        "ebit": 1001,
        "grossIncome": 1899,
        "interestExpense": 103,
        "interestIncomeExpense": -149,
        "minorityInterest": -10,
        "netIncome": 657,
        "netIncomeAfterTaxes": 667,
        "nonRecurringItems": -18,
        "period": "2022-03-31",
        "pretaxIncome": 832,
        "provisionforIncomeTaxes": 165,
        "revenue": 2459,
        "sgaExpense": 644,
        "totalOperatingExpense": 898,
        "totalOtherIncomeExpenseNet": -2
      },
      {
        "costOfGoodsSold": 488,
        "depreciationAmortization": 250,
        "dilutedAverageSharesOutstanding": 565,
        "dilutedEPS": 2.7,
        "ebit": 940,
        "grossIncome": 1840,
        "interestExpense": 102,
        "interestIncomeExpense": -187,
        "minorityInterest": -2,
        "netIncome": 1527,
        "netIncomeAfterTaxes": 1529,
        "nonRecurringItems": 1359,
        "period": "2021-12-31",
        "pretaxIncome": 2109,
        "provisionforIncomeTaxes": 580,
        "revenue": 2328,
        "sgaExpense": 650,
        "totalOperatingExpense": 900,
        "totalOtherIncomeExpenseNet": -3
      },
      {
        "costOfGoodsSold": 475,
        "depreciationAmortization": 253,
        "dilutedAverageSharesOutstanding": 566,
        "dilutedEPS": 1.12,
        "ebit": 892,
        "grossIncome": 1802,
        "interestExpense": 108,
        "interestIncomeExpense": -38,
        "minorityInterest": -4,
        "netIncome": 633,
        "netIncomeAfterTaxes": 637,
        "nonRecurringItems": -30,
        "period": "2021-09-30",
        "pretaxIncome": 824,
        "provisionforIncomeTaxes": 187,
        "revenue": 2277,
        "sgaExpense": 657,
        "totalOperatingExpense": 910
      },
      {
        "costOfGoodsSold": 427,
        "depreciationAmortization": 251,
        "dilutedAverageSharesOutstanding": 565,
        "dilutedEPS": 2.22,
        "ebit": 809,
        "grossIncome": 1707,
        "interestExpense": 106,
        "interestIncomeExpense": 1127,
        "minorityInterest": -1,
        "netIncome": 1252,
        "netIncomeAfterTaxes": 1253,
        "nonRecurringItems": -3,
        "period": "2021-06-30",
        "pretaxIncome": 1932,
        "provisionforIncomeTaxes": 679,
        "revenue": 2134,
        "sgaExpense": 647,
        "totalOperatingExpense": 898,
        "totalOtherIncomeExpenseNet": -1
      },
      {
        "costOfGoodsSold": 632,
        "depreciationAmortization": 255,
        "dilutedAverageSharesOutstanding": 565,
        "dilutedEPS": 1.14,
        "ebit": 910,
        "grossIncome": 1797,
        "interestExpense": 107,
        "interestIncomeExpense": -58,
        "minorityInterest": -4,
        "netIncome": 646,
        "netIncomeAfterTaxes": 650,
        "nonRecurringItems": -18,
        "period": "2021-03-31",
        "pretaxIncome": 833,
        "provisionforIncomeTaxes": 183,
        "revenue": 2429,
        "sgaExpense": 632,
        "totalOperatingExpense": 887,
        "totalOtherIncomeExpenseNet": -1
      },
      {
        "costOfGoodsSold": 562,
        "depreciationAmortization": 257,
        "dilutedAverageSharesOutstanding": 564,
        "dilutedEPS": 0.93,
        "ebit": 795,
        "grossIncome": 1671,
        "interestExpense": 112,
        "interestIncomeExpense": -121,
        "minorityInterest": -2,
        "netIncome": 526,
        "netIncomeAfterTaxes": 528,
        "nonRecurringItems": -15,
        "period": "2020-12-31",
        "pretaxIncome": 674,
        "provisionforIncomeTaxes": 146,
        "revenue": 2233,
        "sgaExpense": 619,
        "totalOperatingExpense": 876,
        "totalOtherIncomeExpenseNet": 15
      },
      {
        "costOfGoodsSold": 519,
        "depreciationAmortization": 180,
        "dilutedAverageSharesOutstanding": 551,
        "dilutedEPS": 0.71,
        "ebit": 703,
        "grossIncome": 1411,
        "interestExpense": 89,
        "interestIncomeExpense": -36,
        "minorityInterest": -4,
        "netIncome": 390,
        "netIncomeAfterTaxes": 394,
        "nonRecurringItems": -76,
        "period": "2020-09-30",
        "pretaxIncome": 583,
        "provisionforIncomeTaxes": 189,
        "revenue": 1930,
        "sgaExpense": 528,
        "totalOperatingExpense": 708,
        "totalOtherIncomeExpenseNet": -8
      },
      {
        "costOfGoodsSold": 571,
        "depreciationAmortization": 157,
        "dilutedAverageSharesOutstanding": 549,
        "dilutedEPS": 0.95,
        "ebit": 746,
        "grossIncome": 1395,
        "interestExpense": 84,
        "interestIncomeExpense": -61,
        "minorityInterest": -5,
        "netIncome": 523,
        "netIncomeAfterTaxes": 528,
        "nonRecurringItems": -2,
        "period": "2020-06-30",
        "pretaxIncome": 673,
        "provisionforIncomeTaxes": 145,
        "revenue": 1966,
        "sgaExpense": 492,
        "totalOperatingExpense": 649,
        "totalOtherIncomeExpenseNet": -10
      },
      {
        "costOfGoodsSold": 556,
        "depreciationAmortization": 157,
        "dilutedAverageSharesOutstanding": 555,
        "dilutedEPS": 1.17,
        "ebit": 894,
        "grossIncome": 1559,
        "interestExpense": 72,
        "interestIncomeExpense": -45,
        "minorityInterest": -8,
        "netIncome": 650,
        "netIncomeAfterTaxes": 658,
        "nonRecurringItems": -12,
        "period": "2020-03-31",
        "pretaxIncome": 836,
        "provisionforIncomeTaxes": 178,
        "revenue": 2115,
        "sgaExpense": 508,
        "totalOperatingExpense": 665,
        "totalOtherIncomeExpenseNet": -1
      },
      {
        "costOfGoodsSold": 369,
        "depreciationAmortization": 189,
        "dilutedAverageSharesOutstanding": 562,
        "dilutedEPS": 0.8,
        "ebit": 623,
        "grossIncome": 1298,
        "interestExpense": 71,
        "interestIncomeExpense": -63,
        "minorityInterest": -5,
        "netIncome": 448,
        "netIncomeAfterTaxes": 453,
        "nonRecurringItems": -1,
        "period": "2019-12-31",
        "pretaxIncome": 587,
        "provisionforIncomeTaxes": 134,
        "revenue": 1667,
        "sgaExpense": 486,
        "totalOperatingExpense": 675,
        "totalOtherIncomeExpenseNet": 28
      },
      {
        "costOfGoodsSold": 327,
        "depreciationAmortization": 158,
        "dilutedAverageSharesOutstanding": 563,
        "dilutedEPS": 0.94,
        "ebit": 706,
        "grossIncome": 1336,
        "interestExpense": 72,
        "interestIncomeExpense": -64,
        "minorityInterest": -8,
        "netIncome": 529,
        "netIncomeAfterTaxes": 537,
        "nonRecurringItems": 0,
        "period": "2019-09-30",
        "pretaxIncome": 640,
        "provisionforIncomeTaxes": 103,
        "revenue": 1663,
        "sgaExpense": 472,
        "totalOperatingExpense": 630,
        "totalOtherIncomeExpenseNet": -2
      },
      {
        "costOfGoodsSold": 336,
        "depreciationAmortization": 157,
        "dilutedAverageSharesOutstanding": 566,
        "dilutedEPS": 0.83,
        "ebit": 681,
        "grossIncome": 1298,
        "interestExpense": 71,
        "interestIncomeExpense": -61,
        "minorityInterest": -6,
        "netIncome": 472,
        "netIncomeAfterTaxes": 478,
        "nonRecurringItems": -1,
        "period": "2019-06-30",
        "pretaxIncome": 628,
        "provisionforIncomeTaxes": 150,
        "revenue": 1634,
        "sgaExpense": 460,
        "totalOperatingExpense": 617,
        "totalOtherIncomeExpenseNet": 9
      },
      {
        "costOfGoodsSold": 313,
        "depreciationAmortization": 158,
        "dilutedAverageSharesOutstanding": 570,
        "dilutedEPS": 0.85,
        "ebit": 665,
        "grossIncome": 1270,
        "interestExpense": 71,
        "interestIncomeExpense": -62,
        "minorityInterest": -8,
        "netIncome": 484,
        "netIncomeAfterTaxes": 492,
        "nonRecurringItems": 0,
        "period": "2019-03-31",
        "pretaxIncome": 626,
        "provisionforIncomeTaxes": 134,
        "revenue": 1583,
        "sgaExpense": 447,
        "totalOperatingExpense": 605,
        "totalOtherIncomeExpenseNet": 23
      },
      {
        "costOfGoodsSold": 369,
        "depreciationAmortization": 157,
        "dilutedAverageSharesOutstanding": 573,
        "dilutedEPS": 1.05,
        "ebit": 677,
        "grossIncome": 1308,
        "interestExpense": 71,
        "interestIncomeExpense": -49,
        "minorityInterest": -8,
        "netIncome": 611,
        "netIncomeAfterTaxes": 608,
        "nonRecurringItems": -1,
        "period": "2018-12-31",
        "pretaxIncome": 738,
        "provisionforIncomeTaxes": 130,
        "revenue": 1677,
        "sgaExpense": 474,
        "totalOperatingExpense": 631,
        "totalOtherIncomeExpenseNet": 111
      },
      {
        "costOfGoodsSold": 263,
        "depreciationAmortization": 148,
        "dilutedAverageSharesOutstanding": 576,
        "dilutedEPS": 0.8,
        "ebit": 608,
        "grossIncome": 1200,
        "interestExpense": 66,
        "interestIncomeExpense": -66,
        "minorityInterest": -7,
        "netIncome": 458,
        "netIncomeAfterTaxes": 465,
        "nonRecurringItems": -6,
        "period": "2018-09-30",
        "pretaxIncome": 554,
        "provisionforIncomeTaxes": 89,
        "revenue": 1463,
        "sgaExpense": 444,
        "totalOperatingExpense": 592,
        "totalOtherIncomeExpenseNet": 18
      },
      {
        "costOfGoodsSold": 310,
        "depreciationAmortization": 143,
        "dilutedAverageSharesOutstanding": 581,
        "dilutedEPS": 0.78,
        "ebit": 670,
        "grossIncome": 1246,
        "interestExpense": 55,
        "interestIncomeExpense": -55,
        "minorityInterest": -7,
        "netIncome": 455,
        "netIncomeAfterTaxes": 462,
        "nonRecurringItems": -15,
        "period": "2018-06-30",
        "pretaxIncome": 611,
        "provisionforIncomeTaxes": 149,
        "revenue": 1556,
        "sgaExpense": 433,
        "totalOperatingExpense": 576,
        "totalOtherIncomeExpenseNet": 11
      },
      {
        "costOfGoodsSold": 355,
        "depreciationAmortization": 138,
        "dilutedAverageSharesOutstanding": 586,
        "dilutedEPS": 0.79,
        "ebit": 662,
        "grossIncome": 1225,
        "interestExpense": 52,
        "interestIncomeExpense": -52,
        "minorityInterest": -10,
        "netIncome": 464,
        "netIncomeAfterTaxes": 474,
        "nonRecurringItems": -12,
        "period": "2018-03-31",
        "pretaxIncome": 617,
        "provisionforIncomeTaxes": 143,
        "revenue": 1580,
        "sgaExpense": 425,
        "totalOperatingExpense": 563,
        "totalOtherIncomeExpenseNet": 19
      },
      {
        "costOfGoodsSold": 295,
        "depreciationAmortization": 131,
        "dilutedAverageSharesOutstanding": 591,
        "dilutedEPS": 2.08,
        "ebit": 601,
        "grossIncome": 1146,
        "interestExpense": 50,
        "interestIncomeExpense": -42,
        "minorityInterest": -6,
        "netIncome": 1233,
        "netIncomeAfterTaxes": 475,
        "nonRecurringItems": -9,
        "period": "2017-12-31",
        "pretaxIncome": 671,
        "provisionforIncomeTaxes": 196,
        "revenue": 1441,
        "sgaExpense": 414,
        "totalOperatingExpense": 545,
        "totalOtherIncomeExpenseNet": 121
      },
      {
        "costOfGoodsSold": 289,
        "depreciationAmortization": 128,
        "dilutedAverageSharesOutstanding": 597.538,
        "dilutedEPS": 0.63,
        "ebit": 600,
        "grossIncome": 1148,
        "interestExpense": 47,
        "interestIncomeExpense": -47,
        "minorityInterest": -6,
        "netIncome": 372,
        "netIncomeAfterTaxes": 378,
        "nonRecurringItems": -4,
        "period": "2017-09-30",
        "pretaxIncome": 565,
        "provisionforIncomeTaxes": 187,
        "revenue": 1437,
        "sgaExpense": 420,
        "totalOperatingExpense": 548,
        "totalOtherIncomeExpenseNet": 16
      },
      {
        "costOfGoodsSold": 316,
        "depreciationAmortization": 142,
        "dilutedAverageSharesOutstanding": 595,
        "dilutedEPS": 0.7,
        "ebit": 618,
        "grossIncome": 1180,
        "interestExpense": 45,
        "interestIncomeExpense": -45,
        "minorityInterest": -8,
        "netIncome": 419,
        "netIncomeAfterTaxes": 427,
        "nonRecurringItems": -9,
        "period": "2017-06-30",
        "pretaxIncome": 567,
        "provisionforIncomeTaxes": 140,
        "revenue": 1496,
        "sgaExpense": 420,
        "totalOperatingExpense": 562,
        "totalOtherIncomeExpenseNet": 3
      },
      {
        "costOfGoodsSold": 305,
        "depreciationAmortization": 134,
        "dilutedAverageSharesOutstanding": 599,
        "dilutedEPS": 0.84,
        "ebit": 596,
        "grossIncome": 1164,
        "interestExpense": 45,
        "interestIncomeExpense": -45,
        "minorityInterest": -8,
        "netIncome": 502,
        "netIncomeAfterTaxes": 510,
        "nonRecurringItems": -14,
        "period": "2017-03-31",
        "pretaxIncome": 723,
        "provisionforIncomeTaxes": 213,
        "revenue": 1469,
        "sgaExpense": 434,
        "totalOperatingExpense": 568,
        "totalOtherIncomeExpenseNet": 186
      },
      {
        "costOfGoodsSold": 346,
        "depreciationAmortization": 140,
        "dilutedAverageSharesOutstanding": 596,
        "dilutedEPS": 0.6,
        "ebit": 582,
        "grossIncome": 1151,
        "interestExpense": 44,
        "interestIncomeExpense": -41,
        "minorityInterest": -7,
        "netIncome": 360,
        "netIncomeAfterTaxes": 367,
        "nonRecurringItems": -19,
        "period": "2016-12-31",
        "pretaxIncome": 544,
        "provisionforIncomeTaxes": 177,
        "revenue": 1497,
        "sgaExpense": 429,
        "totalOperatingExpense": 569,
        "totalOtherIncomeExpenseNet": 22
      },
      {
        "costOfGoodsSold": 338,
        "depreciationAmortization": 181,
        "dilutedAverageSharesOutstanding": 600,
        "dilutedEPS": 0.57,
        "ebit": 488,
        "grossIncome": 1078,
        "interestExpense": 44,
        "interestIncomeExpense": -44,
        "minorityInterest": -6,
        "netIncome": 344,
        "netIncomeAfterTaxes": 350,
        "nonRecurringItems": -14,
        "period": "2016-09-30",
        "pretaxIncome": 443,
        "provisionforIncomeTaxes": 93,
        "revenue": 1416,
        "sgaExpense": 409,
        "totalOperatingExpense": 590,
        "totalOtherIncomeExpenseNet": 13
      },
      {
        "costOfGoodsSold": 375,
        "depreciationAmortization": 146,
        "dilutedAverageSharesOutstanding": 600,
        "dilutedEPS": 0.6,
        "ebit": 571,
        "grossIncome": 1129,
        "interestExpense": 44,
        "interestIncomeExpense": -44,
        "minorityInterest": -6,
        "netIncome": 357,
        "netIncomeAfterTaxes": 363,
        "nonRecurringItems": -20,
        "period": "2016-06-30",
        "pretaxIncome": 516,
        "provisionforIncomeTaxes": 153,
        "revenue": 1504,
        "sgaExpense": 412,
        "totalOperatingExpense": 558,
        "totalOtherIncomeExpenseNet": 9
      },
      {
        "costOfGoodsSold": 400,
        "depreciationAmortization": 143,
        "dilutedAverageSharesOutstanding": 600,
        "dilutedEPS": 0.62,
        "ebit": 611,
        "grossIncome": 1154,
        "interestExpense": 46,
        "interestIncomeExpense": -46,
        "minorityInterest": -8,
        "netIncome": 369,
        "netIncomeAfterTaxes": 377,
        "nonRecurringItems": -27,
        "period": "2016-03-31",
        "pretaxIncome": 540,
        "provisionforIncomeTaxes": 163,
        "revenue": 1554,
        "sgaExpense": 400,
        "totalOperatingExpense": 543,
        "totalOtherIncomeExpenseNet": 2
      },
      {
        "costOfGoodsSold": 427,
        "depreciationAmortization": 98,
        "dilutedAverageSharesOutstanding": 560,
        "dilutedEPS": 0.66,
        "ebit": 472,
        "grossIncome": 875,
        "interestExpense": 30,
        "interestIncomeExpense": -30,
        "minorityInterest": -3,
        "netIncome": 370,
        "netIncomeAfterTaxes": 373,
        "nonRecurringItems": -54,
        "period": "2015-12-31",
        "pretaxIncome": 391,
        "provisionforIncomeTaxes": 18,
        "revenue": 1302,
        "sgaExpense": 305,
        "totalOperatingExpense": 403,
        "totalOtherIncomeExpenseNet": 3
      },
      {
        "costOfGoodsSold": 335,
        "depreciationAmortization": 94,
        "dilutedAverageSharesOutstanding": 555,
        "dilutedEPS": 0.55,
        "ebit": 448,
        "grossIncome": 816,
        "interestExpense": 21,
        "interestIncomeExpense": -21,
        "minorityInterest": -4,
        "netIncome": 306,
        "netIncomeAfterTaxes": 310,
        "nonRecurringItems": -8,
        "period": "2015-09-30",
        "pretaxIncome": 423,
        "provisionforIncomeTaxes": 113,
        "revenue": 1151,
        "sgaExpense": 274,
        "totalOperatingExpense": 368,
        "totalOtherIncomeExpenseNet": 4
      }
    ],
    "symbol": "ICE"
  }
}