{
  "symbol": "NKE",
  "statement": "ic",
  "frequency": "quarterly",
  "timestamp": "2025-09-19T14:04:39.064116",
  "data": {
    "financials": [
      {
        "costOfGoodsSold": 6628,
        "dilutedAverageSharesOutstanding": 1477.4,
        "dilutedEPS": 0.1428,
        "ebit": 321,
        "grossIncome": 4469,
        "interestExpense": 68,
        "interestIncomeExpense": -78,
        "netIncome": 211,
        "netIncomeAfterTaxes": 211,
        "period": "2025-05-31",
        "pretaxIncome": 318,
        "provisionforIncomeTaxes": 107,
        "revenue": 11097,
        "sgaExpense": 4148,
        "totalOperatingExpense": 4148,
        "totalOtherIncomeExpenseNet": 75
      },
      {
        "costOfGoodsSold": 6594,
        "dilutedAverageSharesOutstanding": 1480.6,
        "dilutedEPS": 0.5363,
        "ebit": 788,
        "grossIncome": 4675,
        "interestExpense": 79,
        "interestIncomeExpense": -35,
        "netIncome": 794,
        "netIncomeAfterTaxes": 794,
        "period": "2025-02-28",
        "pretaxIncome": 844,
        "provisionforIncomeTaxes": 50,
        "revenue": 11269,
        "sgaExpense": 3887,
        "totalOperatingExpense": 3887,
        "totalOtherIncomeExpenseNet": 91
      },
      {
        "costOfGoodsSold": 6965,
        "dilutedAverageSharesOutstanding": 1490,
        "dilutedEPS": 0.7805,
        "ebit": 1384,
        "grossIncome": 5389,
        "interestExpense": 73,
        "interestIncomeExpense": 1,
        "netIncome": 1163,
        "netIncomeAfterTaxes": 1163,
        "period": "2024-11-30",
        "pretaxIncome": 1416,
        "provisionforIncomeTaxes": 253,
        "revenue": 12354,
        "sgaExpense": 4005,
        "totalOperatingExpense": 4005,
        "totalOtherIncomeExpenseNet": 31
      },
      {
        "costOfGoodsSold": 6332,
        "dilutedAverageSharesOutstanding": 1502,
        "dilutedEPS": 0.6997,
        "ebit": 1209,
        "grossIncome": 5257,
        "interestExpense": 77,
        "interestIncomeExpense": 31,
        "netIncome": 1051,
        "netIncomeAfterTaxes": 1051,
        "period": "2024-08-31",
        "pretaxIncome": 1307,
        "provisionforIncomeTaxes": 256,
        "revenue": 11589,
        "sgaExpense": 4048,
        "totalOperatingExpense": 4048,
        "totalOtherIncomeExpenseNet": 67
      },
      {
        "costOfGoodsSold": 6972,
        "dilutedAverageSharesOutstanding": 1516.8,
        "dilutedEPS": 0.9889,
        "ebit": 1925,
        "grossIncome": 5634,
        "interestExpense": 73,
        "interestIncomeExpense": 71,
        "netIncome": 1500,
        "netIncomeAfterTaxes": 1500,
        "nonRecurringItems": -379,
        "period": "2024-05-31",
        "pretaxIncome": 1726,
        "provisionforIncomeTaxes": 226,
        "revenue": 12606,
        "sgaExpense": 3709,
        "totalOperatingExpense": 3709,
        "totalOtherIncomeExpenseNet": 109
      },
      {
        "costOfGoodsSold": 6867,
        "dilutedAverageSharesOutstanding": 1526.5,
        "dilutedEPS": 0.7678,
        "ebit": 1336,
        "grossIncome": 5562,
        "interestExpense": 61,
        "interestIncomeExpense": 36,
        "netIncome": 1172,
        "netIncomeAfterTaxes": 1172,
        "period": "2024-02-29",
        "pretaxIncome": 1404,
        "provisionforIncomeTaxes": 232,
        "revenue": 12429,
        "sgaExpense": 4226,
        "totalOperatingExpense": 4226,
        "totalOtherIncomeExpenseNet": 32
      },
      {
        "costOfGoodsSold": 7417,
        "dilutedAverageSharesOutstanding": 1532.1,
        "dilutedEPS": 1.03,
        "ebit": 1825,
        "grossIncome": 5971,
        "interestExpense": 70,
        "interestIncomeExpense": -15,
        "netIncome": 1578,
        "netIncomeAfterTaxes": 1578,
        "period": "2023-11-30",
        "pretaxIncome": 1922,
        "provisionforIncomeTaxes": 344,
        "revenue": 13388,
        "sgaExpense": 4146,
        "totalOperatingExpense": 4146,
        "totalOtherIncomeExpenseNet": 112
      },
      {
        "costOfGoodsSold": 7219,
        "dilutedAverageSharesOutstanding": 1543,
        "dilutedEPS": 0.94,
        "ebit": 1604,
        "grossIncome": 5720,
        "interestExpense": 65,
        "interestIncomeExpense": -31,
        "netIncome": 1450,
        "netIncomeAfterTaxes": 1450,
        "period": "2023-08-31",
        "pretaxIncome": 1648,
        "provisionforIncomeTaxes": 198,
        "revenue": 12939,
        "sgaExpense": 4116,
        "totalOperatingExpense": 4116,
        "totalOtherIncomeExpenseNet": 75
      },
      {
        "costOfGoodsSold": 7230,
        "dilutedAverageSharesOutstanding": 1556,
        "dilutedEPS": 0.66,
        "ebit": 1221,
        "grossIncome": 5595,
        "interestExpense": 73,
        "interestIncomeExpense": 28,
        "netIncome": 1031,
        "netIncomeAfterTaxes": 1031,
        "period": "2023-05-31",
        "pretaxIncome": 1246,
        "provisionforIncomeTaxes": 215,
        "revenue": 12825,
        "sgaExpense": 4374,
        "totalOperatingExpense": 4374,
        "totalOtherIncomeExpenseNet": -3
      },
      {
        "costOfGoodsSold": 7019,
        "dilutedAverageSharesOutstanding": 1565,
        "dilutedEPS": 0.79,
        "ebit": 1412,
        "grossIncome": 5371,
        "interestExpense": 76,
        "interestIncomeExpense": 7,
        "netIncome": 1240,
        "netIncomeAfterTaxes": 1240,
        "period": "2023-02-28",
        "pretaxIncome": 1477,
        "provisionforIncomeTaxes": 237,
        "revenue": 12390,
        "sgaExpense": 3959,
        "totalOperatingExpense": 3959,
        "totalOtherIncomeExpenseNet": 58
      },
      {
        "costOfGoodsSold": 7604,
        "dilutedAverageSharesOutstanding": 1572,
        "dilutedEPS": 0.85,
        "ebit": 1587,
        "grossIncome": 5711,
        "interestExpense": 65,
        "interestIncomeExpense": -16,
        "netIncome": 1331,
        "netIncomeAfterTaxes": 1331,
        "period": "2022-11-30",
        "pretaxIncome": 1650,
        "provisionforIncomeTaxes": 319,
        "revenue": 13315,
        "sgaExpense": 4124,
        "totalOperatingExpense": 4124,
        "totalOtherIncomeExpenseNet": 79
      },
      {
        "costOfGoodsSold": 7072,
        "dilutedAverageSharesOutstanding": 1586,
        "dilutedEPS": 0.93,
        "ebit": 1695,
        "grossIncome": 5615,
        "interestExpense": 78,
        "interestIncomeExpense": -13,
        "netIncome": 1468,
        "netIncomeAfterTaxes": 1468,
        "period": "2022-08-31",
        "pretaxIncome": 1828,
        "provisionforIncomeTaxes": 360,
        "revenue": 12687,
        "sgaExpense": 3920,
        "totalOperatingExpense": 3920,
        "totalOtherIncomeExpenseNet": 146
      },
      {
        "costOfGoodsSold": 6731,
        "dilutedAverageSharesOutstanding": 1596,
        "dilutedEPS": 0.9,
        "ebit": 1468,
        "grossIncome": 5503,
        "interestExpense": 77,
        "interestIncomeExpense": -40,
        "netIncome": 1439,
        "netIncomeAfterTaxes": 1439,
        "period": "2022-05-31",
        "pretaxIncome": 1374,
        "provisionforIncomeTaxes": -65,
        "revenue": 12234,
        "sgaExpense": 4035,
        "totalOperatingExpense": 4035,
        "totalOtherIncomeExpenseNet": -54
      },
      {
        "costOfGoodsSold": 5804,
        "dilutedAverageSharesOutstanding": 1611,
        "dilutedEPS": 0.87,
        "ebit": 1629,
        "grossIncome": 5067,
        "interestExpense": 75,
        "interestIncomeExpense": -53,
        "netIncome": 1396,
        "netIncomeAfterTaxes": 1396,
        "period": "2022-02-28",
        "pretaxIncome": 1670,
        "provisionforIncomeTaxes": 274,
        "revenue": 10871,
        "sgaExpense": 3438,
        "totalOperatingExpense": 3438,
        "totalOtherIncomeExpenseNet": 94
      },
      {
        "costOfGoodsSold": 6144,
        "dilutedAverageSharesOutstanding": 1617,
        "dilutedEPS": 0.83,
        "ebit": 1454,
        "grossIncome": 5213,
        "interestExpense": 73,
        "interestIncomeExpense": -55,
        "netIncome": 1337,
        "netIncomeAfterTaxes": 1337,
        "period": "2021-11-30",
        "pretaxIncome": 1501,
        "provisionforIncomeTaxes": 164,
        "revenue": 11357,
        "sgaExpense": 3759,
        "totalOperatingExpense": 3759,
        "totalOtherIncomeExpenseNet": 102
      },
      {
        "costOfGoodsSold": 6552,
        "dilutedAverageSharesOutstanding": 1620,
        "dilutedEPS": 1.16,
        "ebit": 2124,
        "grossIncome": 5696,
        "interestExpense": 74,
        "interestIncomeExpense": -57,
        "netIncome": 1874,
        "netIncomeAfterTaxes": 1874,
        "period": "2021-08-31",
        "pretaxIncome": 2106,
        "provisionforIncomeTaxes": 232,
        "revenue": 12248,
        "sgaExpense": 3572,
        "totalOperatingExpense": 3572,
        "totalOtherIncomeExpenseNet": 39
      },
      {
        "costOfGoodsSold": 6690,
        "dilutedAverageSharesOutstanding": 1616,
        "dilutedEPS": 0.93,
        "ebit": 1958,
        "grossIncome": 5654,
        "interestExpense": 76,
        "interestIncomeExpense": -63,
        "netIncome": 1509,
        "netIncomeAfterTaxes": 1509,
        "nonRecurringItems": -42,
        "period": "2021-05-31",
        "pretaxIncome": 1854,
        "provisionforIncomeTaxes": 345,
        "revenue": 12344,
        "sgaExpense": 3696,
        "totalOperatingExpense": 3696,
        "totalOtherIncomeExpenseNet": 1
      },
      {
        "costOfGoodsSold": 5632,
        "dilutedAverageSharesOutstanding": 1617,
        "dilutedEPS": 0.9,
        "ebit": 1707,
        "grossIncome": 4725,
        "interestExpense": 72,
        "interestIncomeExpense": -64,
        "netIncome": 1449,
        "netIncomeAfterTaxes": 1449,
        "nonRecurringItems": -35,
        "period": "2021-02-28",
        "pretaxIncome": 1636,
        "provisionforIncomeTaxes": 187,
        "revenue": 10357,
        "sgaExpense": 3018,
        "totalOperatingExpense": 3018,
        "totalOtherIncomeExpenseNet": 28
      },
      {
        "costOfGoodsSold": 6366,
        "dilutedAverageSharesOutstanding": 1610,
        "dilutedEPS": 0.78,
        "ebit": 1717,
        "grossIncome": 4877,
        "interestExpense": 76,
        "interestIncomeExpense": -70,
        "netIncome": 1251,
        "netIncomeAfterTaxes": 1251,
        "nonRecurringItems": -184,
        "period": "2020-11-30",
        "pretaxIncome": 1456,
        "provisionforIncomeTaxes": 205,
        "revenue": 11243,
        "sgaExpense": 3160,
        "totalOperatingExpense": 3160,
        "totalOtherIncomeExpenseNet": -7
      },
      {
        "costOfGoodsSold": 5853,
        "dilutedAverageSharesOutstanding": 1593,
        "dilutedEPS": 0.95,
        "ebit": 1804,
        "grossIncome": 4741,
        "interestExpense": 72,
        "interestIncomeExpense": -65,
        "netIncome": 1518,
        "netIncomeAfterTaxes": 1518,
        "nonRecurringItems": -38,
        "period": "2020-08-31",
        "pretaxIncome": 1715,
        "provisionforIncomeTaxes": 197,
        "revenue": 10594,
        "sgaExpense": 2937,
        "totalOperatingExpense": 2937,
        "totalOtherIncomeExpenseNet": 14
      },
      {
        "costOfGoodsSold": 3960,
        "dilutedAverageSharesOutstanding": 1556,
        "dilutedEPS": -0.51,
        "ebit": -838,
        "grossIncome": 2353,
        "interestExpense": 61,
        "interestIncomeExpense": 41,
        "netIncome": -790,
        "netIncomeAfterTaxes": -790,
        "nonRecurringItems": -5,
        "period": "2020-05-31",
        "pretaxIncome": -804,
        "provisionforIncomeTaxes": -14,
        "revenue": 6313,
        "sgaExpense": 3191,
        "totalOperatingExpense": 3191,
        "totalOtherIncomeExpenseNet": -2
      },
      {
        "costOfGoodsSold": 5631,
        "dilutedAverageSharesOutstanding": 1592,
        "dilutedEPS": 0.53,
        "ebit": 1190,
        "grossIncome": 4473,
        "interestExpense": 28,
        "interestIncomeExpense": -2,
        "netIncome": 847,
        "netIncomeAfterTaxes": 847,
        "nonRecurringItems": -400,
        "period": "2020-02-29",
        "pretaxIncome": 881,
        "provisionforIncomeTaxes": 34,
        "revenue": 10104,
        "sgaExpense": 3283,
        "totalOperatingExpense": 3283,
        "totalOtherIncomeExpenseNet": 93
      },
      {
        "costOfGoodsSold": 5782,
        "dilutedAverageSharesOutstanding": 1594,
        "dilutedEPS": 0.7,
        "ebit": 1220,
        "grossIncome": 4544,
        "interestExpense": 26,
        "interestIncomeExpense": -37,
        "netIncome": 1115,
        "netIncomeAfterTaxes": 1115,
        "period": "2019-11-30",
        "pretaxIncome": 1249,
        "provisionforIncomeTaxes": 134,
        "revenue": 10326,
        "sgaExpense": 3324,
        "totalOperatingExpense": 3324,
        "totalOtherIncomeExpenseNet": 66
      },
      {
        "costOfGoodsSold": 5789,
        "dilutedAverageSharesOutstanding": 1598,
        "dilutedEPS": 0.86,
        "ebit": 1543,
        "grossIncome": 4871,
        "interestExpense": 36,
        "interestIncomeExpense": -16,
        "netIncome": 1367,
        "netIncomeAfterTaxes": 1367,
        "period": "2019-08-31",
        "pretaxIncome": 1561,
        "provisionforIncomeTaxes": 194,
        "revenue": 10660,
        "sgaExpense": 3328,
        "totalOperatingExpense": 3328,
        "totalOtherIncomeExpenseNet": 34
      },
      {
        "costOfGoodsSold": 5551,
        "dilutedAverageSharesOutstanding": 1608,
        "dilutedEPS": 0.62,
        "ebit": 1227,
        "grossIncome": 4633,
        "interestExpense": 34,
        "interestIncomeExpense": 30,
        "netIncome": 989,
        "netIncomeAfterTaxes": 989,
        "period": "2019-05-31",
        "pretaxIncome": 1243,
        "provisionforIncomeTaxes": 254,
        "revenue": 10184,
        "sgaExpense": 3406,
        "totalOperatingExpense": 3406,
        "totalOtherIncomeExpenseNet": -14
      },
      {
        "costOfGoodsSold": 5272,
        "dilutedAverageSharesOutstanding": 1610,
        "dilutedEPS": 0.68,
        "ebit": 1248,
        "grossIncome": 4339,
        "interestExpense": 32,
        "interestIncomeExpense": -73,
        "netIncome": 1101,
        "netIncomeAfterTaxes": 1101,
        "period": "2019-02-28",
        "pretaxIncome": 1291,
        "provisionforIncomeTaxes": 190,
        "revenue": 9611,
        "sgaExpense": 3091,
        "totalOperatingExpense": 3091,
        "totalOtherIncomeExpenseNet": 116
      },
      {
        "costOfGoodsSold": 5269,
        "dilutedAverageSharesOutstanding": 1621,
        "dilutedEPS": 0.52,
        "ebit": 963,
        "grossIncome": 4105,
        "interestExpense": 34,
        "interestIncomeExpense": 66,
        "netIncome": 847,
        "netIncomeAfterTaxes": 847,
        "period": "2018-11-30",
        "pretaxIncome": 997,
        "provisionforIncomeTaxes": 150,
        "revenue": 9374,
        "sgaExpense": 3142,
        "totalOperatingExpense": 3142,
        "totalOtherIncomeExpenseNet": -32
      },
      {
        "costOfGoodsSold": 5551,
        "dilutedAverageSharesOutstanding": 1634,
        "dilutedEPS": 0.67,
        "ebit": 1334,
        "grossIncome": 4397,
        "interestExpense": 31,
        "interestIncomeExpense": 101,
        "netIncome": 1092,
        "netIncomeAfterTaxes": 1092,
        "period": "2018-08-31",
        "pretaxIncome": 1270,
        "provisionforIncomeTaxes": 178,
        "revenue": 9948,
        "sgaExpense": 3063,
        "totalOperatingExpense": 3063,
        "totalOtherIncomeExpenseNet": -165
      },
      {
        "costOfGoodsSold": 5411,
        "dilutedAverageSharesOutstanding": 1639,
        "dilutedEPS": 0.69,
        "ebit": 1258,
        "grossIncome": 4378,
        "interestExpense": 46,
        "interestIncomeExpense": 200,
        "netIncome": 1137,
        "netIncomeAfterTaxes": 1053,
        "period": "2018-05-31",
        "pretaxIncome": 1215,
        "provisionforIncomeTaxes": 162,
        "revenue": 9789,
        "sgaExpense": 3120,
        "totalOperatingExpense": 3120,
        "totalOtherIncomeExpenseNet": -243
      },
      {
        "costOfGoodsSold": 5046,
        "dilutedAverageSharesOutstanding": 1624,
        "dilutedEPS": -0.56,
        "ebit": 1171,
        "grossIncome": 3938,
        "interestExpense": 25,
        "interestIncomeExpense": -113,
        "netIncome": -921,
        "netIncomeAfterTaxes": 1196,
        "period": "2018-02-28",
        "pretaxIncome": 1159,
        "provisionforIncomeTaxes": -37,
        "revenue": 8984,
        "sgaExpense": 2767,
        "totalOperatingExpense": 2767,
        "totalOtherIncomeExpenseNet": 101
      },
      {
        "costOfGoodsSold": 4876,
        "dilutedAverageSharesOutstanding": 1661,
        "dilutedEPS": 0.46,
        "ebit": 910,
        "grossIncome": 3678,
        "interestExpense": 26,
        "interestIncomeExpense": 9,
        "netIncome": 767,
        "netIncomeAfterTaxes": 767,
        "period": "2017-11-30",
        "pretaxIncome": 879,
        "provisionforIncomeTaxes": 112,
        "revenue": 8554,
        "sgaExpense": 2768,
        "totalOperatingExpense": 2768,
        "totalOtherIncomeExpenseNet": -40
      },
      {
        "costOfGoodsSold": 5108,
        "dilutedAverageSharesOutstanding": 1677,
        "dilutedEPS": 0.57,
        "ebit": 1106,
        "grossIncome": 3962,
        "interestExpense": 27,
        "interestIncomeExpense": -211,
        "netIncome": 950,
        "netIncomeAfterTaxes": 950,
        "period": "2017-08-31",
        "pretaxIncome": 1072,
        "provisionforIncomeTaxes": 122,
        "revenue": 9070,
        "sgaExpense": 2856,
        "totalOperatingExpense": 2856,
        "totalOtherIncomeExpenseNet": 177
      },
      {
        "costOfGoodsSold": 4854,
        "dilutedAverageSharesOutstanding": 1679,
        "dilutedEPS": 0.6,
        "ebit": 1158,
        "grossIncome": 3823,
        "interestExpense": 26,
        "interestIncomeExpense": -105,
        "netIncome": 1008,
        "netIncomeAfterTaxes": 1008,
        "period": "2017-05-31",
        "pretaxIncome": 1168,
        "provisionforIncomeTaxes": 160,
        "revenue": 8677,
        "sgaExpense": 2665,
        "totalOperatingExpense": 2665,
        "totalOtherIncomeExpenseNet": 115
      },
      {
        "costOfGoodsSold": 4682,
        "dilutedAverageSharesOutstanding": 1686,
        "dilutedEPS": 0.68,
        "ebit": 1254,
        "grossIncome": 3750,
        "interestExpense": 25,
        "interestIncomeExpense": -19,
        "netIncome": 1141,
        "netIncomeAfterTaxes": 1141,
        "period": "2017-02-28",
        "pretaxIncome": 1323,
        "provisionforIncomeTaxes": 182,
        "revenue": 8432,
        "sgaExpense": 2496,
        "totalOperatingExpense": 2496,
        "totalOtherIncomeExpenseNet": 88
      },
      {
        "costOfGoodsSold": 4564,
        "dilutedAverageSharesOutstanding": 1693,
        "dilutedEPS": 0.5,
        "ebit": 1111,
        "grossIncome": 3616,
        "interestExpense": 20,
        "interestIncomeExpense": 220,
        "netIncome": 842,
        "netIncomeAfterTaxes": 842,
        "period": "2016-11-30",
        "pretaxIncome": 1114,
        "provisionforIncomeTaxes": 272,
        "revenue": 8180,
        "sgaExpense": 2505,
        "totalOperatingExpense": 2505,
        "totalOtherIncomeExpenseNet": -217
      },
      {
        "costOfGoodsSold": 4938,
        "dilutedAverageSharesOutstanding": 1709,
        "dilutedEPS": 0.73,
        "ebit": 1226,
        "grossIncome": 4123,
        "interestExpense": 11,
        "interestIncomeExpense": -2,
        "netIncome": 1249,
        "netIncomeAfterTaxes": 1249,
        "period": "2016-08-31",
        "pretaxIncome": 1281,
        "provisionforIncomeTaxes": 32,
        "revenue": 9061,
        "sgaExpense": 2897,
        "totalOperatingExpense": 2897,
        "totalOtherIncomeExpenseNet": 57
      },
      {
        "costOfGoodsSold": 4458,
        "dilutedAverageSharesOutstanding": 1725,
        "dilutedEPS": 0.49,
        "ebit": 1020,
        "grossIncome": 3786,
        "interestIncomeExpense": -30,
        "netIncome": 846,
        "netIncomeAfterTaxes": 846,
        "period": "2016-05-31",
        "pretaxIncome": 1073,
        "provisionforIncomeTaxes": 227,
        "revenue": 8244,
        "sgaExpense": 2766,
        "totalOperatingExpense": 2766,
        "totalOtherIncomeExpenseNet": 83
      },
      {
        "costOfGoodsSold": 4343,
        "dilutedAverageSharesOutstanding": 1737,
        "dilutedEPS": 0.55,
        "ebit": 1123,
        "grossIncome": 3689,
        "interestIncomeExpense": 35,
        "netIncome": 950,
        "netIncomeAfterTaxes": 950,
        "period": "2016-02-29",
        "pretaxIncome": 1135,
        "provisionforIncomeTaxes": 185,
        "revenue": 8032,
        "sgaExpense": 2566,
        "totalOperatingExpense": 2566,
        "totalOtherIncomeExpenseNet": -23
      },
      {
        "costOfGoodsSold": 4185,
        "dilutedAverageSharesOutstanding": 1751,
        "dilutedEPS": 0.45,
        "ebit": 941,
        "grossIncome": 3501,
        "interestIncomeExpense": 97,
        "netIncome": 785,
        "netIncomeAfterTaxes": 785,
        "period": "2015-11-30",
        "pretaxIncome": 970,
        "provisionforIncomeTaxes": 185,
        "revenue": 7686,
        "sgaExpense": 2560,
        "totalOperatingExpense": 2560,
        "totalOtherIncomeExpenseNet": -68
      },
      {
        "costOfGoodsSold": 4419,
        "dilutedAverageSharesOutstanding": 1755,
        "dilutedEPS": 0.67,
        "ebit": 1418,
        "grossIncome": 3995,
        "interestIncomeExpense": -2,
        "netIncome": 1179,
        "netIncomeAfterTaxes": 1179,
        "period": "2015-08-31",
        "pretaxIncome": 1445,
        "provisionforIncomeTaxes": 266,
        "revenue": 8414,
        "sgaExpense": 2577,
        "totalOperatingExpense": 2577,
        "totalOtherIncomeExpenseNet": 29
      }
    ],
    "symbol": "NKE"
  }
}