{
  "symbol": "IDXX",
  "statement": "ic",
  "frequency": "annual",
  "timestamp": "2025-09-19T14:01:55.394042",
  "data": {
    "financials": [
      {
        "costOfGoodsSold": 1518.577,
        "dilutedAverageSharesOutstanding": 83.246,
        "dilutedEPS": 10.6656,
        "ebit": 1132.837,
        "grossIncome": 2378.927,
        "interestExpense": 31.205,
        "interestIncomeExpense": -23.006,
        "netIncome": 887.867,
        "netIncomeAfterTaxes": 887.867,
        "period": "2024-12-31",
        "pretaxIncome": 1109.831,
        "provisionforIncomeTaxes": 221.964,
        "researchDevelopment": 219.792,
        "revenue": 3897.504,
        "sgaExpense": 1026.298,
        "totalOperatingExpense": 1246.09,
        "year": 2024
      },
      {
        "costOfGoodsSold": 1470.983,
        "dilutedAverageSharesOutstanding": 83.978,
        "dilutedEPS": 10.0627,
        "ebit": 1098.228,
        "grossIncome": 2189.97,
        "interestExpense": 41.581,
        "interestIncomeExpense": -37.052,
        "minorityInterest": 0,
        "netIncome": 845.042,
        "netIncomeAfterTaxes": 845.042,
        "period": "2023-12-31",
        "pretaxIncome": 1061.176,
        "provisionforIncomeTaxes": 216.134,
        "researchDevelopment": 190.951,
        "revenue": 3660.953,
        "sgaExpense": 900.791,
        "totalOperatingExpense": 1091.742,
        "year": 2023
      },
      {
        "costOfGoodsSold": 1363,
        "dilutedAverageSharesOutstanding": 84.6,
        "dilutedEPS": 8.03,
        "ebit": 902.2,
        "grossIncome": 2004.3,
        "interestExpense": 39.858,
        "interestIncomeExpense": -42.2,
        "minorityInterest": 0,
        "netIncome": 679.1,
        "netIncomeAfterTaxes": 679.1,
        "period": "2022-12-31",
        "pretaxIncome": 860,
        "provisionforIncomeTaxes": 180.9,
        "researchDevelopment": 254.8,
        "revenue": 3367.3,
        "sgaExpense": 847.4,
        "totalOperatingExpense": 1102.2,
        "year": 2022
      },
      {
        "costOfGoodsSold": 1325.9,
        "dilutedAverageSharesOutstanding": 86.6,
        "dilutedEPS": 8.6,
        "ebit": 934.1,
        "grossIncome": 1889.4,
        "interestExpense": 29.808,
        "interestIncomeExpense": -31.5,
        "minorityInterest": 0,
        "netIncome": 744.8,
        "netIncomeAfterTaxes": 744.8,
        "period": "2021-12-31",
        "pretaxIncome": 902.7,
        "provisionforIncomeTaxes": 157.8,
        "researchDevelopment": 161,
        "revenue": 3215.4,
        "sgaExpense": 794.3,
        "totalOperatingExpense": 955.3,
        "year": 2021
      },
      {
        "costOfGoodsSold": 1135.6,
        "dilutedAverageSharesOutstanding": 86.7,
        "dilutedEPS": 6.71,
        "ebit": 695.1,
        "grossIncome": 1571,
        "interestExpense": 33.125,
        "interestIncomeExpense": -33.1,
        "minorityInterest": -0.4,
        "netIncome": 581.8,
        "netIncomeAfterTaxes": 582.1,
        "period": "2020-12-31",
        "pretaxIncome": 662,
        "provisionforIncomeTaxes": 79.9,
        "researchDevelopment": 141.2,
        "revenue": 2706.7,
        "sgaExpense": 734.7,
        "totalOperatingExpense": 875.9,
        "year": 2020
      },
      {
        "costOfGoodsSold": 1041.4,
        "dilutedAverageSharesOutstanding": 87.5,
        "dilutedEPS": 4.89,
        "ebit": 553.9,
        "grossIncome": 1365.5,
        "interestExpense": 31.055,
        "interestIncomeExpense": -31.7,
        "minorityInterest": -0.1,
        "netIncome": 427.7,
        "netIncomeAfterTaxes": 427.8,
        "period": "2019-12-31",
        "pretaxIncome": 522.2,
        "provisionforIncomeTaxes": 94.4,
        "researchDevelopment": 133.2,
        "revenue": 2406.9,
        "sgaExpense": 678.4,
        "totalOperatingExpense": 811.6,
        "year": 2019
      },
      {
        "costOfGoodsSold": 971.7,
        "dilutedAverageSharesOutstanding": 88.5,
        "dilutedEPS": 4.25,
        "ebit": 497,
        "grossIncome": 1241.5,
        "interestExpense": 34.744,
        "interestIncomeExpense": -36.7,
        "minorityInterest": 0,
        "netIncome": 377,
        "netIncomeAfterTaxes": 379.1,
        "nonRecurringItems": -2.6,
        "period": "2018-12-31",
        "pretaxIncome": 457.7,
        "provisionforIncomeTaxes": 78.6,
        "researchDevelopment": 117.9,
        "revenue": 2213.2,
        "sgaExpense": 626.6,
        "totalOperatingExpense": 744.5,
        "year": 2018
      },
      {
        "costOfGoodsSold": 871.7,
        "dilutedAverageSharesOutstanding": 89.6,
        "dilutedEPS": 2.93,
        "ebit": 414.1,
        "grossIncome": 1097.4,
        "interestExpense": 37.225,
        "interestIncomeExpense": -33.1,
        "minorityInterest": -0.1,
        "netIncome": 263.1,
        "netIncomeAfterTaxes": 294.3,
        "nonRecurringItems": 0,
        "period": "2017-12-31",
        "pretaxIncome": 381.1,
        "provisionforIncomeTaxes": 86.8,
        "researchDevelopment": 109.2,
        "revenue": 1969.1,
        "sgaExpense": 574.1,
        "totalOperatingExpense": 683.2,
        "year": 2017
      },
      {
        "costOfGoodsSold": 800,
        "dilutedAverageSharesOutstanding": 90.9,
        "dilutedEPS": 2.44,
        "ebit": 351.5,
        "grossIncome": 975.4,
        "interestExpense": 32.049,
        "interestIncomeExpense": -29.7,
        "minorityInterest": 0,
        "netIncome": 222,
        "netIncomeAfterTaxes": 222.1,
        "period": "2016-12-31",
        "pretaxIncome": 321.8,
        "provisionforIncomeTaxes": 99.8,
        "researchDevelopment": 101.1,
        "revenue": 1775.4,
        "sgaExpense": 522.8,
        "totalOperatingExpense": 623.9,
        "year": 2016
      },
      {
        "costOfGoodsSold": 711.6,
        "dilutedAverageSharesOutstanding": 93.6,
        "dilutedEPS": 2.05,
        "ebit": 308.1,
        "grossIncome": 890.3,
        "interestExpense": 29.239,
        "interestIncomeExpense": -26.8,
        "minorityInterest": -0.1,
        "netIncome": 192.1,
        "netIncomeAfterTaxes": 192.1,
        "nonRecurringItems": -8.2,
        "period": "2015-12-31",
        "pretaxIncome": 273.1,
        "provisionforIncomeTaxes": 81,
        "researchDevelopment": 99.7,
        "revenue": 1601.9,
        "sgaExpense": 482.5,
        "totalOperatingExpense": 582.2,
        "year": 2015
      }
    ],
    "symbol": "IDXX"
  }
}