{
  "symbol": "AON",
  "statement": "ic",
  "frequency": "annual",
  "timestamp": "2025-09-19T13:56:04.218527",
  "data": {
    "financials": [
      {
        "costOfGoodsSold": 8283,
        "depreciationAmortization": 686,
        "dilutedAverageSharesOutstanding": 212.5,
        "dilutedEPS": 12.4894,
        "ebit": 4224,
        "grossIncome": 7415,
        "interestExpense": 788,
        "interestIncomeExpense": -655,
        "minorityInterest": -66,
        "netIncome": 2654,
        "netIncomeAfterTaxes": 2720,
        "nonRecurringItems": -59,
        "period": "2024-12-31",
        "pretaxIncome": 3462,
        "provisionforIncomeTaxes": 742,
        "revenue": 15698,
        "sgaExpense": 2505,
        "totalOperatingExpense": 3191,
        "totalOtherIncomeExpenseNet": -48,
        "year": 2024
      },
      {
        "costOfGoodsSold": 6902,
        "depreciationAmortization": 256,
        "dilutedAverageSharesOutstanding": 205,
        "dilutedEPS": 12.5073,
        "ebit": 4117,
        "grossIncome": 6474,
        "interestExpense": 484,
        "interestIncomeExpense": -522,
        "minorityInterest": -64,
        "netIncome": 2564,
        "netIncomeAfterTaxes": 2628,
        "nonRecurringItems": -328,
        "period": "2023-12-31",
        "pretaxIncome": 3169,
        "provisionforIncomeTaxes": 541,
        "revenue": 13376,
        "sgaExpense": 2101,
        "totalOperatingExpense": 2357,
        "totalOtherIncomeExpenseNet": -98,
        "year": 2023
      },
      {
        "depreciationAmortization": 264,
        "dilutedAverageSharesOutstanding": 213,
        "dilutedEPS": 12.14,
        "ebit": 3669,
        "interestExpense": 406,
        "interestIncomeExpense": -388,
        "minorityInterest": -57,
        "netIncome": 2589,
        "netIncomeAfterTaxes": 2646,
        "nonRecurringItems": 54,
        "period": "2022-12-31",
        "pretaxIncome": 3156,
        "provisionforIncomeTaxes": 510,
        "revenue": 12479,
        "sgaExpense": 8546,
        "totalOperatingExpense": 8810,
        "totalOtherIncomeExpenseNet": -179,
        "year": 2022
      },
      {
        "depreciationAmortization": 326,
        "dilutedAverageSharesOutstanding": 226,
        "dilutedEPS": 5.55,
        "ebit": 2090,
        "interestExpense": 322,
        "interestIncomeExpense": -322,
        "minorityInterest": -53,
        "netIncome": 1255,
        "netIncomeAfterTaxes": 1308,
        "nonRecurringItems": 142,
        "period": "2021-12-31",
        "pretaxIncome": 1931,
        "provisionforIncomeTaxes": 623,
        "revenue": 12193,
        "sgaExpense": 9777,
        "totalOperatingExpense": 10103,
        "totalOtherIncomeExpenseNet": 21,
        "year": 2021
      },
      {
        "depreciationAmortization": 413,
        "dilutedAverageSharesOutstanding": 233,
        "dilutedEPS": 8.44,
        "ebit": 2781,
        "interestExpense": 334,
        "interestIncomeExpense": -347,
        "minorityInterest": -49,
        "netIncome": 1969,
        "netIncomeAfterTaxes": 2017,
        "nonRecurringItems": 18,
        "period": "2020-12-31",
        "pretaxIncome": 2465,
        "provisionforIncomeTaxes": 448,
        "revenue": 11066,
        "sgaExpense": 7872,
        "totalOperatingExpense": 8285,
        "totalOtherIncomeExpenseNet": 13,
        "year": 2020
      },
      {
        "depreciationAmortization": 550,
        "dilutedAverageSharesOutstanding": 241,
        "dilutedEPS": 6.37,
        "ebit": 2620,
        "interestExpense": 307,
        "interestIncomeExpense": -320,
        "minorityInterest": -41,
        "netIncome": 1532,
        "netIncomeAfterTaxes": 1574,
        "nonRecurringItems": -438,
        "period": "2019-12-31",
        "pretaxIncome": 1871,
        "provisionforIncomeTaxes": 297,
        "revenue": 11013,
        "sgaExpense": 7843,
        "totalOperatingExpense": 8393,
        "totalOtherIncomeExpenseNet": 9,
        "year": 2019
      },
      {
        "depreciationAmortization": 580,
        "dilutedAverageSharesOutstanding": 247,
        "dilutedEPS": 4.59,
        "ebit": 2205,
        "interestExpense": 278,
        "interestIncomeExpense": -293,
        "minorityInterest": -40,
        "netIncome": 1134,
        "netIncomeAfterTaxes": 1188,
        "nonRecurringItems": -667,
        "period": "2018-12-31",
        "pretaxIncome": 1246,
        "provisionforIncomeTaxes": 58,
        "revenue": 10770,
        "sgaExpense": 7985,
        "totalOperatingExpense": 8565,
        "totalOtherIncomeExpenseNet": 1,
        "year": 2018
      },
      {
        "depreciationAmortization": 511,
        "dilutedAverageSharesOutstanding": 261,
        "dilutedEPS": 4.69,
        "ebit": 1445,
        "interestExpense": 282,
        "interestIncomeExpense": -278,
        "minorityInterest": -37,
        "netIncome": 1226,
        "netIncomeAfterTaxes": 780,
        "nonRecurringItems": -396,
        "period": "2017-12-31",
        "pretaxIncome": 685,
        "provisionforIncomeTaxes": -95,
        "revenue": 9998,
        "sgaExpense": 8042,
        "totalOperatingExpense": 8553,
        "totalOtherIncomeExpenseNet": -86,
        "year": 2017
      },
      {
        "depreciationAmortization": 319,
        "dilutedAverageSharesOutstanding": 270,
        "dilutedEPS": 5.17,
        "ebit": 1811,
        "interestExpense": 282,
        "interestIncomeExpense": -276,
        "minorityInterest": -34,
        "netIncome": 1396,
        "netIncomeAfterTaxes": 1253,
        "nonRecurringItems": 39,
        "period": "2016-12-31",
        "pretaxIncome": 1401,
        "provisionforIncomeTaxes": 148,
        "revenue": 9409,
        "sgaExpense": 7279,
        "totalOperatingExpense": 7598,
        "totalOtherIncomeExpenseNet": -173,
        "year": 2016
      },
      {
        "depreciationAmortization": 337,
        "dilutedAverageSharesOutstanding": 284,
        "dilutedEPS": 4.87,
        "ebit": 1587,
        "interestExpense": 273,
        "interestIncomeExpense": -240,
        "minorityInterest": -37,
        "netIncome": 1385,
        "netIncomeAfterTaxes": 1253,
        "nonRecurringItems": 82,
        "period": "2015-12-31",
        "pretaxIncome": 1428,
        "provisionforIncomeTaxes": 175,
        "revenue": 9480,
        "sgaExpense": 7556,
        "totalOperatingExpense": 7893,
        "totalOtherIncomeExpenseNet": -1,
        "year": 2015
      }
    ],
    "symbol": "AON"
  }
}