{
  "symbol": "SYK",
  "statement": "ic",
  "frequency": "quarterly",
  "timestamp": "2025-09-19T14:07:01.314316",
  "data": {
    "financials": [
      {
        "costOfGoodsSold": 2153,
        "depreciationAmortization": 187,
        "dilutedAverageSharesOutstanding": 386.4,
        "dilutedEPS": 2.29,
        "ebit": 1293,
        "grossIncome": 3869,
        "netIncome": 884,
        "netIncomeAfterTaxes": 884,
        "nonRecurringItems": -180,
        "period": "2025-06-30",
        "pretaxIncome": 1016,
        "provisionforIncomeTaxes": 132,
        "researchDevelopment": 396,
        "revenue": 6022,
        "sgaExpense": 1993,
        "totalOperatingExpense": 2576,
        "totalOtherIncomeExpenseNet": -97
      },
      {
        "costOfGoodsSold": 2055,
        "depreciationAmortization": 167,
        "dilutedAverageSharesOutstanding": 386.4,
        "dilutedEPS": 1.69,
        "ebit": 1143,
        "grossIncome": 3811,
        "interestIncomeExpense": 38,
        "netIncome": 654,
        "netIncomeAfterTaxes": 654,
        "nonRecurringItems": -306,
        "period": "2025-03-31",
        "pretaxIncome": 764,
        "provisionforIncomeTaxes": 110,
        "researchDevelopment": 393,
        "revenue": 5866,
        "sgaExpense": 2108,
        "totalOperatingExpense": 2668,
        "totalOtherIncomeExpenseNet": -111
      },
      {
        "costOfGoodsSold": 2240,
        "depreciationAmortization": 156,
        "dilutedAverageSharesOutstanding": 386.2,
        "dilutedEPS": 1.41,
        "ebit": 1670,
        "grossIncome": 4196,
        "interestIncomeExpense": 47,
        "netIncome": 546,
        "netIncomeAfterTaxes": 546,
        "nonRecurringItems": -1089,
        "period": "2024-12-31",
        "pretaxIncome": 528,
        "provisionforIncomeTaxes": -18,
        "researchDevelopment": 342,
        "revenue": 6436,
        "sgaExpense": 2028,
        "totalOperatingExpense": 2526,
        "totalOtherIncomeExpenseNet": -100
      },
      {
        "costOfGoodsSold": 1979,
        "depreciationAmortization": 159,
        "dilutedAverageSharesOutstanding": 385.6,
        "dilutedEPS": 2.16,
        "ebit": 1193,
        "grossIncome": 3515,
        "interestIncomeExpense": 30,
        "netIncome": 834,
        "netIncomeAfterTaxes": 834,
        "nonRecurringItems": -108,
        "period": "2024-09-30",
        "pretaxIncome": 1043,
        "provisionforIncomeTaxes": 209,
        "researchDevelopment": 364,
        "revenue": 5494,
        "sgaExpense": 1799,
        "totalOperatingExpense": 2322,
        "totalOtherIncomeExpenseNet": -72
      },
      {
        "costOfGoodsSold": 1951,
        "depreciationAmortization": 155,
        "dilutedAverageSharesOutstanding": 385.4,
        "dilutedEPS": 2.14,
        "ebit": 1184,
        "grossIncome": 3471,
        "interestIncomeExpense": 26,
        "netIncome": 825,
        "netIncomeAfterTaxes": 825,
        "nonRecurringItems": -133,
        "period": "2024-06-30",
        "pretaxIncome": 998,
        "provisionforIncomeTaxes": 173,
        "researchDevelopment": 352,
        "revenue": 5422,
        "sgaExpense": 1780,
        "totalOperatingExpense": 2287,
        "totalOtherIncomeExpenseNet": -79
      },
      {
        "costOfGoodsSold": 1906,
        "depreciationAmortization": 153,
        "dilutedAverageSharesOutstanding": 385.1,
        "dilutedEPS": 2.05,
        "ebit": 999,
        "grossIncome": 3337,
        "interestIncomeExpense": 36,
        "netIncome": 788,
        "netIncomeAfterTaxes": 788,
        "nonRecurringItems": -27,
        "period": "2024-03-31",
        "pretaxIncome": 923,
        "provisionforIncomeTaxes": 135,
        "researchDevelopment": 356,
        "revenue": 5243,
        "sgaExpense": 1829,
        "totalOperatingExpense": 2338,
        "totalOtherIncomeExpenseNet": -85
      },
      {
        "costOfGoodsSold": 2102,
        "depreciationAmortization": 149,
        "dilutedAverageSharesOutstanding": 383.7,
        "dilutedEPS": 2.98,
        "ebit": 1466,
        "grossIncome": 3713,
        "interestIncomeExpense": 35,
        "netIncome": 1143,
        "netIncomeAfterTaxes": 1143,
        "nonRecurringItems": -209,
        "period": "2023-12-31",
        "pretaxIncome": 1226,
        "provisionforIncomeTaxes": 83,
        "researchDevelopment": 329,
        "revenue": 5815,
        "sgaExpense": 1769,
        "totalOperatingExpense": 2247,
        "totalOtherIncomeExpenseNet": -66
      },
      {
        "costOfGoodsSold": 1731,
        "depreciationAmortization": 164,
        "dilutedAverageSharesOutstanding": 384,
        "dilutedEPS": 1.8,
        "ebit": 1003,
        "grossIncome": 3178,
        "interestIncomeExpense": 15,
        "netIncome": 692,
        "netIncomeAfterTaxes": 692,
        "nonRecurringItems": -72,
        "period": "2023-09-30",
        "pretaxIncome": 869,
        "provisionforIncomeTaxes": 177,
        "researchDevelopment": 335,
        "revenue": 4909,
        "sgaExpense": 1676,
        "totalOperatingExpense": 2175,
        "totalOtherIncomeExpenseNet": -77
      },
      {
        "costOfGoodsSold": 1806,
        "depreciationAmortization": 161,
        "dilutedAverageSharesOutstanding": 383.9,
        "dilutedEPS": 1.92,
        "ebit": 1059,
        "grossIncome": 3190,
        "interestIncomeExpense": 11,
        "netIncome": 738,
        "netIncomeAfterTaxes": 738,
        "nonRecurringItems": -94,
        "period": "2023-06-30",
        "pretaxIncome": 899,
        "provisionforIncomeTaxes": 161,
        "researchDevelopment": 319,
        "revenue": 4996,
        "sgaExpense": 1651,
        "totalOperatingExpense": 2131,
        "totalOtherIncomeExpenseNet": -77
      },
      {
        "costOfGoodsSold": 1760,
        "depreciationAmortization": 161,
        "dilutedAverageSharesOutstanding": 383.2,
        "dilutedEPS": 1.54,
        "ebit": 847,
        "grossIncome": 3018,
        "interestIncomeExpense": 14,
        "netIncome": 592,
        "netIncomeAfterTaxes": 592,
        "nonRecurringItems": -112,
        "period": "2023-03-31",
        "pretaxIncome": 679,
        "provisionforIncomeTaxes": 87,
        "researchDevelopment": 311,
        "revenue": 4778,
        "sgaExpense": 1699,
        "totalOperatingExpense": 2171,
        "totalOtherIncomeExpenseNet": -70
      },
      {
        "costOfGoodsSold": 1939,
        "depreciationAmortization": 158,
        "dilutedAverageSharesOutstanding": 382.2,
        "dilutedEPS": 1.47,
        "ebit": 1228,
        "grossIncome": 3263,
        "interestIncomeExpense": 33,
        "netIncome": 563,
        "netIncomeAfterTaxes": 563,
        "nonRecurringItems": -414,
        "period": "2022-12-31",
        "pretaxIncome": 761,
        "provisionforIncomeTaxes": 198,
        "researchDevelopment": 284,
        "revenue": 5202,
        "sgaExpense": 1593,
        "totalOperatingExpense": 2035,
        "totalOtherIncomeExpenseNet": -86
      },
      {
        "costOfGoodsSold": 1677,
        "depreciationAmortization": 159,
        "dilutedAverageSharesOutstanding": 381.8,
        "dilutedEPS": 2.14,
        "ebit": 842,
        "grossIncome": 2802,
        "interestIncomeExpense": 26,
        "netIncome": 816,
        "netIncomeAfterTaxes": 816,
        "nonRecurringItems": -34,
        "period": "2022-09-30",
        "pretaxIncome": 816,
        "provisionforIncomeTaxes": 0,
        "researchDevelopment": 317,
        "revenue": 4479,
        "sgaExpense": 1484,
        "totalOperatingExpense": 1960,
        "totalOtherIncomeExpenseNet": -18
      },
      {
        "costOfGoodsSold": 1657,
        "depreciationAmortization": 160,
        "dilutedAverageSharesOutstanding": 382.2,
        "dilutedEPS": 1.72,
        "ebit": 896,
        "grossIncome": 2836,
        "interestIncomeExpense": 20,
        "netIncome": 656,
        "netIncomeAfterTaxes": 656,
        "nonRecurringItems": -124,
        "period": "2022-06-30",
        "pretaxIncome": 720,
        "provisionforIncomeTaxes": 64,
        "researchDevelopment": 323,
        "revenue": 4493,
        "sgaExpense": 1457,
        "totalOperatingExpense": 1940,
        "totalOtherIncomeExpenseNet": -72
      },
      {
        "costOfGoodsSold": 1539,
        "depreciationAmortization": 150,
        "dilutedAverageSharesOutstanding": 382.7,
        "dilutedEPS": 0.84,
        "ebit": 779,
        "grossIncome": 2736,
        "interestIncomeExpense": 15,
        "netIncome": 323,
        "netIncomeAfterTaxes": 323,
        "nonRecurringItems": -332,
        "period": "2022-03-31",
        "pretaxIncome": 386,
        "provisionforIncomeTaxes": 63,
        "researchDevelopment": 306,
        "revenue": 4275,
        "sgaExpense": 1501,
        "totalOperatingExpense": 1957,
        "totalOtherIncomeExpenseNet": -76
      },
      {
        "costOfGoodsSold": 1645,
        "depreciationAmortization": 145,
        "dilutedAverageSharesOutstanding": 382.3,
        "dilutedEPS": 1.73,
        "ebit": 1109,
        "grossIncome": 3056,
        "interestIncomeExpense": 18,
        "netIncome": 662,
        "netIncomeAfterTaxes": 662,
        "nonRecurringItems": -294,
        "period": "2021-12-31",
        "pretaxIncome": 757,
        "provisionforIncomeTaxes": 95,
        "researchDevelopment": 299,
        "revenue": 4701,
        "sgaExpense": 1503,
        "totalOperatingExpense": 1947,
        "totalOtherIncomeExpenseNet": -76
      },
      {
        "costOfGoodsSold": 1497,
        "depreciationAmortization": 144,
        "dilutedAverageSharesOutstanding": 382.7,
        "dilutedEPS": 1.14,
        "ebit": 820,
        "grossIncome": 2663,
        "interestIncomeExpense": 15,
        "netIncome": 438,
        "netIncomeAfterTaxes": 438,
        "nonRecurringItems": -246,
        "period": "2021-09-30",
        "pretaxIncome": 495,
        "provisionforIncomeTaxes": 57,
        "researchDevelopment": 280,
        "revenue": 4160,
        "sgaExpense": 1419,
        "totalOperatingExpense": 1843,
        "totalOtherIncomeExpenseNet": -94
      },
      {
        "costOfGoodsSold": 1520,
        "depreciationAmortization": 149,
        "dilutedAverageSharesOutstanding": 382.3,
        "dilutedEPS": 1.55,
        "ebit": 905,
        "grossIncome": 2774,
        "interestIncomeExpense": 18,
        "netIncome": 592,
        "netIncomeAfterTaxes": 592,
        "nonRecurringItems": -176,
        "period": "2021-06-30",
        "pretaxIncome": 662,
        "provisionforIncomeTaxes": 70,
        "researchDevelopment": 284,
        "revenue": 4294,
        "sgaExpense": 1436,
        "totalOperatingExpense": 1869,
        "totalOtherIncomeExpenseNet": -85
      },
      {
        "costOfGoodsSold": 1445,
        "depreciationAmortization": 181,
        "dilutedAverageSharesOutstanding": 381.7,
        "dilutedEPS": 0.79,
        "ebit": 667,
        "grossIncome": 2508,
        "interestIncomeExpense": 17,
        "netIncome": 302,
        "netIncomeAfterTaxes": 302,
        "nonRecurringItems": -197,
        "period": "2021-03-31",
        "pretaxIncome": 367,
        "provisionforIncomeTaxes": 65,
        "researchDevelopment": 270,
        "revenue": 3953,
        "sgaExpense": 1390,
        "totalOperatingExpense": 1841,
        "totalOtherIncomeExpenseNet": -120
      },
      {
        "costOfGoodsSold": 1528,
        "depreciationAmortization": 130,
        "dilutedAverageSharesOutstanding": 381.2,
        "dilutedEPS": 1.49,
        "ebit": 1056,
        "grossIncome": 2734,
        "interestIncomeExpense": 18,
        "netIncome": 568,
        "netIncomeAfterTaxes": 568,
        "nonRecurringItems": -307,
        "period": "2020-12-31",
        "pretaxIncome": 671,
        "provisionforIncomeTaxes": 103,
        "researchDevelopment": 255,
        "revenue": 4262,
        "sgaExpense": 1293,
        "totalOperatingExpense": 1678,
        "totalOtherIncomeExpenseNet": -96
      },
      {
        "costOfGoodsSold": 1276,
        "depreciationAmortization": 114,
        "dilutedAverageSharesOutstanding": 380.2,
        "dilutedEPS": 1.63,
        "ebit": 919,
        "grossIncome": 2461,
        "interestIncomeExpense": 19,
        "netIncome": 621,
        "netIncomeAfterTaxes": 621,
        "nonRecurringItems": -60,
        "period": "2020-09-30",
        "pretaxIncome": 780,
        "provisionforIncomeTaxes": 159,
        "researchDevelopment": 242,
        "revenue": 3737,
        "sgaExpense": 1186,
        "totalOperatingExpense": 1542,
        "totalOtherIncomeExpenseNet": -98
      },
      {
        "costOfGoodsSold": 1184,
        "depreciationAmortization": 110,
        "dilutedAverageSharesOutstanding": 375.5,
        "dilutedEPS": -0.22,
        "ebit": 211,
        "grossIncome": 1580,
        "interestIncomeExpense": 25,
        "netIncome": -83,
        "netIncomeAfterTaxes": -83,
        "nonRecurringItems": -231,
        "period": "2020-06-30",
        "pretaxIncome": -87,
        "provisionforIncomeTaxes": -4,
        "researchDevelopment": 233,
        "revenue": 2764,
        "sgaExpense": 1026,
        "totalOperatingExpense": 1369,
        "totalOtherIncomeExpenseNet": -92
      },
      {
        "costOfGoodsSold": 1253,
        "depreciationAmortization": 118,
        "dilutedAverageSharesOutstanding": 379.7,
        "dilutedEPS": 1.3,
        "ebit": 713,
        "grossIncome": 2335,
        "interestIncomeExpense": 40,
        "netIncome": 493,
        "netIncomeAfterTaxes": 493,
        "nonRecurringItems": -78,
        "period": "2020-03-31",
        "pretaxIncome": 590,
        "provisionforIncomeTaxes": 97,
        "researchDevelopment": 254,
        "revenue": 3588,
        "sgaExpense": 1250,
        "totalOperatingExpense": 1622,
        "totalOtherIncomeExpenseNet": -85
      },
      {
        "costOfGoodsSold": 1411,
        "depreciationAmortization": 112,
        "dilutedAverageSharesOutstanding": 380.2,
        "dilutedEPS": 1.91,
        "ebit": 1018,
        "grossIncome": 2720,
        "interestIncomeExpense": 56,
        "netIncome": 725,
        "netIncomeAfterTaxes": 725,
        "nonRecurringItems": -74,
        "period": "2019-12-31",
        "pretaxIncome": 936,
        "provisionforIncomeTaxes": 211,
        "researchDevelopment": 254,
        "revenue": 4131,
        "sgaExpense": 1336,
        "totalOperatingExpense": 1702,
        "totalOtherIncomeExpenseNet": -64
      },
      {
        "costOfGoodsSold": 1247,
        "depreciationAmortization": 116,
        "dilutedAverageSharesOutstanding": 380.3,
        "dilutedEPS": 1.23,
        "ebit": 764,
        "grossIncome": 2340,
        "interestIncomeExpense": 37,
        "netIncome": 466,
        "netIncomeAfterTaxes": 466,
        "nonRecurringItems": -136,
        "period": "2019-09-30",
        "pretaxIncome": 581,
        "provisionforIncomeTaxes": 115,
        "researchDevelopment": 246,
        "revenue": 3587,
        "sgaExpense": 1214,
        "totalOperatingExpense": 1576,
        "totalOtherIncomeExpenseNet": -84
      },
      {
        "costOfGoodsSold": 1264,
        "depreciationAmortization": 122,
        "dilutedAverageSharesOutstanding": 379.5,
        "dilutedEPS": 1.26,
        "ebit": 796,
        "grossIncome": 2386,
        "interestIncomeExpense": 32,
        "netIncome": 480,
        "netIncomeAfterTaxes": 480,
        "nonRecurringItems": -183,
        "period": "2019-06-30",
        "pretaxIncome": 565,
        "provisionforIncomeTaxes": 85,
        "researchDevelopment": 246,
        "revenue": 3650,
        "sgaExpense": 1222,
        "totalOperatingExpense": 1590,
        "totalOtherIncomeExpenseNet": -80
      },
      {
        "costOfGoodsSold": 1228,
        "depreciationAmortization": 114,
        "dilutedAverageSharesOutstanding": 379.3,
        "dilutedEPS": 1.09,
        "ebit": 737,
        "grossIncome": 2288,
        "interestIncomeExpense": 37,
        "netIncome": 412,
        "netIncomeAfterTaxes": 412,
        "nonRecurringItems": -209,
        "period": "2019-03-31",
        "pretaxIncome": 480,
        "provisionforIncomeTaxes": 68,
        "researchDevelopment": 225,
        "revenue": 3516,
        "sgaExpense": 1212,
        "totalOperatingExpense": 1551,
        "totalOtherIncomeExpenseNet": -85
      },
      {
        "costOfGoodsSold": 1322,
        "depreciationAmortization": 93,
        "dilutedAverageSharesOutstanding": 380,
        "dilutedEPS": 5.44,
        "ebit": 929,
        "grossIncome": 2474,
        "interestIncomeExpense": 43,
        "netIncome": 2068,
        "netIncomeAfterTaxes": 509,
        "nonRecurringItems": -231,
        "period": "2018-12-31",
        "pretaxIncome": 657,
        "provisionforIncomeTaxes": 148,
        "researchDevelopment": 221,
        "revenue": 3796,
        "sgaExpense": 1231,
        "totalOperatingExpense": 1545,
        "totalOtherIncomeExpenseNet": -84
      },
      {
        "costOfGoodsSold": 1083,
        "depreciationAmortization": 112,
        "dilutedAverageSharesOutstanding": 380.2,
        "dilutedEPS": 1.55,
        "ebit": 704,
        "grossIncome": 2159,
        "interestIncomeExpense": 28,
        "netIncome": 590,
        "netIncomeAfterTaxes": 590,
        "nonRecurringItems": -128,
        "period": "2018-09-30",
        "pretaxIncome": 534,
        "provisionforIncomeTaxes": -56,
        "researchDevelopment": 221,
        "revenue": 3242,
        "sgaExpense": 1122,
        "totalOperatingExpense": 1455,
        "totalOtherIncomeExpenseNet": -70
      },
      {
        "costOfGoodsSold": 1132,
        "depreciationAmortization": 110,
        "dilutedAverageSharesOutstanding": 380.1,
        "dilutedEPS": 1.19,
        "ebit": 738,
        "grossIncome": 2190,
        "interestIncomeExpense": 29,
        "netIncome": 452,
        "netIncomeAfterTaxes": 452,
        "nonRecurringItems": -66,
        "period": "2018-06-30",
        "pretaxIncome": 623,
        "provisionforIncomeTaxes": 171,
        "researchDevelopment": 216,
        "revenue": 3322,
        "sgaExpense": 1126,
        "totalOperatingExpense": 1452,
        "totalOtherIncomeExpenseNet": -78
      },
      {
        "costOfGoodsSold": 1099,
        "depreciationAmortization": 102,
        "dilutedAverageSharesOutstanding": 380.7,
        "dilutedEPS": 1.16,
        "ebit": 701,
        "grossIncome": 2142,
        "interestIncomeExpense": 25,
        "netIncome": 443,
        "netIncomeAfterTaxes": 443,
        "nonRecurringItems": -110,
        "period": "2018-03-31",
        "pretaxIncome": 542,
        "provisionforIncomeTaxes": 99,
        "researchDevelopment": 204,
        "revenue": 3241,
        "sgaExpense": 1135,
        "totalOperatingExpense": 1441,
        "totalOtherIncomeExpenseNet": -74
      },
      {
        "costOfGoodsSold": 1185,
        "depreciationAmortization": 96,
        "dilutedAverageSharesOutstanding": 374.6,
        "dilutedEPS": -0.66,
        "ebit": 822,
        "grossIncome": 2286,
        "interestIncomeExpense": 25,
        "netIncome": -249,
        "netIncomeAfterTaxes": 584,
        "nonRecurringItems": -108,
        "period": "2017-12-31",
        "pretaxIncome": 649,
        "provisionforIncomeTaxes": 65,
        "researchDevelopment": 205,
        "revenue": 3471,
        "sgaExpense": 1163,
        "totalOperatingExpense": 1464,
        "totalOtherIncomeExpenseNet": -90
      },
      {
        "costOfGoodsSold": 1018,
        "depreciationAmortization": 92,
        "dilutedAverageSharesOutstanding": 380.2,
        "dilutedEPS": 1.14,
        "ebit": 639,
        "grossIncome": 1988,
        "interestIncomeExpense": 17,
        "netIncome": 434,
        "netIncomeAfterTaxes": 434,
        "nonRecurringItems": -111,
        "period": "2017-09-30",
        "pretaxIncome": 471,
        "provisionforIncomeTaxes": 37,
        "researchDevelopment": 198,
        "revenue": 3006,
        "sgaExpense": 1059,
        "totalOperatingExpense": 1349,
        "totalOtherIncomeExpenseNet": -74
      },
      {
        "costOfGoodsSold": 1016,
        "depreciationAmortization": 95,
        "dilutedAverageSharesOutstanding": 379.8,
        "dilutedEPS": 1.03,
        "ebit": 656,
        "grossIncome": 1996,
        "interestIncomeExpense": 16,
        "netIncome": 391,
        "netIncomeAfterTaxes": 391,
        "nonRecurringItems": -155,
        "period": "2017-06-30",
        "pretaxIncome": 444,
        "provisionforIncomeTaxes": 53,
        "researchDevelopment": 192,
        "revenue": 3012,
        "sgaExpense": 1053,
        "totalOperatingExpense": 1340,
        "totalOtherIncomeExpenseNet": -73
      },
      {
        "costOfGoodsSold": 988,
        "depreciationAmortization": 88,
        "dilutedAverageSharesOutstanding": 379.3,
        "dilutedEPS": 1.17,
        "ebit": 628,
        "grossIncome": 1967,
        "interestIncomeExpense": 11,
        "netIncome": 444,
        "netIncomeAfterTaxes": 444,
        "nonRecurringItems": -74,
        "period": "2017-03-31",
        "pretaxIncome": 499,
        "provisionforIncomeTaxes": 55,
        "researchDevelopment": 192,
        "revenue": 2955,
        "sgaExpense": 1059,
        "totalOperatingExpense": 1339,
        "totalOtherIncomeExpenseNet": -66
      },
      {
        "costOfGoodsSold": 1054,
        "depreciationAmortization": 89,
        "dilutedAverageSharesOutstanding": 379.1,
        "dilutedEPS": 1.35,
        "ebit": 794,
        "grossIncome": 2103,
        "interestIncomeExpense": 34,
        "netIncome": 510,
        "netIncomeAfterTaxes": 510,
        "nonRecurringItems": -124,
        "period": "2016-12-31",
        "pretaxIncome": 588,
        "provisionforIncomeTaxes": 78,
        "researchDevelopment": 189,
        "revenue": 3157,
        "sgaExpense": 1031,
        "totalOperatingExpense": 1309,
        "totalOtherIncomeExpenseNet": -116
      },
      {
        "costOfGoodsSold": 958,
        "depreciationAmortization": 89,
        "dilutedAverageSharesOutstanding": 379,
        "dilutedEPS": 0.94,
        "ebit": 615,
        "grossIncome": 1875,
        "interestIncomeExpense": -5,
        "netIncome": 355,
        "netIncomeAfterTaxes": 355,
        "nonRecurringItems": -129,
        "period": "2016-09-30",
        "pretaxIncome": 419,
        "provisionforIncomeTaxes": 64,
        "researchDevelopment": 184,
        "revenue": 2833,
        "sgaExpense": 987,
        "totalOperatingExpense": 1260,
        "totalOtherIncomeExpenseNet": -62
      },
      {
        "costOfGoodsSold": 996,
        "depreciationAmortization": 88,
        "dilutedAverageSharesOutstanding": 378.5,
        "dilutedEPS": 1,
        "ebit": 581,
        "grossIncome": 1844,
        "interestIncomeExpense": -6,
        "netIncome": 380,
        "netIncomeAfterTaxes": 380,
        "nonRecurringItems": -81,
        "period": "2016-06-30",
        "pretaxIncome": 433,
        "provisionforIncomeTaxes": 53,
        "researchDevelopment": 183,
        "revenue": 2840,
        "sgaExpense": 992,
        "totalOperatingExpense": 1263,
        "totalOtherIncomeExpenseNet": -61
      },
      {
        "costOfGoodsSold": 798,
        "depreciationAmortization": 53,
        "dilutedAverageSharesOutstanding": 377.4,
        "dilutedEPS": 1.07,
        "ebit": 551,
        "grossIncome": 1697,
        "interestIncomeExpense": -4,
        "netIncome": 402,
        "netIncomeAfterTaxes": 402,
        "nonRecurringItems": -32,
        "period": "2016-03-31",
        "pretaxIncome": 481,
        "provisionforIncomeTaxes": 79,
        "researchDevelopment": 159,
        "revenue": 2495,
        "sgaExpense": 934,
        "totalOperatingExpense": 1146,
        "totalOtherIncomeExpenseNet": -34
      },
      {
        "costOfGoodsSold": 895,
        "depreciationAmortization": 58,
        "dilutedAverageSharesOutstanding": 378.2,
        "dilutedEPS": 1.38,
        "ebit": 683,
        "grossIncome": 1820,
        "interestIncomeExpense": 17,
        "netIncome": 522,
        "netIncomeAfterTaxes": 522,
        "nonRecurringItems": -35,
        "period": "2015-12-31",
        "pretaxIncome": 612,
        "provisionforIncomeTaxes": 90,
        "researchDevelopment": 164,
        "revenue": 2715,
        "sgaExpense": 915,
        "totalOperatingExpense": 1137,
        "totalOtherIncomeExpenseNet": -53
      },
      {
        "costOfGoodsSold": 794,
        "depreciationAmortization": 54,
        "dilutedAverageSharesOutstanding": 380.7,
        "dilutedEPS": 0.79,
        "ebit": 555,
        "grossIncome": 1626,
        "netIncome": 301,
        "netIncomeAfterTaxes": 301,
        "nonRecurringItems": -177,
        "period": "2015-09-30",
        "pretaxIncome": 345,
        "provisionforIncomeTaxes": 44,
        "researchDevelopment": 155,
        "revenue": 2420,
        "sgaExpense": 862,
        "totalOperatingExpense": 1071,
        "totalOtherIncomeExpenseNet": -33
      }
    ],
    "symbol": "SYK"
  }
}